4220 6124
402 376 474 450 328
796 375 978 442 EPISTULA
1007 375 1059 440 AD
1086 374 1466 448 THESSALONICENSES
1492 377 1514 446 1.

400 593 469 666 est,
510 573 602 652 “nee
635 591 842 675 quaerentes
876 583 921 654 ab
953 582 1148 654 hominibus
1181 585 1343 676 gloriam,
1370 605 1485 678 neque
1517 605 1539 655 a
1570 584 1672 656 vobis
1697 605 1813 679 neque
1835 585 1879 656 ab

383 702 491 787 ¹aliis,
526 724 603 773 cum
638 701 812 795 possimus
847 703 945 772 oneri
980 724 1061 774 esse
1093 713 1130 774 ut
1157 703 1279 776 Christi
1310 705 1475 799 apostoli:
1518 697 1616 775 'sed
1647 705 1726 776 laeti
1760 727 1880 778 sumus

266 917 273 928 ·
399 822 532 918 parvuli
563 823 596 892 in
628 821 745 894 medio
776 831 946 907 vestrum,
981 833 1154 916 tamquam
1189 823 1219 894 si
1249 825 1365 896 nutrix
1396 827 1514 896 loveat
1546 823 1634 896 lilios
1660 845 1762 910 suos,
1805 818 1881 896 ⁸ita

400 942 640 1014 desiderantes
665 965 731 1013 vos
756 941 883 1036 cupide
908 942 1114 1015 volebamus
1140 943 1279 1016 tradere
1304 945 1407 1017 vobis
1433 967 1503 1016 non
1530 946 1642 1016 solum
1660 947 1879 1038 evangelium

399 1063 456 1135 dei
474 1063 538 1135 sed
555 1063 657 1133 etiam
676 1063 807 1133 animas
824 1071 972 1147 nostras,
1001 1063 1163 1156 quoniam
1182 1031 1348 1136 carissimi
1374 1065 1476 1136 nobis
1499 1064 1579 1136 lacti
1603 1064 1694 1136 estis.
1729 1055 1792 1110 W)
1805 1067 1878 1138 hle-

398 1205 515 1256 mores
542 1181 633 1254 en'nn
660 1182 752 1266 ostie,
780 1183 911 1266 iratres,
939 1183 1098 1254 laborem
1124 1193 1281 1256 nostrum
1308 1195 1342 1256 et
1367 1185 1620 1278 fatigationem:
1648 1195 1751 1256 noete
1769 1195 1805 1256 et
1822 1186 1879 1258 die

399 1313 600 1398 operantes,
634 1324 680 1374 ne
707 1323 812 1395 quern
838 1313 991 1374 vestrum
1018 1325 1261 1395 gravaremus,
1289 1305 1567 1398 praedicavimus
1593 1305 1695 1376 vohis
1723 1327 1877 1398 evauge-

397 1425 477 1496 lium
496 1424 562 1497 dei.
606 1416 632 1460 ⁴⁰
644 1423 715 1493 Vos
739 1423 834 1494 testis
860 1424 943 1494 estis
970 1434 1004 1494 et
1030 1423 1127 1508 dene,
1155 1444 1259 1516 mam
1285 1434 1405 1498 sancte
1431 1435 1467 1496 et
1491 1425 1579 1496 iuste
1607 1433 1642 1494 et
1667 1425 1742 1496 sine
1769 1447 1877 1520 quae-

397 1545 480 1616 rella
507 1545 609 1615 vohis
636 1544 694 1635 qui
726 1541 919 1614 credidistis
951 1543 1092 1628 brimus,
1131 1535 1154 1580 ⁴¹
1175 1543 1264 1614 sieut
1295 1545 1389 1616 scitis
1424 1546 1567 1638 qualiter
1599 1567 1878 1640 unumquemque

396 1675 550 1738 vestrum
577 1673 752 1756 tamquam
778 1673 877 1756 pater
903 1661 992 1734 lilios
1017 1685 1102 1735 suos
1129 1657 1381 1758 depraecantes
1402 1686 1468 1735 vos
1486 1675 1521 1736 et
1539 1666 1760 1740 consolantes
1785 1659 1876 1738 '’te-

397 1784 530 1856 stificati
556 1805 674 1854 sumus
700 1793 737 1854 nt
762 1783 983 1854 ambularetis
1010 1761 1114 1876 digne
1140 1783 1208 1854 deo
1237 1784 1294 1876 qui
1319 1784 1459 1855 vocavit
1482 1805 1546 1855 vos
1564 1783 1715 1856 insnum
1733 1807 1876 1878 regnum

397 1915 434 1974 et
459 1903 612 1996 gloriam.
664 1896 790 1974 ⁴³1oeo
818 1913 853 1974 et
877 1924 943 1974 nos
969 1903 1097 1995 gratias
1124 1904 1258 1996 aginam
1285 1903 1354 1974 deo
1382 1904 1455 1976 sine
1482 1902 1751 1990 intermissione,
1786 1929 1875 2000 quo-

396 2025 490 2096 niam
517 2046 594 2095 cum
628 2025 849 2118 accepissetis
876 2023 1024 2094 anobis
1058 2023 1204 2094 verbum
1239 2023 1377 2094 auditus
1412 2023 1488 2108 dei,
1524 2021 1706 2115 accepistis
1739 2047 1810 2098 non
1840 2037 1876 2098 ut

399 2146 546 2216 verbum
571 2145 757 2229 hominum,
785 2143 851 2216 sed
877 2144 965 2215 sicut
990 2151 1045 2214 est
1070 2164 1156 2214 vere
1183 2143 1327 2214 verbum
1354 2143 1420 2229 dei,
1447 2143 1504 2236 qui
1531 2153 1697 2237 operatur
1720 2147 1754 2216 in
1775 2147 1876 2218 vobis

398 2266 457 2358 qui
483 2264 686 2338 credidistis.
738 2253 765 2301 ¹⁵
777 2255 809 2310 (Ἰ)
827 2264 898 2336 Vos
924 2263 1013 2334 enim
1039 2264 1228 2335 imitatores
1253 2264 1332 2335 iacti
1359 2264 1458 2349 estis,
1484 2265 1623 2349 fratres,
1651 2266 1875 2338 ecclesiarum

398 2385 457 2458 dei
483 2407 572 2479 quae
599 2386 735 2456 suntin
760 2384 888 2456 Iudaea
914 2383 949 2454 in
975 2383 1108 2456 Christo
1134 2384 1228 2468 lesu,
1262 2384 1341 2476 quia
1368 2384 1495 2456 eadem
1520 2384 1616 2478 passi
1642 2385 1725 2456 estis
1751 2397 1786 2458 et
1810 2407 1876 2457 vos

398 2527 420 2577 a
446 2505 690 2578 contribulibus
716 2509 842 2577 vestris
867 2503 954 2575 sicut
979 2513 1014 2574 et
1040 2504 1107 2597 ipsi
1134 2525 1155 2574 a
1180 2503 1331 2587 ludaeis,
1369 2495 1401 2539 '⁴⁵
1418 2503 1476 2596 qui
1506 2514 1542 2575 et
1571 2503 1747 2576 dominum
1780 2507 1875 2578 ocei-

399 2625 522 2698 derunt
546 2627 658 2696 lesum
687 2634 722 2696 et
746 2623 951 2718 prophetas,
988 2633 1024 2694 et
1048 2645 1114 2696 nos
1140 2623 1314 2717 persecuti
1339 2633 1431 2710 sunt,
1467 2635 1504 2696 et
1535 2624 1604 2696 deo
1637 2647 1707 2696 non
1739 2627 1877 2720 placent

399 2757 435 2816 et
460 2745 619 2816 omnibus
645 2743 840 2816 hominibus
868 2743 1112 2828 adversantur,
1151 2733 1178 2778 ⁴⁰
1194 2742 1417 2837 prohibentes
1443 2767 1508 2818 nos
1535 2745 1694 2838 gentibus
1719 2745 1812 2839 loqui
1838 2757 1877 2817 ut

399 2867 518 2939 salvae
544 2864 642 2950 fiant,
675 2873 713 2936 ut
738 2865 902 2959 impleant
932 2879 1078 2959 peccata
1108 2885 1170 2934 sua
1204 2885 1363 2958 semper:
1398 2867 1576 2958 praevenit
1611 2866 1701 2936 enim
1733 2866 1784 2936 ira
1817 2865 1876 2938 dei

333 3059 341 3092 ἱ
398 3007 505 3080 super
530 2985 605 3056 illos
631 3006 742 3078 usque
768 2985 803 3056 in
827 2983 940 3056 finem.
980 2977 1006 3021 ⁴⁷
1019 2975 1055 3030 (Β)
1072 2984 1144 3055 Nos
1171 2993 1295 3068 autem,
1321 2979 1454 3072 iratres,
1482 2985 1627 3058 desolati
1654 3007 1676 3056 a
1701 2985 1801 3058 vobis
1828 2987 1876 3059 ad

397 3117 535 3200 tempus
560 3104 685 3191 horae,
721 3115 865 3199 aspectu
889 3127 960 3178 non
986 3093 1108 3190 odrde,
1144 3104 1372 3212 abundantius
1397 3107 1631 3178 festinavimus
1656 3105 1778 3178 faciem
1808 3129 1874 3178 ve-

398 3237 505 3300 stram
530 3225 652 3298 videre
678 3247 757 3295 cum
783 3225 890 3296 multo
916 3225 1111 3311 desiderio,
1155 3215 1357 3318 ¹⁸quouiam
1383 3227 1551 3298 voluimus
1576 3225 1695 3298 venire
1720 3225 1767 3298 ad
1797 3249 1873 3312 vos,

397 3369 466 3441 ego
493 3346 634 3440 quidem
651 3345 776 3417 Paulus
802 3355 837 3416 et
863 3345 971 3416 semel
997 3345 1181 3430 etiterum,
1209 3345 1274 3420 sed
1290 3345 1456 3438 inpedivit
1471 3367 1537 3418 nos
1555 3356 1702 3418 saeuas.
1736 3339 1762 3385 ¹⁹
1776 3349 1873 3433 Quae

397 3479 451 3540 est
476 3468 564 3538 enim
592 3475 711 3538 nostra
737 3486 819 3558 spes
846 3475 904 3536 aut
935 3464 1097 3557 gaudium
1124 3475 1182 3536 aut
1208 3487 1339 3538 corona
1371 3467 1526 3558 gloriae?
1564 3487 1679 3538 nonne
1704 3488 1768 3538 vos
1792 3477 1872 3538 ante

397 3589 573 3662 dominum
596 3595 753 3657 nostrum
779 3586 893 3656 lesum
920 3585 1003 3657 estis
1029 3585 1063 3656 in
1090 3585 1276 3658 adventum
1303 3585 1404 3656 eius?
1443 3579 1556 3656 ”vos
1580 3585 1670 3656 enim
1694 3587 1776 3660 estis
1793 3589 1870 3680 glo-

397 3709 447 3779 ria
472 3715 590 3779 nostra
617 3715 652 3775 et
677 3703 849 3796 gaudium.

1109 3979 1158 4049 lll.

473 4177 533 4235 “⁹³
552 4187 697 4280 Propter
729 4187 824 4278 quod
858 4205 927 4255 non
960 4184 1167 4254 sustinentes
1203 4185 1365 4280 amplius,
1399 4185 1523 4278 placuit
1555 4185 1656 4258 nobis
1690 4207 1871 4259 remanere

395 4308 538 4381 Athenis
578 4307 675 4392 solis,
718 4300 783 4376 ²et
822 4304 975 4376 misimus
1009 4303 1224 4374 Timotheum
1256 4307 1395 4376 fratrem
1427 4313 1582 4376 nostrum
1615 4317 1651 4377 et
1683 4307 1872 4378 ministrum

397 4429 454 4502 dei
488 4429 521 4500 in
553 4427 733 4520 evangelio
761 4424 883 4504 Christi
915 4423 961 4495 ad
994 4423 1249 4520 confirmandos
1281 4447 1347 4496 vos
1382 4435 1416 4496 et
1448 4425 1683 4498 exhortandos
1709 4447 1773 4520 pro
1799 4425 1871 4499 fide

365 4558 528 4634 ·vestra‚
573 4535 640 4618 ³ut
676 4567 780 4618 nemo
821 4554 1002 4616 moveatur
1035 4543 1070 4614 in
1105 4543 1375 4616 tribulationibus
1408 4546 1512 4618 istis..
1551 4547 1619 4640 lpsi
1653 4548 1743 4618 euim
1778 4548 1872 4620 scitis

396 4668 493 4764 quod
518 4670 553 4740 in
578 4667 646 4740 hoc
672 4667 775 4761 positi
799 4687 934 4738 sumus:
972 4655 1082 4736 ‘uam
1108 4673 1144 4734 et
1170 4686 1248 4736 cum
1275 4665 1368 4759 apud
1393 4689 1459 4738 vos
1486 4688 1660 4751 essemus,
1687 4665 1871 4759 praedice-

394 4791 518 4862 bamus
552 4789 653 4860 vobis
685 4809 851 4881 passuros
885 4807 949 4856 nos
982 4784 1234 4870 tribulationes,
1268 4787 1355 4857 sicut
1388 4795 1423 4858 et
1455 4789 1582 4858 lactum
1614 4797 1667 4858 est
1701 4795 1736 4856 et
1751 4841 1754 4848 ,
1768 4786 1871 4858 scitis.

392 4901 469 4955 ⁵⁰⁰)
487 4909 676 5003 Propterea
711 4917 850 5000 elego
891 4907 1035 4999 amplius
1074 4927 1143 4976 non
1183 4906 1352 4978 sustinens
1391 4906 1467 4976 misi
1507 4907 1553 4980 ad
1592 4905 1872 5000 cognoscendam

393 5029 498 5102 iidem
533 5039 704 5113 vestram,
739 5049 796 5098 ne·
814 5029 903 5098 torte
936 5025 1152 5126 temptaverit
1182 5047 1246 5097 vos
1276 5026 1395 5119 isqui
1425 5035 1583 5120 temptat,
1617 5037 1652 5100 et
1678 5025 1786 5098 inanis
1813 5023 1873 5096 liat

393 5150 493 5222 labor
525 5159 651 5222 noster.
703 5137 772 5194 “¹¹³
788 5148 884 5224 Nunc
918 5155 1033 5218 autem
1067 5146 1228 5218 veniente
1255 5147 1435 5218 Timotheo
1469 5146 1514 5219 ad
1547 5169 1611 5218 nos
1643 5169 1666 5218 a
1698 5145 1800 5217 vobis
1836 5155 1872 5216 et

981 5267 1017 5349 ll,
1046 5269 1067 5334 6
1099 5307 1144 5318 —
1172 5267 1220 5352 ΙΠ,
1250 5268 1282 5337 6.
