4146 6120
735 407 919 516 urlsruul
944 409 996 474 Ab
1023 407 1225 474 ueauluos
1651 403 1726 482 ³57

237 615 472 712 temptationis
498 615 533 684 in
560 614 718 700 deserto,
761 605 852 684 ”ubi
878 623 1136 706 temptaverunt
1160 633 1219 684 me
1243 621 1362 706 patres
1387 613 1513 698 uestri,
1550 615 1728 714 probare-

106 769 111 784 ·
236 749 314 808 runt
340 745 376 807 et
401 735 563 806 viderunt
589 755 698 828 opera
725 753 804 802 mea
831 733 1060 825 quadraginta
1087 732 1194 804 annis.
1239 726 1265 770 11
1277 732 1425 826 Propter
1451 734 1547 826 quod
1574 735 1728 810 infensus

236 857 282 926 lui
309 852 524 948 generationi
557 854 636 924 huic
668 863 704 924 at
737 851 811 924 dixi
842 853 991 946 Semper
1025 861 1140 923 errant
1171 851 1298 922 corde:
1332 853 1398 946 ipsi
1425 863 1540 924 autem
1567 874 1637 924 non
1664 877 1727 926 co-

236 984 430 1068 gnoverunt
454 974 531 1046 vias
557 993 672 1059 meas,
716 964 739 1008 11
760 972 846 1042 simu
872 971 981 1044 iuravi
1007 973 1041 1042 in
1067 973 1118 1043 ira
1144 993 1224 1042 mea
1252 971 1287 1042 Si
1313 969 1503 1042 introibunt
1519 973 1552 1042 in
1570 975 1725 1066 requiem
1757 997 1762 1004 ·

237 1113 362 1166 meam.
415 1082 491 1140 1111)
509 1093 649 1177 Videte,
685 1095 825 1175 iratres,
859 1113 904 1162 ne
936 1093 1025 1162 lorte
1052 1093 1096 1163 sit
1121 1092 1155 1161 in
1188 1091 1302 1183 aliquo
1328 1099 1483 1162 vestrum
1511 1113 1572 1163 cor
1600 1094 1725 1164 malum

237 1213 481 1286 incredulitatis
513 1211 719 1284 discedendi
752 1231 772 1281 a
804 1210 873 1282 deo
899 1211 997 1297 vivo,
1051 1204 1076 1248 11
1094 1211 1159 1282 sed
1193 1209 1424 1282 adhortamini
1457 1212 1726 1305 vosmetipsos
1835 1265 1839 1280 .

237 1355 302 1428 por
328 1333 483 1426 singulos
509 1333 605 1417 dies,
634 1331 750 1404 donec
774 1327 880 1401 hodie
907 1332 1178 1424 cognominatur,
1206 1340 1338 1402 utnon
1365 1331 1556 1402 obduretur
1573 1331 1651 1423 quis
1678 1353 1725 1404 ex

236 1454 338 1526 vobis
363 1455 496 1524 fallacia
523 1452 673 1545 peccati:
718 1439 744 1486 11
762 1449 946 1543 participes
974 1451 1064 1520 enim
1093 1449 1213 1522 Christi
1242 1451 1353 1520 effecti
1381 1473 1519 1535 sumus,
1554 1451 1583 1522 si
1609 1459 1725 1522 tamen

236 1573 365 1642 initium
393 1572 607 1644 substantiae
634 1570 708 1640 eius
734 1589 846 1660 usque
874 1567 920 1638 ad
945 1568 1048 1640 finem
1077 1569 1211 1639 firmum
1239 1569 1459 1639 retineamus.
1512 1561 1538 1606 ¹⁵
1554 1571 1642 1640 Dum
1670 1571 1725 1641 di-

237 1691 324 1762 citur
361 1691 474 1762 Hodie
517 1691 546 1760 si
580 1710 705 1761 vocem
746 1687 820 1758 eius
861 1686 1054 1766 audieritis,
1095 1688 1201 1758 nolite
1239 1687 1415 1758 obdurare
1457 1670 1565 1758 corda
1605 1700 1725 1782 uestra

237 1810 533 1902 quemadmodum
560 1811 594 1879 in
621 1809 677 1878 illa
703 1807 981 1878 exacerbatione.
1032 1797 1059 1842 11
1072 1807 1219 1891 Quidam
1248 1806 1338 1876 enirn
1367 1806 1548 1880 audientes
1574 1827 1723 1878 exacer-

190 1954 195 1962 ·
236 1937 419 2001 voverunt:
454 1929 519 2000 sed
551 1949 622 1998 non
655 1923 807 1996 universi
839 1926 897 2017 qui
931 1926 1077 2018 proiecti
1111 1935 1191 1996 sunt
1224 1926 1270 1998 ab
1297 1925 1459 2020 Aegypto
1485 1945 1550 2018 per
1574 1925 1724 1998 Mosen?
1791 1977 1794 1989 ,

237 2041 262 2084 11
281 2049 412 2132 Quibus
444 2057 561 2119 autem
594 2047 748 2116 infensus
781 2053 836 2116 est
867 2043 1094 2137 quadraginta
1126 2043 1252 2116 annisi
1278 2063 1392 2116 nonne
1420 2041 1483 2114 illis
1511 2045 1568 2136 qui
1595 2067 1724 2138 pecca-

236 2171 385 2238 verunt‘l
437 2187 585 2260 quorum
623 2163 797 2236 cadavera
823 2173 995 2256 prostrata
1032 2175 1111 2235 sunt
1142 2164 1176 2234 in
1204 2161 1355 2236 deserto.
1409 2157 1434 2200 11
1448 2163 1580 2248 Quibus
1607 2175 1723 2237 autem

237 2285 360 2358 iuravit
389 2307 459 2356 non
491 2285 632 2355 introire
667 2284 700 2354 in
728 2283 881 2376 requiem
910 2283 1026 2376 ipsius,
1058 2283 1124 2354 nisi
1157 2283 1221 2354 illis
1255 2284 1313 2376 qui
1346 2279 1531 2354 'inereduli
1564 2284 1723 2354 luerunt?

235 2398 262 2442 ⁴⁹
278 2407 320 2476 Et
345 2405 505 2478 videmus
532 2404 611 2496 quia
637 2423 706 2474 non
734 2411 919 2496 potuerunt
945 2403 1086 2474 introire
1112 2411 1256 2496 propter
1281 2401 1564 2473 incredulitatem.

955 2693 1006 2764 lv.

312 2893 539 2971 ¹Timeamus
567 2917 654 2991 ergo
687 2917 732 2968 ne
759 2897 847 2969 lorte
874 2897 992 2970 relicta
1018 2898 1261 2991 pollicitatione
1287 2897 1481 2969 introeundi
1508 2898 1543 2966 in
1569 2897 1721 2989 requiem

236 3017 310 3087 eius
336 3017 553 3088 existimetur
579 3017 680 3108 aliqui
708 3037 754 3086 ex
779 3017 881 3087 vobis
914 3017 1051 3089 deesse.
1104 3008 1166 3066 111)
1184 3013 1318 3087 Etenim
1346 3025 1381 3085 et
1405 3015 1507 3086 nobis
1534 3017 1721 3087 nuntiatum

235 3145 289 3206 est
315 3133 610 3227 quemadmodum
639 3144 674 3204 et
698 3135 781 3205 illis:
810 3135 971 3206 sednon
998 3135 1126 3229 proluit
1151 3135 1214 3205 illis
1241 3153 1357 3204 sermo
1385 3131 1530 3218 auditus,
1558 3155 1629 3204 non
1657 3133 1721 3204 ad-

236 3253 351 3324 mixtis
377 3251 459 3323 fidei
486 3275 532 3324 ex
560 3251 611 3323 bis
639 3273 730 3344 quae
757 3254 948 3326 audierunt.
1001 3247 1269 3346 ³logrediemur
1295 3252 1386 3324 enim
1414 3253 1446 3322 in
1481 3251 1635 3344 requiem
1665 3252 1722 3343 qui

235 3371 454 3457 credidimus,
483 3371 778 3464 quemadmodum
807 3372 894 3445 dixit
919 3373 1012 3444 Sicut
1038 3373 1146 3445 iuravi
1172 3373 1205 3442 in
1231 3373 1282 3442 ira
1310 3393 1389 3442 mea
1416 3369 1452 3442 Si
1477 3369 1662 3443 introibunt
1688 3372 1720 3442 iu
1816 3445 1822 3454 ,

201 3519 203 3524 ·
234 3491 387 3586 requiem
414 3509 544 3576 meam,
572 3499 608 3561 et
635 3489 776 3582 quidem
804 3490 969 3586 operibus
996 3492 1041 3562 ab
1068 3490 1277 3563 institutione
1303 3489 1423 3562 mundi
1450 3489 1556 3562 lactis.
1600 3481 1722 3561 ‘Dixit

235 3611 325 3682 enim
353 3610 505 3705 quodam
532 3609 611 3680 loco
639 3609 685 3682 de
713 3611 770 3684 die
798 3611 944 3704 septima
972 3611 1021 3682 sic
1047 3609 1090 3681 Et
1115 3609 1283 3704 requievit
1308 3608 1468 3682 dominus
1495 3611 1552 3682 die
1574 3613 1722 3704 septima

234 3731 279 3802 ab
307 3729 468 3802 omnibus
495 3728 661 3822 operibns
688 3729 771 3802 suis.
823 3723 895 3802 “Et
921 3731 955 3802 in
981 3732 1048 3802 isto
1074 3753 1211 3801 rursum
1239 3729 1272 3801 Si
1299 3725 1486 3802 introibunt
1511 3731 1546 3800 in
1565 3730 1719 3823 requiem

233 3871 359 3922 meam.
411 3841 614 3934 “Quoniam
642 3869 727 3943 crgo
755 3859 917 3944 superest
942 3852 1112 3943 quosdam
1141 3850 1281 3922 introire
1307 3845 1436 3936 ‘illam‚
1465 3849 1569 3921 et'hii
1596 3849 1721 3942 quibus

233 3970 407 4068 prioribus
434 3967 669 4040 adnuntiatum
698 3979 751 4042 est
776 3988 846 4040 uon
864 3969 1065 4042 introierunt
1091 3979 1235 4063 propter
1250 3967 1539 4055 incredulitatem,
1565 3961 1719 4039 'iterum

233 4089 393 4159 terminat
419 4087 511 4160 diem
540 4089 725 4182 quendam,
753 4089 876 4176 Hodie,
903 4091 937 4160 in
963 4087 1076 4161 David
1103 4089 1252 4162 dicendo
1279 4097 1361 4184 post
1386 4097 1516 4160 tantum
1543 4087 1718 4180 temporis,

233 4208 319 4278 sicut
345 4205 607 4299 supradictum
635 4217 690 4279 est
715 4207 827 4281 Hodie
855 4209 884 4281 si
918 4229 1042 4280 vocem
1078 4207 1153 4280 eius
1186 4205 1379 4294 audieritis,
1406 4207 1511 4280 nolite
1544 4205 1719 4280 obdurare

233 4323 341 4397 corda
377 4335 503 4395 vestra¹
553 4317 671 4396 ⁸Nam
708 4325 737 4398 si
768 4327 821 4400 eis
852 4331 948 4401 lesus
979 4325 1135 4420 requiem
1168 4315 1422 4422 praestitisset(
1453 4346 1640 4419 numquam
1674 4324 1719 4395 da

233 4447 299 4515 alia
325 4434 526 4535 loqueretur
551 4443 700 4536 posthac
726 4446 793 4516 die.
837 4441 985 4539 ⁹ltaque
1011 4447 1212 4539 relinquitur
1239 4447 1475 4518 sabbatismus
1492 4447 1623 4540 populo
1651 4445 1718 4515 dei.

232 4557 258 4602 11
272 4564 338 4648 Qui
365 4563 458 4632 enim
485 4563 665 4654 ingressus
692 4558 766 4634 'est
793 4566 827 4635 in
853 4567 1009 4656 requiem
1037 4565 1122 4649 eius,
1151 4567 1254 4636 etiam
1275 4567 1350 4658 ipse
1376 4565 1547 4658 requievit
1565 4565 1610 4634 ab
1629 4585 1718 4656 ope-

232 4683 327 4754 ribus
354 4682 427 4752 suis
454 4682 589 4752 sicula
616 4682 687 4752 suis
714 4681 813 4752 deus.
866 4675 1177 4754 11111Ρθεῑίιιθῐῃυε
1204 4705 1290 4776 ergo
1316 4685 1454 4776 ingredi
1481 4685 1633 4754 inillam
1660 4705 1718 4752 ro-

232 4802 358 4893 quiem,
386 4807 422 4870 nt
448 4821 493 4870 ne
520 4801 554 4869 in
581 4799 755 4892 idipsum
784 4801 861 4893 quis
886 4801 1014 4873 incidat
1039 4801 1287 4873 incredulitatis
1313 4805 1521 4897 exemplum.
1575 4795 1601 4840 11
1613 4801 1718 4873 Vivus

232 4920 322 4991 enirn
350 4929 404 4990 est
438 4920 495 4990 dei
523 4940 641 4990 sermo
675 4929 712 4990 et
746 4919 870 4991 ellicax
905 4931 940 4991 et
974 4921 1221 5013 penetrabilior
1254 4923 1348 4992 omni
1375 4921 1491 5013 gladio
1519 4919 1656 5014 ancipiti
1683 4931 1718 4991 et

230 5038 433 5134 pertingens
461 5059 573 5131 nsque
600 5039 646 5110 ad
673 5037 879 5110 divisionem
915 5040 1050 5111 animae
1078 5061 1119 5111 ac
1144 5041 1297 5133 spiritus,
1332 5061 1541 5134 compagum
1578 5062 1717 5134 quoque

232 5163 265 5228 et
293 5157 531 5243 medullarum,
560 5169 594 5230 et
621 5159 791 5230 discretor
808 5159 1053 5250 cogitationum
1073 5171 1108 5230 et
1133 5159 1358 5232 intentionum
1378 5160 1511 5232 cordis:
1552 5152 1576 5196 ¹³
1594 5167 1629 5230 et
1647 5179 1717 5230 uon
1759 5243 1761 5256 Ι

794 5275 842 5360 ut,
872 5277 894 5347 e
923 5279 1049 5362 -ιν,
1082 5281 1138 5347 ta.
1198 5359 1204 5378 ‚
