4242 6118
385 381 457 454 ldd
611 411 613 416 ¹
810 383 1048 452 uvaueeutttt
1073 383 1272 450 SECUNDUM
1296 379 1422 450 sucta

383 611 453 667 non
479 589 613 663 sinebat
638 613 681 664 ea
700 571 827 684 loqui:¹
842 580 921 685 quia
946 591 1102 664 sciebant
1132 592 1243 686 ipsum
1275 611 1355 663 esse
1388 589 1564 661 Christum.
1615 578 1731 635 Νι)
1748 589 1850 662 Facta

384 719 498 785 autem
524 711 581 784 die
607 732 776 804 egressus,
793 711 865 784 ibat
889 711 923 782 in
949 710 1124 812 desertum
1150 713 1273 798 locum,
1300 721 1335 785 et
1359 711 1481 783 turbae
1507 708 1727 803 requirebant
1752 731 1847 782 eum.

384 841 420 903 et
444 839 612 914 venerunt
642 853 752 924 usque
783 831 830 903 ad
863 831 990 926 ipsum,
1018 842 1054 903 et
1078 831 1277 904 detinebant
1306 832 1468 903 illumne
1494 828 1761 904 discederetab
1788 829 1849 902 eis.

383 941 410 988 ⁴⁸
427 951 558 1036 Quibus
582 951 637 1021 ille
663 950 709 1022 ait
734 952 813 1045 quia
840 961 875 1023 et
900 953 974 1026 aliis
1000 951 1190 1024 civitatibus
1215 961 1352 1046 oportet
1377 973 1435 1024 me
1452 949 1688 1044 evangelizare
1705 970 1848 1042 regnum

386 1069 451 1158 dei,
479 1071 556 1166 qnia
582 1069 662 1142 ideo
689 1071 814 1144 missus
840 1095 926 1144 sum.
960 1061 987 1110 ‘⁴
1004 1071 1046 1144 Et
1071 1083 1147 1146 erat
1172 1071 1375 1166 praedicans
1400 1073 1434 1143 in
1458 1071 1647 1166 synagogis
1666 1069 1847 1142 Galilaeae.

1093 1350 1131 1420 V.

461 1545 575 1600 'lm’
592 1554 729 1650 Factum
756 1565 810 1628 est
841 1565 954 1628 autern
987 1577 1065 1628 oum
1094 1556 1217 1627 turbae
1246 1555 1417 1627 inruerent
1447 1555 1482 1626 in
1513 1575 1592 1626 eum
1624 1562 1663 1626 ut
1694 1551 1849 1625 audirent

384 1672 529 1744 verbum
556 1674 630 1762 dei,
657 1686 693 1752 et
717 1675 792 1770 ipse
825 1677 939 1749 stabat
971 1698 1070 1750 secus
1102 1685 1260 1769 stagnum
1294 1675 1519 1748 Genesareth:
1561 1667 1628 1746 'et
1652 1671 1737 1747 vidit
1761 1671 1848 1744 duas

384 1813 492 1864 naves
517 1803 646 1867 stantes
672 1818 773 1868 seeus
799 1805 966 1890 stagnum,
992 1797 1183 1892 piscatores
1209 1806 1323 1869 antem
1341 1793 1581 1868 discenderant
1605 1803 1641 1865 et
1665 1787 1849 1867 ‘lavabant
1941 1801 1944 1810 “

384 1914 479 1986 retia.
530 1907 757 1988 ³Aseendens
784 1928 898 1989 autem
931 1917 965 1988 ln
994 1939 1098 1990 unam
1131 1937 1255 1990 navem
1288 1937 1378 2010 quae
1411 1927 1487 1989 erat
1521 1913 1682 1999 Simonis,
1716 1912 1850 2005 rogavit

383 2026 484 2104 'oum
511 2057 532 2106 a
564 2044 655 2108 terra
681 2038 849 2110 reducere
875 2037 1047 2132 pusillum,
1074 2047 1110 2109 et
1135 2037 1262 2110 sedens
1288 2035 1440 2109 docebat
1466 2035 1511 2106 de
1536 2033 1692 2107 navicula
1717 2031 1845 2104 turbas.

384 2139 484 2198 ‘¹³⁰³'
502 2153 544 2225 Ut
569 2155 717 2227 cessavit
741 2167 855 2229 autem
881 2158 982 2252 loqui,
1009 2158 1094 2264 dirrit
1119 2157 1165 2229 ad
1191 2159 1364 2230 Simonem
1389 2157 1464 2227 Duo
1489 2156 1522 2227 in
1546 2155 1659 2239 altum,
1686 2161 1721 2224 et
1745 2145 1848 2223 ’lana

256 2267 260 2277 '
384 2273 469 2346 retia
493 2284 609 2348 vestra
634 2273 666 2344 in
700 2286 886 2370 capturam.
937 2269 1011 2349 *St
1043 2277 1259 2372 respondens
1285 2277 1408 2348 Simon
1438 2275 1524 2348 dixit
1554 2275 1599 2346 illi
1628 2275 1846 2366 Praeceptor,

384 2413 450 2486 per
473 2404 580 2467 totam
606 2405 743 2467 noctem
768 2397 966 2469 laborantes
991 2397 1071 2468 nibil
1097 2399 1265 2494 cepimus:
1300 2395 1468 2468 inverbo
1495 2405 1610 2469 autem
1635 2403 1695 2466 tuo
1719 2393 1846 2464 laxabo

384 2522 468 2584 rete.
517 2515 585 2587 ⁰Ilt
611 2537 687 2586 cum
714 2515 781 2588 hee
805 2518 979 2603 fecissent,
1007 2517 1245 2590 concluserunt
1277 2516 1420 2611 piscium
1454 2515 1697 2588 multitudinem
1723 2513 1845 2607 eopio-

384 2653 470 2719 sam,
495 2636 715 2730 mmpebatur
740 2647 855 2709 autem
881 2647 955 2710 rete
980 2659 1110 2710 eorum.
1160 2630 1228 2708 'tlt
1253 2645 1442 2708 annuemnt
1474 2637 1577 2708 sociis
1608 2635 1665 2729 qui
1691 2643 1789 2706 erant
1813 2632 1846 2704 in

383 2752 449 2824 alia
473 2756 551 2828 navi
575 2766 613 2828 ut
638 2758 791 2830 venirent
815 2767 851 2830 et
875 2757 1075 2830 adiuvarent
1100 2779 1180 2830 eos:
1208 2765 1243 2830 et
1267 2765 1442 2842 venerunt,
1469 2767 1504 2828 et
1528 2755 1752 2850 impleverunt
1770 2773 1845 2826 am-

253 2931 265 2952 .
383 2871 449 2946 bas
474 2875 648 2948 naviculas
674 2879 720 2950 ita
745 2887 783 2948 ut
807 2887 1050 2971 mergerentur.
1101 2869 1218 2923 mlii
1232 2876 1334 2963 Quod
1366 2899 1444 2948 oum
1476 2875 1611 2948 videret
1636 2876 1754 2946 Simon
1779 2871 1845 2946 Pe·-

383 3001 464 3080 trus,
489 2995 636 3088 procidit
661 2995 707 3070 ad
732 3019 844 3092 genua
871 2999 948 3071 lesu
973 2997 1092 3070 dicens
1107 2997 1173 3069 Exi
1198 3019 1219 3070 a
1245 3019 1312 3084 me,
1339 2997 1417 3091 quia
1444 2997 1550 3069 bomo
1577 3005 1745 3090 peccator
1759 3015 1843 3077 snm,

281 3167 288 3178 .
381 3112 531 3187 domine.
581 3109 737 3212 ⁹Stupcr
762 3119 852 3189 enim
878 3117 1153 3190 circumdederat
1177 3139 1256 3190 eum
1283 3123 1318 3189 et
1343 3138 1464 3190 omnes
1490 3116 1650 3210 quicum
1672 3116 1730 3186 illo
1748 3123 1845 3186 erant

382 3231 583 3330 inceptura
613 3238 756 3332 piscium
790 3260 892 3331 quam
925 3248 1102 3332 ceperant,
1154 3229 1180 3276 ⁴⁰
1198 3237 1349 3310 similiter
1380 3249 1495 3310 autem
1526 3237 1689 3310 Iacobum
1722 3244 1758 3306 et
1788 3235 1844 3304 lo-

382 3351 528 3426 bannem
554 3355 641 3431 filios
657 3356 839 3444 Zebedaei,
866 3358 922 3452 qui
949 3368 1047 3431 erant
1071 3358 1156 3430 sccii
1172 3357 1347 3430 Simonis
1370 3349 1502 3429 ‹ustffl
1527 3357 1574 3429 ait
1599 3356 1644 3429 ad
1670 3355 1844 3427 Simonem

381 3471 474 3546 lesus
499 3475 575 3548 Noli
601 3467 730 3565 timere,
756 3500 803 3550 ex
827 3478 894 3551 boe
919 3479 987 3551 iam
1012 3479 1168 3551 homines
1195 3479 1263 3550 eris
1289 3478 1437 3572 capiens.
1488 3470 1511 3514 ⁴¹
1530 3477 1572 3549 Et
1597 3474 1773 3548 subductis
1799 3474 1844 3548 ad

382 3601 518 3709 terram!
532 3599 678 3674 navibus
703 3598 828 3672 relictis
860 3599 1019 3671 omnibns
1044 3601 1152 3672 secuti
1184 3607 1264 3672 sunt
1291 3598 1392 3669 illum.
1445 3589 1557 3640 Μ’)
1573 3594 1615 3668 Et
1641 3598 1767 3669 lacum
1792 3603 1845 3666 est

381 3735 461 3788 cnm
486 3717 638 3796 esset'in
662 3743 730 3792 una
756 3719 938 3805 niueum,
965 3729 1001 3792 et
1027 3739 1111 3792 ecce
1141 3719 1193 3792 vir
1225 3720 1345 3814 plenus
1370 3719 1484 3811 lepra:
1518 3725 1554 3788 et
1583 3715 1707 3788 videns
1732 3715 1843 3786 lesum

382 3845 418 3906 et
441 3835 625 3930 procidens
657 3835 692 3906 in
716 3834 839 3910 laciem
865 3848 900 3910 et
924 3839 1059 3932 rogavit
1083 3859 1163 3912 eum
1188 3837 1306 3911 dicens
1331 3837 1485 3922 Domine,
1512 3837 1542 3908 si
1566 3835 1633 3921 vis,
1660 3843 1761 3929 potes
1786 3853 1844 3904 me

381 3955 556 4031 mundare.
606 3949 687 4028 ⁴³Et
711 3957 904 4031 extendens
928 3981 1066 4032 manum
1092 3959 1199 4052 tetigit
1223 3959 1314 4031 illum
1339 3958 1457 4030 dicens
1475 3955 1571 4041 Volo,
1599 3955 1775 4034 mundare.
1801 3954 1844 4025 Et

383 4077 559 4152 confestim
585 4079 681 4172 lepra
705 4073 863 4150 discessit
897 4079 942 4152 ab
975 4079 1041 4150 illo.
1091 4070 1169 4150 “Et
1192 4079 1267 4174 ipse
1300 4075 1477 4172 praecepit
1506 4075 1552 4146 illi
1576 4083 1614 4145 ut
1638 4075 1763 4148 nemini
1789 4073 1843 4147 di-

382 4208 486 4284 caret,
511 4199 577 4274 sed
600 4198 692 4270 vade
718 4198 863 4270 ostende
888 4208 923 4271 te
949 4197 1131 4284 sacerdoti,
1158 4208 1193 4272 et
1219 4197 1305 4270 oder
1328 4217 1393 4290 pro
1417 4194 1659 4268 emundatione
1684 4205 1742 4268 tua
1758 4194 1845 4268 sieut

380 4321 558 4414 praeeepit
581 4318 707 4403 bloses,
733 4319 768 4389 in
794 4319 1024 4392 testimonium
1048 4317 1122 4390 illis.
1172 4305 1286 4364 ΜΗ)
1304 4315 1567 4388 Perambulabat
1592 4325 1706 4387 autern
1733 4315 1844 4408 magis

382 4459 497 4510 sermo
521 4439 569 4512 de
594 4440 660 4526 illo,
687 4449 723 4510 et
747 4441 997 4513 conveniebant
1021 4441 1142 4512 turbae
1167 4439 1294 4510 multae
1327 4447 1365 4508 ut
1395 4437 1552 4510 audirent
1585 4445 1620 4507 et
1646 4445 1844 4508 curarentur

381 4557 426 4630 ab
459 4557 705 4638 infirmitatibus
739 4559 826 4632 suis:
877 4549 993 4606 Μ’)
1011 4558 1086 4652 ipse
1119 4566 1234 4629 autem
1268 4533 1490 4630 'secedebat
1523 4557 1556 4627 in
1589 4549 1783 4628 'desertum
1809 4563 1844 4626 et

382 4679 513 4753 orabat.
563 4671 731 4752 trmatpp
754 4682 879 4752 iactam
906 4678 1019 4752 estin
1044 4699 1111 4750 una
1135 4677 1267 4750 dierum
1294 4678 1427 4772 etipse
1454 4675 1599 4749 sedebat
1624 4674 1773 4760 docens,
1810 4683 1845 4745 et

382 4809 478 4872 erant
502 4799 673 4873 Pharisaei
699 4800 862 4875 sedentes
888 4809 923 4872 et
947 4799 1033 4892 legis
1060 4797 1232 4882 doctores,
1259 4797 1315 4891 qui
1341 4805 1505 4870 venerant
1527 4817 1574 4867 ex
1592 4797 1684 4872 omni
1702 4795 1843 4868 castallo

384 4919 554 4993 Galilaeae
580 4931 615 4994 et
639 4921 788 4996 Iudaeae
814 4931 850 4993 et
874 4919 1101 5004 Hierusalem,
1128 4928 1163 4989 et
1187 4918 1294 4990 virtus
1328 4929 1402 4991 crat
1428 4917 1557 4990 domini
1582 4914 1628 4987 ad
1654 4915 1843 4990 sanandum

382 5059 459 5110 eos.
505 5032 531 5078 ⁴⁸
547 5031 622 5094 (iil)
638 5041 681 5114 St
704 5062 788 5114 eece
813 5041 877 5114 viri
901 5047 1078 5134 portantes
1111 5038 1257 5110 inlecto
1290 5039 1463 5110 hominem
1495 5037 1550 5131 qui
1578 5034 1842 5130 eratparalyti-

382 5169 514 5250 cunct
539 5161 749 5253 quaerebant
771 5183 852 5232 eum
878 5161 1002 5231 inferre
1020 5168 1055 5230 et
1070 5179 1202 5254 ponere
1220 5169 1298 5230 ante
1317 5181 1411 5232 eum:
1455 5149 1482 5194 ⁴⁹
1493 5167 1529 5229 et
1545 5177 1614 5228 non
1631 5156 1843 5228 invenientes

931 5281 981 5364 lv,
1010 5281 1056 5354 l2
1086 5317 1130 5332 -
1158 5279 1196 5365 V,
1226 5281 1282 5351 l9.
