4220 6124
365 371 440 446 ιιι
807 369 818 388 ‘
877 369 1059 434 uersuum
1085 368 1137 434 uo
1163 351 1346 437 iouuuos

250 599 254 606 ·
366 564 458 622 Μ’)
477 575 510 645 Si
538 574 629 645 enim
657 582 800 665 propter
833 571 947 644 cibum
975 565 1079 644 irater
1105 583 1184 643 tuus
1210 567 1445 656 contristatur,
1473 572 1541 642 ium
1567 591 1638 642 nou
1664 572 1856 660 secundum
1897 571 1901 578 '

368 695 546 765 caritatem
575 690 742 762 ambulas.
787 689 864 764 Noli
891 691 972 762 cibo
1000 701 1060 762 tuo
1088 691 1181 762 illum
1208 691 1369 784 perdere,
1396 711 1462 784 pro
1482 687 1560 781 'quo
1588 689 1741 761 Christus
1759 712 1856 762 mor·

368 822 447 883 tuus
475 821 538 882 εει.
591 801 710 880 16Νοιι
737 830 822 901 ergo
849 809 1110 903 blasphemetur
1135 811 1267 881 bonum
1287 821 1453 882 nostrum.
1497 800 1522 843 Π
1540 807 1617 878 Non
1636 808 1857 902 est'regnum

367 929 425 1004 dei
458 951 542 1001 esca
575 939 611 998 et
642 939 765 1022 potus,
801 923 881 998 sed
899 928 1025 999 iustitia
1058 939 1093 999 et
1127 951 1200 1022 pax
1231 939 1267 999 ει
1300 925 1467 1020 gaudium
1500 927 1534 995 in
1567 925 1688 1019 spiritu
1716 925 1856 1000 sancto:

367 1040 393 1086 ⁴⁸
410 1050 467 1139 qui
495 1047 586 1148 euim
613 1049 646 1117 iu
674 1045 742 1120 hoc
768 1047 875 1118 servit
901 1041 1046 1132 Christo,
1074 1048 1189 1140 placet
1214 1045 1289 1118 deo¹
1312 1057 1347 1118 et
1374 1046 1543 1139 probatus
1569 1055 1625 1116 εει
1647 1046 1856 1118 bominibus.

365 1157 393 1204 ¹⁹
410 1167 526 1258 ltaque
553 1183 645 1258 quae
670 1166 777 1258 'pacis
812 1175 891 1236 sunt
917 1162 1106 1252 sectemur,
1131 1161 1178 1236 'et
1205 1161 1304 1258 quae
1324 1165 1576 1238 aedificationis
1603 1175 1681 1235 suut
1707 1167 1742 1236 in
1768 1167 1856 1268 iuli:

367 1307 445 1358 cem
475 1283 726 1386 custodiamus.
777 1275 895 1354 ²0Noli
935 1281 1078 1378 propter
1111 1305 1231 1356 escam
1253 1283 1450 1355 destruere
1486 1304 1576 1376 opus
1612 1283 1679 1354 dei.
1734 1286 1857 1374 Omnia

367 1403 509 1497 quidem
537 1402 666 1475 munda
692 1407 789 1486 sunt,
817 1401 883 1474 sed
910 1405 1038 1476 malum
1073 1414 1127 1474 est
1153 1403 1284 1474 homini
1318 1404 1376 1494 qui
1401 1423 1466 1496 per
1493 1397 1731 1476 'offendicum'
1750 1425 1856 1492 ‚man-

231 1501 235 1510 ’
293 1539 297 1546 ’
367 1523 480 1594 ducat.
533 1513 556 1560 ²⁴
577 1517 709 1592 Bonum
746 1530 801 1590 est
826 1523 1134 1594 non-manducare
1162 1543 1304 1593 caruem
1340 1531 1376 1590 et
1401 1541 1472 1592 non
1497 1521 1620 1592 bibere
1647 1523 1764 1593 vinum
1791 1545 1855 1594 ne-

366 1661 436 1734 que
462 1642 497 1710 in
524 1661 594 1732 quo
622 1643 727 1711 irater
760 1652 837 1710 tuus
874 1639 1019 1712 offendit
1045 1652 1104 1712 aut
1138 1640 1391 1712 scandalizatur
1416 1639 1483 1711 'aut
1509 1638 1708 1710 infirmatur.
1760 1633 1787 1678 ²²
1805 1643 1855 1714 Tu

366 1759 471 1832 fidem
499 1758 634 1830 babes‘l
649 1754 773 1853 'penes'
799 1768 909 1836 temet
934 1755 1165 1852 ipsum'habe
1193 1781 1311 1831 coram
1339 1759 1419 1831 deo.
1463 1760 1591 1830 Beatus
1618 1760 1677 1851 qui
1703 1781 1775 1831 non
1801 1762 1854 1831 iu-

365 1878 459 1950 dicat
485 1888 597 1950 semet
624 1880 737 1972 ipsum
765 1879 798 1947 in
826 1897 870 1948 eo
899 1871 992 1970 ‘'quo
1019 1879 1155 1972 probat.
1206 1870 1234 1916 ¹³
1252 1879 1319 1963 Qui
1346 1888 1461 1949 autem
1490 1877 1672 1962 discernit,
1700 1879 1729 1950 si
1755 1901 1854 1952 man-

366 1997 554 2082 ducaverit,
581 1996 765 2069 damnatus
799 2006 863 2082 est,
891 1998 973 2089 quia
1006 2017 1075 2067 non
1101 2019 1145 2068 ex
1174 1995 1261 2068 lide:
1297 2017 1402 2068 omne
1429 1997 1545 2067 'autern
1575 1995 1677 2088 'quod
1703 2019 1774 2070 uon
1801 2011 1856 2070 est

366 2138 414 2186 err
440 2115 509 2188 lide
536 2126 718 2208 peccatum
745 2127 808 2186 est.
839 2135 846 2152 ·
1389 2135 1393 2146 ·
1893 2095 1898 2106 ’

1076 2390 1144 2460 XV.

442 2591 649 2666 'Debemus
675 2603 791 2666 autem
818 2616 884 2666 uos
909 2593 1082 2666 firmiores
1108 2595 1346 2666 inbecillitates
1379 2592 1591 2666 infirmorum
1616 2603 1793 2698 sustinere
1819 2603 1854 2664 ει

365 2735 435 2784 nou
462 2715 563 2784 nobis
589 2715 740 2807 placere.
791 2706 1065 2805 'Unusquisque
1092 2724 1248 2785 vestrum
1274 2713 1437 2808 proximo
1465 2735 1529 2786 suo
1562 2715 1700 2808 placeat
1725 2713 1758 2782 in
1784 2713 1852 2784 bo-

364 2853 446 2902 num
480 2831 525 2904 ad
561 2831 854 2904 aedificationem:
886 2825 919 2869 ·³
936 2831 1063 2902 etenim
1098 2823 1250 2904 Christus
1283 2831 1353 2904 non
1388 2831 1453 2903 sibi
1489 2834 1630 2926 placuit,
1666 2831 1733 2904 sed
1766 2831 1853 2902 sicut

365 2951 529 3044 scriptum
549 2961 604 3022 est
619 2951 820 3045 luproperia
833 2951 1127 3044 inproperantium
1145 2952 1205 3022 tibi
1224 2950 1422 3022 cecideruut
1439 2973 1546 3045 super
1563 2973 1629 3023 me.
1655 2941 1721 2996 ““l
1736 2947 1853 3036 Quae·
1954 3035 1959 3041 Ι

365 3091 515 3164 cumque
542 3071 633 3142 enim
661 3061 788 3164 scripta
820 3080 912 3154 suut,
947 3068 994 3141 ad
1026 3080 1182 3142 nostram
1217 3069 1408 3141 doctrinam
1445 3073 1573 3164 scripta
1600 3080 1693 3155 sunt,
1728 3080 1765 3140 ut
1790 3067 1853 3163 per

365 3189 565 3282 patientiam
592 3199 628 3261 et
653 3189 926 3262 consolationem
954 3189 1199 3281 seripturarum
1228 3210 1327 3282 spem
1354 3189 1557 3261 habeamus.
1591 3182 1712 3260 ⁵Deus
1739 3199 1853 3260 autem

364 3297 550 3401 patientiae
578 3318 615 3379 et
639 3308 759 3379 solacii
792 3306 853 3379 det
878 3307 979 3378 vobis
1012 3307 1187 3401 idipsum
1222 3329 1348 3402 sapore
1366 3309 1409 3378 'in
1436 3309 1634 3380 alterutrum
1662 3309 1854 3380 seeundum

364 3427 479 3498 lesum
507 3427 691 3510 Christum,
734 3418 799 3498 ⁶ut
832 3427 1012 3498 unanimes
1044 3448 1113 3498 uno
1146 3447 1209 3498 ore
1241 3427 1476 3499 honorificetis
1510 3423 1623 3500 deum¹
1650 3439 1686 3498 et
1719 3437 1853 3521 patrem

365 3547 495 3618 domiui
529 3546 636 3618 nostri
671 3535 750 3616 lesu
783 3544 913 3616 Christi.
966 3536 1139 3640 'Propter
1171 3546 1267 3638 quod
1301 3547 1465 3641 suscipite
1499 3546 1663 3631 invicem,
1696 3547 1783 3618 sicut
1818 3557 1853 3616 et

365 3655 517 3736 Christus
544 3665 697 3756 suscepit
724 3685 787 3734 vos
814 3663 1042 3740 inhonorem
1070 3663 1137 3736 dei.
1189 3661 1305 3736 ⁸Dico
1332 3665 1423 3736 enim
1452 3665 1621 3736 Christum
1646 3664 1759 3736 lesum
1786 3666 1852 3736 mi·
1887 3647 1891 3652 ¹

364 3773 508 3855 nistrum
534 3784 639 3878 brisso
665 3783 932 3882 circumcisionis
957 3793 1102 3876 propter
1127 3783 1307 3855 veritatem
1335 3784 1401 3870 dei,
1430 3783 1477 3856 ad
1495 3783 1750 3855 confirmandas
1768 3803 1851 3876 pro-

365 3904 550 3974 missiones
576 3889 728 3996 patrum,
771 3893 926 3994 ⁰gentes
953 3915 1069 3974 autem
1101 3923 1207 3996 super
1233 3897 1505 3974 misericordiam
1534 3897 1709 3975 honorare
1735 3903 1850 3982 deum,

365 4022 453 4092 sicut
479 4009 642 4115 seriphum
668 4031 722 4092 εει
747 4021 895 4114 Propter
920 4021 989 4093 hoc
1015 4021 1208 4092 confitebor
1234 4022 1293 4092 tibi
1319 4022 1353 4092 in
1380 4015 1549 4114 gentihus,
1578 4015 1624 4093 ει
1638 4017 1766 4094 nomini
1792 4031 1851 4091 tuo
1883 4051 1886 4058 ¹

365 4140 524 4212 cantabo.
575 4131 657 4210 1οΕι
682 4128 805 4210 iterum
831 4139 914 4212 dicit
938 4141 1129 4212 Laetamini
1152 4143 1278 4238 gentes
1305 4163 1382 4212 cum
1409 4125 1515 4234 plebe
1541 4141 1648 4226 eius,
1677 4133 1699 4176 ⁴¹
1719 4141 1762 4211 Et
1786 4132 1851 4211 ite-¹

364 4279 441 4330 rum
467 4253 622 4330 Laudate
648 4279 771 4330 omnes
798 4269 920 4352 gentes
947 4259 1135 4344 dominum,
1162 4269 1199 4330 et
1223 4259 1442 4352 magnificate
1469 4281 1549 4332 eum
1577 4282 1698 4332 omnes
1725 4259 1850 4354 populi.

365 4369 445 4446 ”Et
468 4365 607 4449 'rursum
633 4377 755 4449 Esaias
782 4379 829 4449 ait
854 4379 925 4449 Erit
949 4379 1050 4452 radix
1076 4380 1180 4464 lesse,
1207 4389 1243 4448 et
1269 4379 1327 4472 qui
1354 4371 1547 4470 'exsurget'
1568 4399 1693 4472 regere
1719 4389 1851 4472 gentes,

365 4498 399 4566 in
426 4505 473 4566 eo
498 4487 621 4589 gentes
647 4497 846 4588 sperabunt.
889 4487 916 4533 ⁴³
931 4499 1026 4568 Deus
1053 4489 1169 4569 autem
1189 4499 1264 4590 spei
1291 4498 1425 4591 repleat
1450 4519 1517 4568 vos
1545 4499 1638 4568 omni
1664 4493 1792 4591 gaudio
1819 4507 1854 4568 et

364 4635 453 4708 pace
479 4617 513 4686 in
540 4613 729 4700 credendo,
757 4625 794 4685 ut
821 4614 1004 4686 abundetis
1030 4617 1065 4684 in
1092 4637 1155 4708 spe
1182 4626 1218 4686 et
1243 4617 1369 4687 virtute
1396 4616 1533 4710 spiritus
1561 4619 1680 4690 sancti.
1723 4609 1750 4654 ⁴*
1768 4610 1852 4688 Cerss

365 4746 421 4806 tus
448 4755 525 4806 sum
552 4745 677 4819 autem,
705 4735 826 4805 iratres
853 4736 932 4820 mei,
960 4746 996 4806 et
1021 4727 1089 4827 ego
1116 4735 1191 4827 ipse
1218 4735 1264 4806 de
1290 4735 1402 4820 vobis,
1430 4735 1646 4828 quoniamst
1671 4736 1736 4831 ipsi
1761 4737 1852 4829 pleni

367 4853 450 4924 estis
477 4853 670 4938 dilectione,
698 4853 819 4946 repleti
846 4853 939 4924 omni
967 4853 1125 4938 scientia,
1154 4847 1265 4926 itaut
1297 4853 1438 4947 possitis
1465 4851 1663 4925 alterutrum
1690 4875 1851 4925 mouere:

365 4963 393 5008 ¹⁸
411 4971 578 5044 audacius
604 4982 719 5044 autem
747 4973 870 5066 scripsi
895 4971 1015 5057 vobis,
1042 4965 1174 5058 iratres,
1202 4984 1375 5067 exparte,
1402 4969 1631 5065 tamquam'in
1648 4969 1853 5044 memoriam

366 5108 432 5160 vos
458 5089 632 5162 reducens
657 5101 802 5184 propter
827 5090 973 5181 gratiam
1000 5110 1090 5182 quae
1118 5085 1201 5162 data
1227 5102 1281 5162 εει
1307 5089 1387 5162 mibi
1415 5113 1434 5162 a
1463 5089 1550 5174 deo,
1594 5081 1620 5127 ⁴⁶
1633 5101 1668 5161 ut
1695 5092 1758 5162 sim
1786 5089 1852 5161 miss

903 5209 985 5294 XIV,
1016 5211 1062 5280 lb
1090 5245 1142 5262 -
1166 5209 1235 5294 XV,
1266 5213 1329 5282 lb.
