4146 6120
244 533 324 542 μ.-

230 629 344 701 maris.
394 619 463 696 ⁹Et
489 621 724 696 ascenderunt
750 645 858 716 super
887 623 1106 695 latitudinem
1133 633 1259 708 terrae,
1288 633 1324 694 et
1348 625 1594 701 'circumierunt
1621 643 1737 706 eastra

230 757 424 820 sanctorum
452 758 486 817 ct
512 745 685 818 civitatem
714 742 892 814 dilectam.
946 744 989 812 111
1016 743 1204 815 descondit
1229 745 1319 838 ignis
1346 767 1368 818 a
1395 745 1464 820 deo
1500 750 1547 821 de
1575 755 1674 825 caelo
1702 767 1738 826 et

231 869 412 942 devoravit
437 887 515 938 eos:
560 857 586 901 ⁴⁰
604 873 639 933 et
665 863 830 936 diabulus
858 865 920 954 qni
947 862 1144 934 seducebat
1171 885 1235 936 eos
1268 867 1397 939 missus
1429 877 1485 940 est
1514 871 1549 942 in
1576 883 1738 968 stagnum

232 989 319 1081 ignis
345 999 380 1058 et
406 985 585 1082 sulphoris,
613 983 672 1053 ubi
699 992 736 1052 et
762 983 882 1055 bestia
910 994 946 1054 et
972 981 1315 1078 pseudoprophetis,
1350 999 1386 1059 et
1412 991 1654 1065 cruciabuntur
1680 997 1738 1068 die
1794 971 1796 978 ,

233 1131 274 1180 ao
301 1117 403 1178 nocte
429 1107 462 1178 in
479 1097 629 1178 'saecula
656 1105 899 1176 saeculorum.
951 1095 1135 1174 Η11111111
1162 1105 1324 1178 thronum
1351 1131 1514 1203 magnum
1541 1115 1739 1206 candidum,

234 1241 269 1301 et
295 1229 473 1300 sedentem
501 1246 606 1320 super
633 1243 721 1301 eum,
750 1243 773 1292 a
807 1220 906 1292 euius
933 1233 1128 1317 conspectu
1155 1225 1240 1317 lugit
1266 1239 1357 1300 terra
1385 1241 1420 1301 et
1446 1234 1594 1320 caelum,
1623 1247 1658 1306 et
1686 1240 1740 1308 lo-

235 1372 295 1421 eus
328 1371 398 1420 non
433 1357 487 1418 est
521 1347 676 1416 inventus
712 1341 757 1411 ab
804 1341 870 1412 eis.
922 1335 1009 1414 11Ε1
1042 1341 1112 1414 vidi
1147 1357 1305 1419 mortuos
1340 1371 1487 1442 magnos
1522 1363 1557 1424 et
1596 1358 1740 1449 pusillos

236 1480 366 1542 stantes
397 1469 431 1540 in
467 1475 655 1560 conspeetu
689 1463 832 1547 throni,
871 1473 907 1534 et
939 1464 1017 1534 libri
1052 1465 1162 1557 aperti
1189 1477 1283 1538 sunt:
1313 1479 1347 1540 et
1373 1471 1459 1541 alius
1485 1473 1571 1543 liber
1597 1487 1739 1569 apertus

236 1603 299 1676 est,
328 1591 387 1684 qui
414 1599 469 1660 est
494 1588 603 1658 vitae:
637 1597 672 1656 et
705 1584 850 1656 iudicati
878 1595 963 1656 sunt
997 1585 1123 1656 mortui
1154 1608 1200 1657 ex
1229 1587 1282 1658 his
1309 1611 1399 1681 qnae
1426 1592 1554 1684 scripta
1580 1608 1678 1666 erant
1704 1599 1738 1668 in

237 1714 332 1783 libris
366 1709 557 1782 seeundum
590 1725 697 1799 opera
732 1705 903 1800 ipsorum.
959 1699 1044 1776 13111
1076 1705 1173 1778 dedit
1203 1729 1300 1779 mare
1341 1719 1499 1804 mortuos
1532 1714 1589 1804 qui
1623 1715 1656 1784 in
1690 1737 1736 1788 eo

238 1843 346 1915 erant,
375 1841 411 1901 et
435 1849 532 1899 mors
558 1837 594 1897 et
619 1826 744 1896 inlcrus
773 1826 949 1900 dederunt
976 1837 1133 1897 mortuos
1160 1827 1218 1919 qui
1245 1828 1279 1898 in
1306 1828 1390 1921 ipsis
1416 1840 1522 1915 erant,
1551 1843 1587 1902 et
1604 1835 1736 1908 iudica-

239 1965 310 2024 tum
346 1963 399 2042 est
437 1947 482 2021 de
517 1947 657 2038 singulis
692 1947 883 2018 seeundum
925 1969 1036 2040 opcra
1069 1948 1237 2040 ipsorum.
1291 1937 1317 1984 ⁴⁸
1334 1949 1376 2018 Et
1410 1949 1536 2020 inlerus
1571 1963 1608 2023 et
1641 1977 1736 2027 mors

241 2073 335 2145 missi
363 2069 502 2142 suntin
529 2078 687 2158 stagnum
715 2067 811 2158 ignis.
864 2069 960 2138 Haeo
988 2089 1083 2138 mors
1109 2068 1264 2140 secunda
1291 2079 1354 2153 est,
1383 2069 1415 2138 in
1443 2079 1602 2161 stagnum
1638 2076 1735 2168 ignis.

239 2187 265 2230 ⁴⁵
278 2195 320 2263 Et
337 2193 394 2284 qui
413 2211 483 2260 non
502 2199 557 2259 est
574 2188 732 2257 inventus
750 2187 781 2256 in
801 2187 888 2257 libro
907 2187 998 2258 vitae
1017 2189 1174 2282 scriptus,
1193 2188 1323 2259 missus
1342 2189 1448 2258 estin
1467 2200 1628 2282 stagnum
1638 2196 1733 2286 ignis.

943 2477 1026 2547 XXI.

319 2680 390 2754 1111
416 2679 487 2754 vidi
514 2683 649 2755 caelum
677 2705 805 2754 novum
835 2695 869 2752 01
896 2692 1022 2753 terram
1051 2703 1199 2754 novam:
1228 2685 1374 2778 primum
1409 2685 1508 2785 enim¹
1536 2687 1670 2757 caelum
1698 2699 1733 2758 et

241 2803 351 2896 prima
378 2814 470 2874 terra
497 2803 587 2888 abiit,
616 2813 651 2872 et
677 2823 773 2872 mare
800 2801 868 2872 iam
895 2815 1054 2874 nonest.
1097 2797 1171 2874 lut
1204 2805 1375 2878 civitatem
1410 2814 1566 2875 sanctam
1607 2807 1731 2877 Hieru-

242 2925 350 2994 salem
379 2944 508 2994 novam
542 2924 611 2995 vidi
646 2922 917 2994 descendentem
946 2922 992 2994 de
1026 2925 1124 2994 caelo
1160 2945 1181 2994 a
1207 2925 1294 3010 deo,
1323 2934 1478 3017 paratam
1506 2925 1595 2996 sicut
1622 2949 1731 3019 spon-

242 3065 315 3114 sam
346 3051 502 3112 ornatam
529 3043 604 3112 viro
632 3063 707 3112 suo.
759 3035 832 3110 ³Et
858 3041 972 3112 audivi
999 3063 1125 3113 vocem
1153 3065 1314 3134 magnam
1341 3045 1387 3115 de
1414 3046 1538 3114 throno
1558 3045 1730 3116 dicentem

242 3167 333 3235 11000
359 3163 616 3233 tabernaculum
645 3161 701 3232 dei
728 3183 806 3230 cum
832 3161 1037 3246 bominibus,
1065 3169 1099 3232 et
1126 3163 1291 3234 habitavit
1316 3185 1394 3234 oum
1421 3165 1482 3248 cis,
1510 3173 1546 3232 et
1571 3163 1636 3256 ipsi
1662 3187 1729 3257 po-

246 3287 344 3378 pulus
372 3283 446 3352 eius
474 3291 582 3366 erunt,
610 3291 645 3352 et
671 3282 746 3374 ipse
772 3281 861 3351 deus
888 3301 965 3350 cum
992 3281 1044 3350 eis
1071 3281 1136 3351 erit
1162 3301 1284 3352 eorum
1311 3281 1418 3370 deus,
1462 3271 1524 3353 ‘et
1551 3283 1731 3376 absterget

144 3446 151 3462 ι
245 3405 332 3476 deus
361 3423 500 3474 omnem
527 3402 701 3472 lacrimam
730 3401 774 3471 ab
802 3399 910 3470 oculis
936 3421 1077 3486 eorum,
1114 3412 1149 3470 et
1181 3422 1277 3473 mors
1304 3404 1392 3476 ultra
1418 3423 1488 3474 non
1515 3403 1587 3488 erit,
1614 3425 1728 3496 neque

245 3526 355 3594 luctus
381 3543 496 3616 neque
523 3524 654 3594 clamor
680 3542 794 3614 neque
821 3519 924 3591 dolor
949 3519 1014 3590 erit
1040 3521 1142 3591 ultra:
1171 3543 1260 3613 quae
1286 3523 1407 3616 prima,
1438 3523 1604 3595 abierant.
1656 3515 1730 3593 ὃΕ1

245 3644 331 3714 dixit
364 3644 423 3735 qui
457 3643 604 3714 sedebat
636 3643 669 3713 iu
704 3644 827 3712 throno
861 3641 953 3710 Eece
984 3663 1076 3712 nova
1108 3641 1197 3713 lario
1232 3644 1357 3714 omnia.
1409 3645 1452 3715 Et
1485 3643 1567 3715 dicit
1599 3645 1727 3722 Scribe,

245 3767 325 3857 quia
352 3765 440 3835 baec
467 3764 576 3834 verba
610 3762 806 3834 fidelissima
842 3771 920 3832 sunt
954 3771 989 3830 et
1020 3783 1113 3833 vera.
1166 3753 1233 3832 ssEt
1267 3763 1354 3834 dixit
1389 3765 1469 3835 mibi
1496 3766 1637 3836 Factum
1665 3775 1727 3836 est.

242 3887 318 3977 Ego
346 3908 423 3955 sum
451 3875 484 3954 λ
512 3893 546 3954 01
575 3879 623 3967 (a,
660 3883 785 3953 initium
818 3892 852 3952 et
884 3880 969 3951 finis.
1021 3882 1097 3974 Ego
1132 3883 1253 3954 sitienti
1289 3884 1383 3955 dabo
1418 3885 1463 3956 de
1496 3886 1589 3956 lonte
1616 3905 1728 3978 aquae

245 4007 343 4077 vivae
371 4005 488 4096 gyratis.
531 3997 648 4088 7'Qui
675 4003 804 4087 vicerit,
832 3999 1025 4096 possidebit
1051 4003 1147 4089 haec,
1176 4014 1212 4073 et
1237 4025 1299 4074 ero
1327 4005 1372 4075 1111
1399 4007 1497 4090 dene,
1526 4016 1561 4076 et
1586 4007 1641 4076 ille
1666 4007 1730 4076 erit

243 4123 323 4195 mibi
351 4125 447 4195 filius.
500 4117 672 4195 ⁸Timidis
707 4133 821 4194 autem
855 4129 890 4192 01
922 4121 1106 4192 incredulis
1139 4135 1175 4194 et
1201 4127 1398 4196 excaecatis
1424 4135 1459 4196 et
1486 4125 1667 4198 homicidis
1694 4137 1733 4196 et-

243 4245 508 4315 lornieatoribus
536 4252 571 4314 01
596 4243 749 4314 veniliois
782 4253 817 4314 et
851 4241 1004 4314 idolatris
1036 4253 1072 4312 ct
1105 4243 1265 4315 omnibus
1291 4246 1517 4318 mendacibus
1543 4269 1626 4341 pars
1651 4247 1728 4318 itto-

242 4387 317 4435 rum
359 4367 423 4435 erit
454 4364 488 4434 in
523 4373 647 4456 stagno
683 4363 816 4434 ardenti
849 4363 928 4452 igne
963 4373 998 4432 et
1024 4364 1205 4456 sulphure,
1240 4366 1336 4458 quod
1362 4377 1417 4438 est
1442 4389 1539 4438 mors
1565 4365 1728 4438 secunda.

242 4478 315 4555 ⁹Et
341 4487 433 4556 veuit
460 4505 548 4554 uuus
575 4482 620 4554 de
647 4494 782 4576 septem
811 4483 944 4574 angelis
977 4483 1183 4555 habentibus
1216 4485 1314 4558 lialas
1345 4487 1465 4581 plenas
1492 4497 1625 4582 septem
1652 4488 1728 4580 pla-

243 4605 295 4696 gis
321 4605 525 4689 novissimis,
554 4611 588 4674 et
614 4605 749 4674 locutus
776 4613 830 4673 ost
856 4623 991 4674 mecum
1026 4604 1145 4674 dicens
1177 4607 1273 4693 Veni,
1308 4605 1491 4679 ostendam
1525 4609 1585 4680 tibi
1618 4629 1728 4701 spon-

245 4747 318 4796 sam
354 4747 501 4797 uxorem
536 4725 624 4817 agni.
676 4715 703 4762 ⁴⁰
719 4727 761 4795 111
800 4724 935 4793 sustulit
966 4745 1023 4794 me
1049 4724 1083 4794 in
1118 4727 1237 4818 spiritu
1261 4728 1296 4798 in
1321 4739 1476 4799 montem
1502 4749 1666 4820 magnum
1694 4737 1730 4797 01

245 4847 365 4932 altum,
402 4857 437 4918 et
464 4845 615 4917 ostendit
648 4843 729 4914 mibi
755 4843 925 4915 civitatem
958 4855 1112 4915 sanctam
1145 4845 1355 4918 Hierusalem
1384 4847 1655 4920 descendentem
1682 4847 1728 4918 de

244 4967 343 5036 caelo
371 4988 391 5036 a
418 4965 506 5050 deo,
551 4957 574 5002 Η
595 4965 780 5036 habentem
808 4963 996 5036 claritatem
1023 4965 1096 5035 dei:
1131 4965 1247 5038 lumen
1273 4969 1362 5039 eius*
1380 4969 1490 5041 simile
1516 4968 1619 5060 lapidi
1645 4989 1728 5063 pre-

247 5087 335 5157 tioso
369 5095 544 5178 tamquam
584 5085 687 5180 lapidi
716 5080 876 5178 ‘iaspidis
910 5085 997 5156 siout
1030 5087 1236 5180 crystallum.
1265 5081 1315 5126 '¹²
1330 5087 1373 5159 Et
1405 5090 1559 5162 babebat
1593 5111 1729 5164 murum

242 5225 407 5297 magnum
434 5215 469 5275 et
495 5207 618 5291 altum,
653 5205 786 5276 babens
820 5215 940 5297 portas
966 5205 1183 5292 duodecim„
1199 5219 1233 5279 ot
1268 5210 1301 5280 in
1328 5211 1437 5304 portis
1464 5212 1611 5305 angulos
1639 5210 1728 5282 duo-

788 5323 858 5410 XX,
887 5329 910 5396 9
941 5367 985 5378 -
1015 5325 1098 5412 ΧΧ1,
1128 5331 1186 5403 ta.

745 415 1010 482 monstresis
1036 417 1216 482 rausums
1658 423 1732 498 tto
1908 407 1910 414 ’
