4254 6130
281 426 286 434 .
355 365 429 438 aaa
802 343 918 426 nunu
936 359 1089 426 lorcuu
1114 360 1396 426 mosroconuu

1574 465 1839 476 --.--.-...-..-,-

1042 599 1154 669 xxvi.

435 802 620 897 *agappa
651 822 738 872 vero
776 801 822 874 ad
846 802 989 886 Paulum
1017 802 1063 873 ait
1089 803 1295 874 Permittitur
1322 803 1380 874 tibi
1412 802 1507 895 loqui
1534 823 1599 895 pro
1626 812 1732 874 mmet
1759 805 1847 897 ipso.

276 983 282 998 .
357 929 452 998 Tunc
478 925 602 996 Paulus
630 929 770 992 extenta
797 943 900 994 manu
927 922 1044 1016 coepit
1069 923 1236 994 rationem
1263 921 1425 994 reddere.
1468 914 1551 992 'De
1579 923 1740 994 omnibus
1768 923 1846 1015 qui-

356 1049 424 1117 bus
451 1063 598 1115 accusor
624 1062 644 1112 a
670 1040 822 1125 ludaeis,
857 1059 921 1112 rex
956 1040 1127 1136 Agrippa,
1156 1043 1304 1114 aestimo
1330 1064 1387 1114 me
1413 1043 1556 1113 beatum
1584 1042 1678 1135 apud
1706 1051 1741 1114 te
1768 1063 1846 1114 cum

360 1167 424 1236 sim
457 1161 664 1236 defensurus
695 1181 754 1232 me
788 1160 910 1245 bodie,
961 1153 1144 1232 ³maxime
1178 1171 1212 1232 te
1248 1160 1378 1233 sciente
1412 1161 1528 1234 omnia
1554 1181 1644 1254 quae
1672 1160 1766 1254 apud
1791 1161 1847 1232 lu-

289 1297 295 1312 ·
360 1283 472 1358 dacos
498 1289 576 1352 sunt
602 1279 871 1352 consuetudines
903 1289 938 1351 et
965 1279 1203 1371 quaestiones:
1241 1279 1507 1375 propterquod
1534 1281 1684 1352 obsecro
1710 1280 1846 1374 patien-

361 1415 413 1473 ter
446 1421 503 1472 me
536 1397 668 1470 audias.
720 1387 789 1470 ‘bt
821 1397 962 1490 quidem
997 1399 1101 1470 vitam
1137 1421 1252 1471 meam
1288 1421 1307 1470 a
1342 1400 1535 1484 iuventute,
1562 1419 1653 1493 quae
1680 1399 1725 1470 ab
1752 1397 1846 1470 initio

360 1522 421 1593 luit
445 1522 480 1590 in
506 1529 611 1612 gente
637 1539 717 1590 mea
745 1518 777 1588 in
804 1517 1062 1612 Hierosolymis,
1091 1527 1263 1588 noverunt
1290 1539 1413 1590 omnes
1439 1519 1574 1604 ludaei,
1618 1512 1633 1554 ⁵
1645 1519 1846 1612 praescien-

362 1651 413 1712 tes
440 1661 497 1710 me
532 1639 577 1710 ab
608 1637 718 1722 initio,
755 1637 784 1707 si
814 1629 937 1708 'velint
963 1637 1192 1708 testimonium
1225 1622 1429 1730 perbibere,
1465 1637 1627 1730 quoniam
1655 1638 1847 1710 secundum

359 1759 587 1832 certissimam
613 1765 912 1828 sectamnostrae
938 1755 1112 1848 religionis
1138 1756 1207 1826 vixi
1235 1755 1449 1828 Pharisaeus.
1501 1748 1574 1828 “Et
1599 1779 1691 1830 nunc
1721 1757 1755 1828 in
1782 1778 1846 1850 spe

359 1899 452 1972 quae
477 1877 524 1949 ad
549 1884 668 1971 patres
694 1883 835 1946 nostros
861 1873 1139 1968 repromissionis
1164 1874 1253 1946 iacta
1281 1885 1335 1948 est
1361 1897 1381 1946 a
1408 1857 1496 1961 deo,
1525 1885 1580 1948 stc
1606 1876 1733 1948 iudicio
1760 1877 1845 1948 sub-

359 1999 484 2081 iectus,
533 1987 598 2066 'in
632 2016 701 2087 qua
732 1993 789 2064 ΧΠ
823 1995 932 2066 tribus
963 2003 1104 2066 nostrae
1137 2003 1240 2066 nocte
1275 2015 1316 2066 ac
1351 1995 1408 2066 die
1440 1995 1679 2068 deservientes
1705 2003 1848 2089 sperant

361 2114 543 2189 devenire:
579 2113 625 2185 de
652 2135 721 2206 qua
754 2134 819 2206 spe
845 2133 995 2184 accusor
1027 2110 1224 2197 aludaeis,
1252 2136 1327 2185 rex.
1379 2106 1503 2200 8Quid
1529 2112 1730 2186 incredibile
1756 2113 1846 2185 iudi-

360 2245 457 2308 catur
483 2231 576 2327 apud
602 2254 668 2304 vos
694 2231 723 2302 si
750 2232 838 2304 deus
864 2239 1022 2303 mortuos
1049 2230 1215 2304 suscitati
1258 2225 1331 2304 ⁹Ht
1356 2255 1426 2326 ego
1453 2233 1593 2328 quidem
1620 2233 1845 2304 existimave-

359 2375 435 2427 ram
468 2375 526 2424 me
560 2345 732 2424 adversus
770 2373 899 2422 nomen
936 2351 1014 2420 lesu
1048 2350 1192 2421 Nazarei
1225 2352 1359 2424 debere
1395 2356 1501 2426 multa
1539 2344 1679 2424 'contra
1722 2372 1845 2444 agere;

359 2464 386 2510 ⁴⁰
403 2470 500 2566 quod
526 2480 561 2542 et
586 2471 652 2542 ieci
677 2469 946 2564 Hierosolymis,
974 2477 1009 2540 et
1035 2470 1160 2541 multos
1187 2483 1384 2544 sanctorum
1412 2495 1480 2565 ego
1508 2473 1542 2543 in
1568 2470 1767 2544 carceribus
1792 2474 1868 2542 iu-¹

361 2591 460 2675 clusi,
492 2611 513 2660 a
547 2587 759 2683 principibus
792 2581 1013 2661 sacerdotur‘n
1048 2597 1222 2681 potestate
1248 2601 1410 2686 accepta,
1438 2602 1474 2664 et
1500 2613 1578 2663 cum
1606 2590 1847 2662 occiderentur

360 2709 466 2783 detuli
499 2708 719 2792 sententiam,
781 2700 804 2744 ⁴¹
820 2717 856 2779 et
890 2728 955 2801 per
988 2728 1109 2778 omnes
1140 2731 1342 2804 synagogas
1374 2713 1572 2804 frequenter
1604 2710 1749 2804 puniens
1783 2731 1846 2781 eos

360 2826 601 2921 conpeHebam
633 2825 893 2919 blasphemare,
927 2835 962 2898 et
988 2827 1134 2920 amplius
1160 2829 1332 2902 insaniens
1367 2831 1401 2900 in
1428 2852 1493 2903 eos
1518 2829 1760 2924 persequebar
1785 2851 1846 2900 us-

359 2969 428 3042 que
453 2948 489 3017 in
522 2955 662 3016 exteras
693 2945 857 3016 civitates.
910 2939 936 2986 ¹²
952 2947 987 3016 ln
1014 2947 1139 3038 quibus
1167 2948 1250 3020 dum
1282 2947 1369 3020 irem
1395 2950 1604 3022 Damascum
1637 2971 1715 3022 cum
1742 2958 1845 3041 pote-

359 3075 448 3138 state
475 3073 511 3136 et
535 3064 710 3158 permissu
735 3065 926 3158 principum
954 3065 1192 3152 sacerdotum,
1245 3059 1271 3106 ¹³
1284 3067 1341 3142 die
1368 3067 1485 3140 media
1510 3069 1583 3141 vidi
1609 3070 1643 3139 in
1669 3067 1743 3152 via,
1770 3089 1844 3152 rex,

360 3186 407 3258 de
440 3185 539 3257 caelo
574 3205 678 3276 supra
713 3184 936 3278 splendorem
971 3185 1054 3256 solis
1087 3184 1350 3258 circumfulsisse
1385 3208 1443 3258 me
1476 3189 1592 3260 lumen
1622 3196 1659 3258 et
1693 3207 1756 3258 eos
1789 3187 1847 3279 qui

358 3323 496 3378 mecum
522 3304 623 3375 simul
649 3312 762 3387 eraut,
807 3292 1042 3396 “omnesque
1068 3325 1133 3376 uos
1159 3325 1238 3376 cum
1265 3304 1518 3378 decidissemus
1543 3307 1577 3378 in
1603 3321 1747 3392 terram,
1781 3329 1845 3378 au-

359 3425 429 3497 divi
455 3443 580 3496 vocem
606 3425 804 3515 loquentem
831 3421 913 3494 mibi
939 3422 1125 3494 hebraeica
1152 3424 1266 3516 lingua
1293 3425 1396 3496 Saule
1423 3426 1542 3510 Saule,
1571 3425 1655 3518 quid
1681 3449 1738 3498 me
1764 3447 1846 3520 per·

360 3545 546 3637 sequeris?
573 3543 696 3614 durum
725 3543 864 3613 esttibi
891 3552 1012 3614 contra
1038 3543 1211 3614 stimulum
1238 3545 1424 3616 calcitrare.
1479 3537 1505 3582 ¹⁵
1519 3544 1597 3638 Ego
1632 3555 1747 3618 autem
1774 3545 1846 3616 dixi
1949 3595 1951 3601 ι

294 3695 298 3704 ·
361 3663 447 3750 Quis
474 3683 523 3748 es,
552 3661 717 3733 dominat
742 3662 911 3733 Dominus
936 3671 1052 3734 autem
1079 3659 1166 3732 dixit
1191 3662 1266 3754 Ego
1292 3665 1389 3734 lesus
1415 3685 1520 3757 quern
1546 3673 1582 3735 tu
1614 3665 1845 3759 persequeris.

359 3775 470 3853 ”Sed
496 3789 533 3852 et
557 3801 663 3872 surge
695 3789 730 3851 et
756 3789 810 3852 sta
845 3799 950 3873 super
976 3778 1088 3874 pedes
1120 3791 1217 3853 tuos:
1253 3782 1300 3854 ad
1332 3781 1400 3852 hoc
1434 3781 1526 3854 enirn
1554 3784 1699 3877 apparui
1724 3783 1784 3856 tibi
1811 3793 1847 3854 ut

359 3901 566 3974 constituam
592 3909 627 3971 ta
653 3899 842 3970 ministrnm
877 3906 913 3968 et
939 3906 1064 3970 testem
1090 3919 1213 3972 eorum
1245 3920 1336 3991 quae
1361 3897 1478 3972 vidisti
1511 3911 1546 3973 et
1572 3923 1695 3976 eorum
1721 3903 1846 3998 quibm

360 4019 540 4113 apparebo
567 4019 641 4103 tibi,
685 4010 711 4053 ¹⁷
729 4017 881 4112 eripiens
913 4026 948 4087 te
975 4015 1021 4087 de
1048 4019 1186 4112 populis
1219 4028 1255 4089 et
1280 4018 1456 4111 gentibus,
1484 4019 1518 4090 in
1544 4043 1635 4114 quas
1660 4044 1751 4094 nunc
1777 4043 1846 4115 ego

359 4140 456 4210 mitto
483 4147 518 4209 te
560 4131 587 4176 ¹⁸
604 4138 740 4231 aperire
759 4138 888 4210 oculos
914 4157 1053 4222 eorum,
1086 4146 1123 4209 ut
1148 4146 1392 4210 convertantur
1424 4161 1446 4210 a
1472 4140 1626 4212 tenebris
1661 4141 1708 4214 ad
1733 4143 1846 4213 lucem

360 4267 396 4330 et
422 4257 468 4330 de
494 4265 668 4351 potestate
694 4267 836 4330 sambae
863 4256 1052 4342 addeum,
1079 4259 1126 4328 uti
1152 4255 1322 4350 accipiunt
1356 4259 1594 4332 remissionem
1621 4270 1847 4354 peecatorum

359 4397 501 4450 suorum
535 4386 570 4448 et
604 4385 733 4448 sortem
765 4377 853 4448 inter
887 4385 1028 4446 sanctos
1063 4397 1127 4469 per
1158 4375 1263 4450 fidem
1295 4397 1386 4468 quae
1421 4388 1475 4448 est
1507 4378 1542 4450 in
1574 4401 1641 4451 me.
1695 4370 1720 4416 ¹⁹
1738 4379 1845 4464 Unde,

359 4517 423 4568 rex
457 4495 629 4590 Agrippa,
664 4517 734 4568 uon
766 4496 811 4568 tui
846 4492 1041 4567 incredulus
1076 4495 1236 4568 caelestis
1269 4495 1425 4580 visionis,
1470 4488 1496 4534 ¹⁰
1513 4495 1577 4570 sed
1601 4497 1657 4570 bis
1683 4498 1741 4591 qui
1767 4506 1848 4569 sunt

359 4615 521 4688 Damasci
547 4615 694 4708 prinmm
722 4625 757 4686 et
782 4614 1034 4708 Hierosolymis
1062 4615 1156 4686 etin
1182 4615 1275 4686 omni
1301 4615 1444 4708 regione
1470 4616 1598 4688 ludeae
1625 4627 1660 4688 et
1686 4615 1847 4709 gentibus

304 4793 307 4805 .
361 4734 606 4811 adnuntiabam
634 4745 670 4806 ut
695 4733 936 4828 paenitentiam
964 4746 1111 4826 agerent
1135 4733 1183 4806 et'
1197 4743 1481 4806 converterentur
1510 4736 1556 4807 ad
1591 4735 1714 4820 deum,
1741 4735 1847 4828 digna

359 4855 591 4949 paenitentiae
617 4874 725 4947 opera
751 4855 925 4926 facientes.
977 4844 1002 4889 ²*
1021 4854 1094 4926 Hac
1120 4874 1167 4922 ex
1194 4874 1299 4927 causa
1326 4877 1383 4925 me
1408 4853 1536 4938 ludaei,
1564 4876 1642 4926 cum
1669 4875 1786 4927 essem
1813 4854 1846 4923 in

360 4975 506 5068 templo,
535 4973 826 5066 comprehensum
860 4973 1050 5044 temtabant
1083 4971 1285 5044 interficere.
1345 4966 1371 5010 ²²
1390 4971 1525 5044 Auxilio
1559 4984 1674 5046 autem
1711 4973 1847 5046 adiutus

221 5173 228 5182 g
361 5093 420 5166 dei
445 5115 555 5186 usque
588 5094 622 5162 in
653 5093 856 5166 hodiernum
893 5093 984 5164 diem
1013 5103 1067 5165 sto
1095 5090 1281 5164 testificans
1316 5093 1436 5166 minori
1472 5104 1575 5186 atque
1602 5095 1739 5180 maiori,
1767 5091 1847 5163 nibil

944 5213 1042 5298 XXV,
1076 5216 1087 5282 l
1125 5251 1170 5263 —
1201 5213 1259 5285 22.
