4102 6128
489 267 496 283 Ι
616 331 859 400 eramentu
882 329 1086 414 SECUNMJM
1114 332 1325 400 hamunt
1668 331 1716 412 37

229 539 340 622 lesus,
365 537 458 614 reuit
483 557 585 612 secus
611 557 711 612 unere
736 535 918 622 Galilaeae
946 544 983 608 et
1007 535 1214 613 ascendens
1241 537 1276 610 in
1301 549 1454 616 monem
1481 539 1633 616 sedebat
1659 545 1716 620 ihi.

229 647 317 732 ”Et
341 667 564 732 accesserunt
595 659 641 732 ad
667 679 746 731 eum
771 657 897 732 turbae
921 654 1057 738 namne,
1087 654 1265 734 hahentes
1296 679 1417 732 aecum
1448 671 1566 736 mame
1594 653 1732 738 clodos

231 798 361 852 caecos
395 776 528 850 debiles
561 787 596 849 et
626 779 712 852 alios
751 779 897 862 multoe,
922 785 958 848 et
989 775 1220 867 proiecerunt
1253 798 1316 850 eos
1349 779 1396 852 ad
1426 781 1541 874 pedes
1569 784 1653 869 eius,
1680 795 1717 858 et

231 899 366 974 ouant
391 919 469 982 eoe,
505 889 528 936 ³¹
544 897 591 972 ita
616 909 654 972 ut
678 893 801 972 turbae
827 899 1030 972 un'rarenw
1062 895 1229 972 videntes
1265 907 1379 974 muws
1413 899 1612 992 loquentes,
1641 905 1715 978 clo·-

230 1017 303 1092 doe
327 1017 555 1102 ambulantes,
580 1039 707 1092 caecos
732 1019 901 1104 videntes,
928 1027 963 1090 et
986 1015 1262 1110 magrrifieahant
1286 1019 1390 1094 ἀοιιω
1408 1020 1547 1094 Israhel.
1574 1014 1601 1062 ³²
1615 1024 1714 1099 lesus

231 1147 350 1216 autem
376 1137 576 1212 maccam
609 1138 785 1232 discipulis
819 1139 894 1212 suis
920 1137 1008 1212 dixit
1030 1137 1208 1212 Misereor
1232 1139 1370 1225 turbae,
1396 1139 1478 1233 quia
1505 1141 1618 1216 clauo
1644 1143 1713 1216 iam

232 1269 462 1353 perseverent
485 1277 621 1332 mecum
647 1267 682 1330 et
707 1281 776 1332 non
802 1259 932 1332 hahent
949 1256 1044 1352 quod
1064 1259 1291 1332 manducent:
1318 1269 1354 1330 et
1379 1260 1550 1336 dimittere
1569 1282 1633 1336 eos
1659 1261 1711 1334 ie-

232 1380 333 1452 iruros
360 1379 450 1464 nolo,
476 1399 523 1452 ne
549 1377 709 1454 deliniant
733 1379 768 1452 in
792 1380 859 1455 via.
910 1371 937 1420 ³³
952 1380 995 1452 Et
1019 1379 1144 1454 dicunt
1168 1379 1200 1450 ei
1226 1363 1382 1474 discipuli
1408 1379 1506 1454 Unde
1530 1402 1617 1473 ergo
1643 1401 1710 1454 no·-

231 1501 288 1572 bis
314 1499 350 1570 in
376 1499 517 1572 deserto
543 1519 652 1592 panes
679 1507 793 1572 tentos
820 1509 858 1572 ut
884 1509 1079 1572 saturemus
1108 1499 1245 1572 turbam
1271 1504 1422 1604 tantam?
1460 1491 1487 1538 ³*
1503 1500 1548 1574 Et
1572 1501 1709 1574 aitillis

231 1621 331 1692 lesus
365 1619 456 1703 Quot
489 1639 600 1712 panes
626 1619 786 1693 hahetis?
831 1618 877 1694 At
907 1621 952 1692 illi
981 1619 1148 1696 dixerunt
1178 1620 1333 1714 Septem,
1371 1631 1406 1694 et
1436 1641 1571 1718 paucos
1601 1619 1708 1713 pisci-

232 1741 341 1816 culos.
392 1731 419 1778 ³³
433 1739 477 1810 Et
498 1739 676 1833 praecepit
707 1739 832 1812 tuuhao
860 1749 897 1810 ut
927 1740 1167 1814 discumberet
1191 1749 1455 1834 superterram.
1501 1731 1528 1780 ³⁸
1544 1740 1586 1812 Et
1615 1741 1707 1814 aeci-

232 1861 333 1955 piena
360 1869 494 1952 septem
520 1879 631 1951 panes
657 1870 692 1932 et
715 1859 834 1953 pisces
869 1870 905 1932 et
928 1861 1058 1953 gratias
1086 1881 1197 1953 agens
1221 1861 1322 1952 fregit
1345 1869 1381 1934 et
1408 1859 1507 1934 dedit
1531 1859 1707 1953 discipulis
1846 1860 1847 1864 '

232 1981 323 2066 erus,
351 1989 387 2050 et
416 1978 574 2072 discipuli
613 1979 784 2054 dederunt
823 1981 963 2074 populo.
1014 1970 1097 2052 ³7lit
1138 1980 1362 2054 comederunt
1393 2000 1517 2054 omnes
1550 1989 1586 2052 et
1610 1988 1707 2054 satu·

232 2102 299 2174 rati
326 2110 413 2172 aunt
445 2099 488 2172 Et
513 2098 610 2191 qnod
635 2098 801 2193 superluit
825 2099 874 2172 de
898 2101 1099 2193 fragmentis
1126 2101 1279 2186 mhrrmt,
1306 2109 1441 2193 septem
1467 2108 1606 2192 sportas
1631 2100 1707 2192 ple-

233 2244 308 2294 naa
340 2213 367 2262 ³
382 2221 486 2294 Erant
517 2228 633 2294 autem
657 2220 715 2313 qui
743 2218 1036 2294 manducaverant
1069 2230 1232 2314 quaauor
1266 2220 1356 2292 milia
1392 2219 1569 2294 homiuum
1602 2228 1707 2296 extra

234 2342 399 2438 parvulos
426 2351 462 2414 et
486 2339 658 2416 mulieres
683 2333 711 2382 ³⁹
726 2341 769 2412 tlt
785 2339 929 2414 dimam
954 2341 1055 2414 turha
1082 2341 1238 2416 aseendit
1261 2342 1296 2416 in
1320 2339 1522 2426 naucum,
1548 2347 1585 2412 et
1611 2339 1721 2412 venit-

235 2465 270 2536 in
295 2463 383 2534 fines
408 2459 588 2554 Magedan

931 2735 1011 2808 xvi.

316 2932 435 2992 aaran.)
452 2943 494 3016 lit
519 2953 745 3014 accesserunt
778 2943 824 3016 ad
850 2965 930 3018 enm
956 2944 1133 3016 Pharisaei
1163 2954 1200 3016 et
1224 2942 1420 3016 Sadducaei
1446 2951 1646 3026 tementes,
1673 2951 1710 3016 et

239 3071 450 3158 rogaverant
476 3081 555 3134 eum
582 3072 619 3136 ut
650 3064 788 3157 Quum
813 3064 861 3136 de
888 3065 985 3136 carlo
1012 3065 1213 3138 ostenderet
1238 3065 1325 3157 eis„
1358 3055 1479 3112 ΝΜ)
1498 3060 1545 3134 At
1569 3062 1625 3134 ille
1650 3083 1705 3134 re-

239 3183 420 3280 spondens
446 3185 493 3256 ait
518 3183 569 3254 eis
587 3183 693 3256 Facto
720 3205 868 3277 vespere
887 3184 998 3257 dicitis
1016 3185 1184 3256 Serenum
1202 3186 1274 3269 erit,
1299 3183 1527 3256 rubicundum
1545 3191 1600 3254 est
1616 3181 1707 3254 enim

238 3306 386 3378 caelum:
425 3297 439 3342 ³
456 3313 491 3376 et
510 3323 615 3376 mane
632 3302 744 3375 Hodie
761 3314 958 3398 tempestae
984 3305 1099 3376 rutilat
1120 3303 1325 3376 enimtriste
1342 3304 1485 3376 caelum.
1511 3289 1707 3374 ‘ttius-tp„

238 3427 329 3500 scm
353 3447 441 3518 ergo
465 3403 769 3498 menomenae
792 3425 918 3510 nostis,
952 3425 1053 3516 signa
1085 3433 1199 3496 antem
1232 3431 1428 3516 temporum
1453 3441 1524 3494 non
1549 3421 1706 3513 potestis.

240 3547 421 3618 Generatio
454 3544 544 3616 mela
576 3553 612 3615 et
644 3544 798 3617 adultera
831 3544 967 3637 signum
1000 3543 1147 3638 quent,
1187 3553 1222 3614 et
1253 3541 1395 3635 signum
1416 3563 1486 3614 non
1509 3540 1651 3614 dehine
1675 3541 1708 3615 ei
1830 3635 1833 3642 Ι

237 3667 304 3738 nisi
330 3667 465 3759 signum
495 3665 607 3736 lonae.
650 3665 694 3736 Et
723 3665 849 3737 relictis
882 3665 946 3736 illis
978 3665 1069 3736 abiit.
1120 3656 1193 3734 ὅΕι
1226 3683 1305 3734 cum
1339 3664 1515 3735 venissent
1548 3661 1708 3756 discipuli

239 3788 313 3858 eius
339 3787 583 3871 transfretum,
610 3784 705 3858 obliti
731 3795 810 3858 sunt
834 3807 946 3880 panes
970 3787 1138 3880 accipere.
1170 3771 1292 3831 “imi
1311 3785 1377 3872 Qui
1403 3783 1489 3857 dixit
1513 3783 1577 3854 illis
1595 3785 1707 3854 intuc-

240 3908 321 3982 mini
348 3918 383 3978 et
409 3915 531 3979 cavete
558 3927 579 3976 a
605 3907 772 3977 termento
799 3904 1060 3979 Pharisaeorum
1086 3917 1122 3978 et
1147 3905 1437 3980 Sadducaeorum.
1469 3895 1583 3954 'iffi’
1601 3903 1646 3975 At
1665 3903 1709 3974 illi

205 4051 208 4060 ¹
240 4026 437 4120 munt
459 4027 548 4098 'utar
574 4045 616 4098 eo
640 4025 796 4098 dicentes
818 4027 902 4118 qrria
926 4049 1035 4120 panes
1060 4049 1132 4099 non
1156 4027 1364 4120 accepimus
1413 4017 1565 4098 ⁸Seiens
1592 4035 1708 4100 autem

240 4149 337 4222 lecu
361 4147 452 4220 dixit
479 4143 572 4232 Ora'd
596 4147 755 4240 oegr‘tntis
780 4147 869 4220 inter
892 4167 976 4234 vos,
1002 4149 1163 4222 modicae
1189 4147 1389 4242 fideicida
1414 4155 1524 4240 panes
1549 4165 1619 4220 nen
1644 4143 1709 4216 ha·

239 4269 353 4340 heliel
395 4259 587 4340 ”Nondum
612 4267 814 4359 intellegite,
839 4287 954 4361 neque
980 4269 1208 4344 recommtri
1233 4269 1386 4364 quinam
1408 4289 1537 4362 purum
1559 4266 1709 4359 qumque

240 4387 331 4462 nitio
363 4387 552 4474 horninun,
588 4397 624 4462 et
654 4397 740 4484 quot
772 4387 940 4481 cophinos
975 4391 1168 4464 sumsistis?
1220 4381 1246 4430 ¹⁰
1261 4391 1384 4484 Neque
1414 4397 1551 4482 septem
1578 4408 1707 4480 panum

241 4515 402 4599 αμψοτ
421 4507 519 4580 *milia
543 4507 731 4594 haut,
753 4518 792 4582 et
813 4518 901 4602 quot
922 4519 1064 4603 'mortes
1090 4511 1285 4584 sumsistis?
1329 4503 1351 4548 ¹⁴
1373 4511 1490 4596 Quare
1514 4529 1582 4582 non
1609 4506 1707 4580 intel·

240 4625 352 4720 teptis
374 4626 458 4718 upria
482 4645 554 4700 non
576 4629 626 4702 de
651 4651 742 4723 pane
768 4629 841 4704 dixi
865 4631 969 4702 vohis
994 4631 1122 4704 Cavete
1148 4653 1166 4702 a
1193 4633 1361 4704 lermento
1385 4629 1648 4704 Pharisaeorum
1674 4635 1710 4700 et

241 4745 549 4822 Sadrhoaeorunrt
598 4741 625 4790 ¹²
638 4751 733 4822 Tunc
756 4750 1101 4846 intellexerantquia
1126 4773 1195 4823 non
1221 4751 1348 4822 dixerit
1373 4749 1566 4822 carendum
1593 4750 1708 4820 a'ler-

241 4879 357 4942 monto
380 4889 507 4962 panum
525 4869 588 4962 eorl
608 4865 802 4944 adoetrina
819 4871 1084 4946 Pharisaeorum
1102 4881 1138 4944 ct
1153 4870 1448 4944 Sadducaeorum.
1474 4862 1501 4912 ⁴³
1513 4861 1601 4918 (aar.)
1614 4868 1712 4940 Venit

240 4999 356 5064 auten
382 4989 478 5062 iesus
502 4988 536 5060 in
562 4999 680 5083 partes
707 4991 901 5065 manneae
926 4993 1085 5086 Philippi,
1108 5003 1148 5064 et
1171 4992 1408 5086 interrogabat
1422 4992 1612 5086 diarripulos
1626 5009 1710 5062 suos

242 5111 361 5186 deors
394 5111 510 5196 Quen
540 5110 671 5184 dicunt.
688 5111 846 5186 homines
880 5135 963 5186 asae
995 5111 1100 5204 lilium
1133 5113 1305 5185 hanamal
1354 5104 1382 5152 ¹⁸
1398 5112 1443 5187 lu
1474 5113 1519 5186 hi
1551 5113 1711 5186 dixerunt

745 5231 813 5317 XV,
842 5235 889 5305 86
945 5273 990 5286 -
1043 5233 1209 5319 livill.
