4102 6128
612 421 855 486 ssvANGuctuu
884 421 1089 484 SECUNDUM
1114 421 1321 488 MATTHEUM
1669 431 1711 502 24

649 529 722 536 φ--ι-
726 529 795 536 ——nn
798 527 982 536 —n-——w-

231 651 305 712 suo,
324 649 404 700 reus
422 637 486 699 ent
502 627 644 700 raucio:
670 625 727 718 qui
745 635 864 696 autern
887 624 1020 696 dixerit
1037 626 1130 698 fratri
1149 649 1215 698 suo
1234 629 1350 715 racha,
1378 653 1458 704 reus
1476 634 1539 704 erit
1556 635 1716 708 coneilio:

232 750 289 842 qui
316 758 431 821 autem
457 748 583 820 dixerit
606 749 706 830 fatue,
733 767 815 816 reus
842 745 910 816 crit
937 743 1118 836 gehennae
1144 748 1242 840 ignis.
1279 741 1306 786 ‘³
1320 751 1355 820 Si
1382 773 1468 846 ergo
1494 755 1619 826 offeres
1636 779 1716 828 rnu-

232 893 296 940 nus
322 879 416 940 tuum
444 869 490 940 ad
516 871 631 950 altare,
659 877 694 937 et
726 865 772 936 ibi
797 864 1011 936 recordatus
1037 865 1140 937 fueris
1167 869 1247 960 quia
1281 871 1386 942 irater
1418 883 1494 944 tuus
1520 874 1625 946 habet
1651 877 1715 946 ali-

233 989 314 1082 quid
341 990 524 1063 adversum
553 1000 595 1073 te,
640 976 834 1079 “relinque
860 985 910 1056 ibi
939 1007 1060 1058 munus
1087 997 1181 1058 tuum
1208 989 1254 1060 ad
1280 991 1407 1075 altare,
1443 1003 1477 1064 et
1501 994 1593 1066 vade
1619 996 1715 1088 prius

233 1109 455 1181 reconciliare
490 1109 583 1180 fratri
609 1117 684 1192 tuo,
712 1117 747 1178 et
779 1117 859 1178 tunc
885 1106 1032 1178 veniens
1063 1109 1165 1178 offers
1191 1129 1314 1178 munus
1341 1119 1445 1182 tuum.
1497 1105 1611 1160 “³⁸³“
1628 1116 1713 1188 Esto

233 1230 452 1302 consentiens
478 1229 680 1302 adversario
711 1237 771 1300 tuo
798 1227 865 1298 cito
893 1226 1042 1298 dumos
1074 1228 1108 1298 in
1133 1229 1189 1300 via
1221 1249 1299 1298 curn
1327 1250 1387 1316 eo,
1413 1255 1458 1304 ne
1484 1235 1573 1304 torte
1600 1235 1715 1306 tradat

233 1362 268 1422 ιε
295 1351 514 1422 adversarius
540 1339 657 1433 iudici,
685 1357 721 1420 et
745 1349 852 1422 iudex
877 1347 994 1420 tradat
1024 1357 1059 1419 te
1084 1347 1238 1419 ministro
1270 1357 1307 1418 et
1331 1373 1366 1420 m
1392 1374 1567 1424 carcerem
1594 1355 1712 1426 mitta-

234 1473 290 1542 ris.
329 1463 480 1542 ”Amen
506 1469 585 1542 dico
613 1468 688 1552 tibi,
715 1489 785 1540 non
811 1469 911 1540 exies
944 1468 1024 1540 inde
1057 1468 1169 1540 donec
1205 1468 1335 1542 reddas
1368 1472 1589 1544 novissimum
1623 1496 1712 1566 qua-

233 1593 401 1664 drantem.
426 1583 453 1626 ‘²
467 1579 554 1636 ‘³⁷³⁰‘
573 1588 724 1660 Audistis
750 1589 830 1680 quia
848 1589 977 1661 dictum
995 1599 1049 1662 εει
1066 1589 1210 1681 antiquis
1227 1590 1306 1660 Non
1323 1593 1571 1664 moechaveris.
1596 1584 1623 1630 ‘⁸
1634 1593 1713 1686 ugo

234 1723 349 1784 autem
376 1711 456 1784 dico
483 1708 584 1780 vobis
611 1708 773 1801 quoniam
800 1710 912 1782 omnis
939 1710 996 1804 qui
1022 1709 1146 1781 viderit
1178 1710 1356 1782 mulierem
1389 1713 1434 1786 ad
1462 1713 1713 1807 eoncupiscen-

234 1833 316 1906 dum
344 1854 433 1914 eam,
460 1829 529 1900 iam
556 1828 760 1900 moechatus
787 1840 842 1902 est
867 1852 945 1902 eam
971 1831 1005 1902 io
1030 1831 1141 1903 corde
1167 1851 1240 1900 suo.
1284 1821 1312 1868 ²⁹
1326 1833 1429 1917 Quod
1449 1833 1478 1904 si
1496 1833 1615 1904 oculus
1633 1844 1714 1906 tuus

234 1955 360 2027 dexter
385 1949 596 2023 scandalizat
622 1957 672 2033 te,
709 1971 793 2020 erue
820 1971 900 2022 eum
926 1961 962 2022 et
987 1951 1107 2044 proice
1132 1950 1197 2022 abs
1223 1960 1274 2020 te:
1303 1953 1448 2046 expedit
1473 1953 1563 2024 enim
1590 1953 1649 2024 tibi
1676 1965 1715 2025 ut
1786 1983 1790 1996 ·

235 2082 356 2168 pereat
382 2093 484 2142 uuum
517 2069 754 2142 membrorum
787 2079 923 2142 tuorum
957 2093 1061 2163 quam
1087 2081 1196 2142 totum
1223 2093 1352 2166 corpus
1377 2083 1472 2144 tuum
1497 2072 1647 2145 mittatur
1678 2074 1715 2146 in

235 2193 438 2287 gebennam.
490 2181 517 2228 ³⁰
533 2191 576 2262 Et
601 2190 630 2262 si
656 2191 804 2264 dextera
832 2213 953 2262 manus
980 2200 1037 2264 tua
1063 2191 1274 2264 scandalizat
1307 2201 1356 2278 te,
1393 2191 1536 2264 abscide
1566 2215 1645 2264 eam
1678 2207 1715 2266 et

235 2314 354 2409 proice
389 2313 454 2386 abs
487 2321 538 2382 te:
576 2311 719 2406 expedit
753 2311 841 2382 enim
873 2311 933 2384 tibi
967 2322 1005 2384 ut
1036 2321 1158 2406 pereat
1183 2335 1285 2384 unum
1314 2313 1550 2384 membrorum
1577 2323 1713 2386 tuorum

235 2455 338 2528 quam
364 2443 475 2506 totum
501 2453 628 2526 eorpus
655 2441 749 2504 tuum
784 2441 843 2504 eat
874 2432 909 2505 iu
943 2433 1147 2526 gebennam.
1198 2425 1221 2470 ³¹
1237 2433 1370 2504 Dictum
1405 2444 1459 2504 est
1484 2445 1598 2506 autem
1626 2436 1712 2520 Qui-

235 2575 383 2648 cumque
409 2553 747 2625 dimiserit-uxorem
775 2552 889 2638 suam,
918 2553 978 2626 det
1001 2553 1047 2624 illi
1072 2553 1222 2624 libellum
1254 2553 1398 2648 repudii.
1450 2546 1477 2592 ³²
1493 2555 1568 2648 Ego
1595 2565 1712 2628 autem

236 2675 314 2748 dico
340 2673 441 2746 vobis
468 2675 547 2768 quia
575 2673 687 2746 omnis
713 2673 772 2766 qui
799 2673 966 2748 dimiserit
989 2695 1137 2746 uxorem
1164 2697 1276 2761 suum,
1304 2683 1453 2767 excepta
1480 2675 1712 2749 fornicationis

236 2817 350 2880 causa,
378 2795 560 2868 faciteam
585 2794 772 2878 moechari,
801 2795 920 2886 etqui
946 2795 1122 2866 dimissam
1151 2793 1288 2866 duxerit
1313 2793 1492 2866 adulterat.
1543 2787 1570 2834 π
1585 2797 1711 2870 ltenun

236 2915 379 2990 audistis
405 2915 485 3008 quia
519 2915 646 2986 dictum
682 2923 735 2986 est
769 2915 916 3009 antiquis
941 2917 1016 2987 Non
1051 2914 1239 3008 peierubis,
1272 2915 1401 2988 reddes
1427 2925 1541 2987 autem
1569 2915 1711 2990 domino

236 3039 425 3110 iuramenta
458 3045 532 3106 tua:
577 3022 604 3072 ³‘
620 3035 696 3126 Ego
724 3043 839 3106 autem
866 3035 945 3107 dico
971 3035 1072 3106 vobis
1097 3057 1167 3108 non
1192 3037 1305 3108 iurare
1332 3035 1480 3122 omnino,
1507 3056 1621 3130 neque
1647 3058 1712 3132 per

237 3159 382 3241 caelum,
410 3155 492 3249 quia
519 3155 661 3226 thronus
686 3153 744 3224 dei
779 3165 841 3241 est,
884 3148 913 3196 ³⁵
929 3177 1042 3248 neque
1076 3165 1311 3248 pertarum,
1339 3155 1418 3250 quia
1445 3157 1630 3229 scabeilum
1657 3169 1711 3232 est

238 3279 368 3372 pedum
401 3275 491 3360 eius,
526 3295 641 3368 neque
674 3295 738 3368 per
771 3275 1064 3370 Hierosolymam,
1100 3276 1180 3368 quia
1214 3277 1333 3349 civitas
1370 3287 1424 3348 est
1456 3277 1571 3370 magni
1596 3279 1708 3370 regim

236 3392 263 3438 ³⁵
279 3417 393 3490 neque
419 3415 483 3488 per
509 3406 613 3488 caput
638 3405 732 3467 tuum
757 3396 932 3480 inrorans,
959 3395 1039 3488 quia
1064 3415 1134 3466 nou
1160 3405 1262 3488 potes
1285 3419 1389 3468 unum
1417 3397 1575 3490 capillum
1593 3396 1708 3468 album

237 3519 352 3590 facere
384 3525 443 3588 aut
471 3515 616 3608 nigrum.
667 3509 694 3556 ‘⁷
712 3515 763 3586 Sit
797 3527 911 3587 autem
944 3536 1061 3586 sermo
1094 3524 1211 3586 vester
1238 3525 1379 3599 estest,
1405 3537 1476 3588 non
1501 3537 1587 3588 non:
1615 3513 1709 3608 quod

238 3649 353 3710 autern
378 3636 433 3708 his
459 3635 686 3709 abundantius
712 3646 775 3722 εει,
803 3659 824 3708 a
850 3636 942 3708 malo
969 3645 1031 3708 εει.
1074 3627 1264 3708 “Audistis
1290 3637 1368 3730 quia
1393 3635 1522 3708 dictum
1545 3647 1599 3709 est
1616 3637 1708 3708 Ocu-

238 3759 308 3830 lum
333 3779 398 3851 pro
427 3757 529 3828 oculo
556 3767 592 3828 ot
617 3757 757 3830 dentem
783 3777 847 3849 pro
874 3756 987 3828 dente.
1039 3747 1066 3794 ³⁹
1080 3756 1156 3849 Ego
1183 3769 1298 3830 nutem
1324 3757 1402 3830 dico
1428 3758 1529 3830 vobis
1554 3779 1625 3828 non
1650 3777 1709 3828 re-

239 3879 361 3951 sistere
384 3877 496 3948 malo:
522 3868 600 3922 (Μ)
618 3856 728 3950 sedsi
747 3877 824 3972 quis
841 3887 876 3948 te
893 3877 1102 3970 percusserit
1114 3876 1148 3948 in
1166 3877 1310 3952 dextera
1329 3879 1466 3951 maxilla
1483 3889 1550 3964 tua,
1577 3879 1709 3972 praebe

239 3999 284 4070 iili
310 3999 523 4072 staturam.
575 3986 660 4069 “Et
692 4000 736 4070 iiii
770 3998 829 4092 qui
860 3998 931 4069 vult
963 4005 1077 4070 tecum
1102 3997 1230 4070 iudicio
1263 3997 1474 4071 contendere
1500 4008 1535 4071 et
1560 3999 1708 4070 tunicam

240 4129 332 4192 uram
365 4117 503 4204 tollere,
537 4110 690 4192 ‘remitte
717 4129 752 4192 et
777 4119 923 4212 pallium.
976 4107 1102 4164 “W“
1119 4117 1162 4190 Et
1187 4119 1394 4212 quicumque
1419 4127 1454 4188 te
1481 4119 1710 4213 angariuberit

240 4239 330 4312 mille
355 4259 497 4334 passus,
532 4238 624 4310 vade
651 4261 729 4310 cum
756 4239 812 4310 illo
845 4238 910 4310 aliu
935 4239 1015 4310 duo.
1058 4227 1085 4276 ‘²
1103 4238 1168 4324 Qui
1193 4240 1278 4334 petit
1311 4261 1332 4312 a
1359 4253 1402 4324 tc,
1429 4237 1476 4312 da
1501 4239 1549 4324 ei,
1582 4249 1618 4310 et
1642 4259 1708 4310 vo-

178 4421 179 4426 ,
239 4359 318 4432 lenti
343 4358 490 4432 mutuari
516 4381 537 4431 a
564 4369 598 4430 te
623 4381 668 4430 ne
693 4359 870 4432 avertaris.
920 4347 947 4398 ‘³
960 4347 1035 4406 “¹“
1051 4357 1203 4432 Audistis
1230 4360 1309 4454 quia
1344 4360 1471 4432 dictrnn
1505 4369 1560 4432 εει
1583 4358 1710 4450 diliges

239 4479 435 4573 proximum
462 4489 565 4564 tuum,
594 4488 628 4550 ει
655 4479 736 4551 odio
764 4478 911 4552 babebis
936 4477 1107 4552 inimicum
1133 4489 1237 4551 tuum.
1281 4472 1394 4574 “Ego
1415 4489 1529 4552 antem
1547 4479 1625 4552 dico
1643 4499 1707 4550 vo·

240 4601 294 4672 bis
319 4599 452 4693 Diligite
476 4599 632 4672 inimicos
658 4609 805 4686 vestros,
832 4599 1024 4672 benefacite
1050 4600 1103 4672 his
1121 4600 1179 4694 qni
1205 4601 1352 4674 oderunt
1376 4623 1450 4686 vos,
1477 4611 1512 4671 et
1529 4609 1626 4672 orate
1645 4621 1709 4692 pro

239 4721 527 4815 persequentibus
554 4731 589 4792 et
614 4721 897 4793 calumniantibus
922 4741 1003 4804 vos;
1047 4709 1073 4756 ‘⁵
1089 4729 1126 4791 ut
1151 4721 1224 4792 sitis
1249 4721 1304 4792 filii
1330 4722 1438 4814 patris
1462 4721 1566 4793 vestri
1593 4719 1650 4814 qui
1676 4719 1710 4790 in

240 4841 344 4914 coelis
378 4853 446 4926 est,
474 4841 531 4934 qui
565 4842 675 4914 solem
711 4865 809 4914 suum
843 4841 922 4913 oriri
955 4840 1034 4914 facit
1066 4862 1171 4933 super
1203 4841 1316 4912 bonos
1348 4851 1384 4913 et
1413 4842 1540 4926 malos,
1568 4849 1603 4913 et
1629 4839 1712 4946 pluit

240 4961 479 5054 superiustos
511 4972 547 5034 ot
572 4961 722 5033 iniustos.
775 4951 889 5010 “¹³‘'
904 4963 938 5032 Si
972 4961 1060 5033 enim
1094 4960 1240 5052 diligatis
1274 4985 1337 5032 eos
1372 4963 1429 5056 qui
1462 4983 1526 5035 vos
1559 4961 1709 5054 diiigunt,

240 5103 343 5174 quam
378 5081 575 5154 mercedem
611 5082 809 5154 babebitis?
844 5083 966 5154 Nonne
1001 5091 1036 5152 et
1068 5081 1236 5174 publicani
1268 5081 1336 5156 hoc
1367 5083 1516 5156 iaciunt?
1568 5072 1708 5154 “Etsi

242 5203 468 5276 salutaveritis
494 5205 616 5274 iratres
642 5213 779 5276 vestros
805 5213 950 5286 tantum,
978 5199 1059 5316 quid
1094 5201 1252 5296 amplius.
1272 5202 1406 5276 facitis?
1440 5205 1561 5276 Nonne
1588 5201 1709 5274 ethnici

821 5323 858 5406 V,
887 5327 933 5396 23
983 5363 1025 5374 -
1074 5317 1131 5399 47.
1160 5333 1165 5348 '
