4242 6118
791 385 1032 452 EVANGllllllll
1058 383 1260 450 SECUNDUM
1285 385 1440 450 hldliCUll

1088 623 1141 695 Xl.

420 855 423 862 ’
450 825 570 884 '‘⁴¹⁷³'’
586 834 629 906 Et
656 853 734 904 cum
762 831 1081 925 adpropinquarent
1105 831 1370 925 Hierosolymae
1402 841 1438 902 et
1467 831 1657 904 bethaniae
1683 832 1727 904 ad
1754 855 1854 904 mon·

376 970 445 1030 tem
473 957 652 1038 olivarum,¹
678 952 777 1036 mittit
803 951 894 1026 duos
919 973 966 1022 ex
993 951 1168 1045 discipulis
1193 951 1266 1022 suis
1308 943 1374 1022 ’et
1406 951 1452 1022 ait
1483 951 1547 1022 illis
1579 952 1629 1022 lte
1662 952 1697 1022 in
1729 955 1853 1024 castel-

375 1081 445 1150 lum
472 1075 568 1169 quod
594 1084 649 1144 est
674 1081 793 1144 eontra
819 1094 902 1158 vos,
937 1082 974 1143 et
1007 1071 1120 1143 statim
1155 1072 1366 1142 introeuntes
1397 1072 1479 1146 illud
1513 1071 1694 1144 invenietis
1726 1073 1854 1166 pullum

375 1185 524 1291 ligatum,
552 1214 657 1286 super
683 1212 787 1286 quem
813 1213 917 1264 nemo
944 1192 1060 1264 adhuc
1085 1191 1260 1262 hominum
1288 1192 1395 1264 sedit:
1422 1192 1545 1264 solvite
1569 1193 1662 1262 illum
1688 1203 1725 1264 et
1742 1193 1854 1266 addu-

376 1319 451 1389 cite.
501 1307 570 1386 ³m
594 1313 624 1383 si
650 1313 726 1405 quis
752 1311 855 1383 vobis
881 1312 1009 1384 dixerit
1035 1311 1125 1397 Quid
1151 1312 1284 1384 facitis?
1319 1312 1421 1384 dicite
1447 1313 1528 1406 quia
1561 1313 1702 1386 domino
1729 1335 1854 1384 neces-

376 1437 487 1509 sarius
514 1445 575 1520 est,
604 1441 639 1504 et
665 1432 826 1502 continuo
859 1432 952 1503 illum
986 1432 1132 1504 dimittet
1161 1432 1239 1504 huc.
1296 1422 1411 1482 ΗΜ
1433 1433 1475 1504 llt
1508 1432 1675 1504 abeuntes
1710 1433 1854 1506 invene·
1966 1409 1969 1423 ¹

375 1567 453 1629 runt
485 1555 614 1648 pullum
648 1553 788 1646 ligatum
822 1559 901 1624 ante
936 1553 1072 1624 ianuam
1106 1553 1189 1625 loris
1223 1555 1258 1625 in
1283 1553 1395 1639 bivio,
1423 1561 1459 1626 et
1485 1553 1629 1624 solvunt·
1646 1575 1735 1626 enm.
1787 1546 1855 1626 ⁵Et

376 1676 516 1771 quidam
551 1675 597 1746 de
629 1674 695 1744 illic
728 1673 894 1744 stantibus
928 1672 1089 1745 dicebant
1125 1673 1189 1744 illis
1225 1675 1315 1760 Quid
1348 1674 1456 1746 facitis
1493 1673 1668 1746 solventes
1701 1674 1853 1767 prdlum?

374 1791 472 1884 ⁶Qui
499 1795 659 1870 dixerunt
684 1793 736 1865 eis
762 1793 851 1864 sieut
874 1803 1104 1887 praeceperat
1135 1793 1198 1864 illis
1231 1795 1344 1880 lesus,
1381 1804 1416 1866 et
1441 1793 1645 1866 dimiserunt
1670 1794 1732 1866 eis.
1782 1788 1855 1866 qlit

375 1919 549 1992 duxerunt
572 1916 704 2010 pullum
729 1913 776 1986 ad
801 1914 931 1984 lesum:
960 1923 994 1984 et
1020 1914 1187 2006 inponunt
1211 1914 1257 1984 illi
1282 1915 1488 1986 vestimenta
1514 1935 1588 1998 sua,
1617 1923 1652 1985 et
1678 1913 1768 1986 sedit
1793 1935 1843 1984 su·

374 2059 439 2132 per
470 2057 559 2108 eum.
611 2025 734 2106 ⁸hlulti
768 2043 883 2104 antem
918 2035 1121 2106 vestimenta
1154 2056 1219 2106 sua
1253 2044 1449 2107 stravertmt
1482 2033 1517 2104 in
1547 2035 1621 2118 via,
1656 2033 1711 2104 alii
1738 2043 1853 2104 aulem

375 2155 517 2229 irondes
545 2153 739 2227 caedebant
764 2152 811 2225 de
829 2153 1012 2226 arboribus
1030 2164 1066 2226 et
1084 2155 1282 2226 sternebant
1305 2155 1341 2226 in
1357 2157 1422 2228 via.
1466 2145 1583 2216 ⁹‘⁴⁴‘='·⁴·)
1602 2154 1646 2224 Et
1663 2154 1721 2247 qui
1739 2154 1841 2247 praei·
1941 2137 1942 2141 ¹

374 2279 459 2350 bant
484 2285 520 2348 et
546 2276 604 2368 qui
636 2274 872 2368 sequebantur
904 2274 1099 2346 clamabant
1133 2273 1289 2346 dicentes
1321 2275 1475 2361 Osanna,
1527 2266 1770 2346 ⁴⁰benedictns
1796 2274 1853 2366 qui

308 2473 312 2484 ,
374 2398 469 2471 venit
500 2397 534 2466 iu
566 2394 706 2468 nomine
740 2393 883 2478 domini,
919 2393 1140 2466 benedictum
1174 2393 1270 2487 quod
1302 2397 1397 2466 venit
1420 2417 1575 2488 regnum
1607 2395 1714 2489 patris
1745 2393 1854 2464 nostri

373 2517 503 2602 David,
531 2535 662 2587 osanna
687 2515 722 2584 in
747 2513 905 2586 excelsis.
955 2504 980 2584 i*
997 2505 1086 2561 (md)
1106 2514 1150 2584 Et
1175 2514 1325 2586 introivit
1341 2515 1584 2611 Hierosolyma
1610 2517 1645 2587 in
1671 2515 1852 2606 templum:

375 2649 411 2711 et
437 2635 695 2728 circumspectis
721 2634 890 2720 omnibns,
918 2655 996 2704 cum
1021 2633 1089 2704 iam
1115 2656 1264 2730 vespere
1290 2645 1385 2706 esset
1409 2637 1506 2722 hora,
1533 2635 1641 2707 exivit
1666 2636 1699 2705 in
1725 2633 1853 2706 Betha-

373 2760 465 2830 niam
492 2779 570 2829 cum
596 2753 791 2827 duodecim.
834 2745 861 2799 ¹²
876 2753 919 2824 Et
944 2753 1008 2824 alia
1035 2752 1093 2824 die
1119 2775 1199 2826 cum
1225 2756 1313 2826 irent
1329 2777 1351 2826 a
1368 2756 1541 2842 Bethania,
1561 2756 1687 2840 esuriit,
1714 2747 1740 2792 ⁴³
1753 2777 1853 2826 oum-

375 2901 444 2972 qua
469 2877 615 2950 vidisset
640 2896 661 2946 a
686 2875 790 2968 longe
816 2873 919 2946 ficum
945 2873 1130 2943 habentem
1156 2875 1246 2959 lolia,
1272 2875 1367 2946 venit
1399 2877 1428 2946 si
1455 2877 1539 2970 quid
1572 2879 1660 2948 forte
1685 2876 1853 2948 inveniret

232 3059 238 3078 .
374 3000 409 3070 in
435 3020 488 3084 ea,
515 3007 551 3069 et
577 3017 655 3067 cum
680 2995 834 3067 venisset
859 2993 906 3066 ad
932 3015 1018 3078 eam,
1045 2992 1127 3064 nihil
1154 2994 1282 3066 invenit
1298 3007 1438 3089 praeter
1460 2999 1555 3069 folia:
1581 2996 1759 3070 nonenim
1778 3005 1853 3068 erat

373 3129 510 3212 tempus
536 3116 689 3188 ficorum.
743 3103 768 3152 ¹⁴
781 3115 824 3186 Et
848 3113 1068 3209 respondens
1095 3112 1181 3184 dixit
1206 3115 1240 3186 ei
1265 3116 1336 3188 lam
1361 3139 1433 3188 non
1459 3118 1604 3212 amplius
1622 3119 1656 3188 in
1674 3126 1851 3188 aeternum

374 3240 557 3333 quisquam
589 3237 734 3308 fructum
769 3257 815 3306 ex
847 3243 882 3305 te
912 3232 1106 3305 manducet.
1157 3235 1201 3306 Et
1235 3235 1424 3310 audiebant
1449 3238 1605 3332 discipuli
1631 3237 1716 3310 eius.
1768 3229 1796 3274 ¹⁵
1811 3237 1853 3308 Et

372 3359 513 3431 veniunt
545 3357 829 3450 Hierosolymam
882 3345 975 3404 (Μ
993 3354 1036 3424 Et
1069 3377 1147 3426 cum
1180 3355 1356 3428 introisset
1388 3359 1568 3452 templum,
1597 3359 1712 3452 coepit
1737 3359 1852 3430 eicere

372 3479 567 3552 vendentes
594 3486 630 3548 et
655 3484 810 3546 ementes
837 3475 871 3545 in
898 3475 1036 3567 templo,
1064 3485 1099 3545 et
1124 3495 1263 3548 mensas
1289 3477 1593 3550 nummulariorum
1616 3487 1653 3550 et
1670 3478 1851 3550 cathedras

371 3600 591 3674 vendentium
619 3597 797 3668 columbas
823 3597 955 3680 evertit,
1000 3585 1026 3631 ¹⁶
1043 3605 1079 3666 et
1103 3617 1173 3668 non
1200 3598 1335 3670 sinebat
1368 3609 1405 3670 ut
1437 3600 1620 3692 quisquam
1652 3599 1851 3672 transferret

372 3741 436 3792 vas
463 3741 526 3814 per
553 3718 727 3811 templum.
780 3708 806 3752 ⁴⁷
822 3715 865 3786 Et
891 3715 1044 3787 docebat
1070 3717 1189 3788 dicens
1217 3719 1269 3790 eis
1295 3719 1373 3790 Non
1399 3720 1563 3812 seriptum
1597 3728 1652 3790 est
1677 3718 1757 3811 quia
1783 3718 1850 3790 do-

371 3861 450 3911 mus
476 3859 555 3914 mea
581 3838 708 3910 domus
734 3835 897 3908 orationis
922 3835 1104 3908 vocabitur
1130 3838 1290 3910 omnibus
1316 3839 1501 3930 gentibus?
1527 3841 1598 3910 Vos
1615 3849 1739 3910 autem
1764 3839 1850 3910 feci-

373 3960 434 4030 stis
461 3979 539 4032 earn
565 3960 763 4052 speluncam
789 3957 969 4027 latronum.
1022 3948 1150 4002 'mm'
1170 3959 1247 4043 Quo
1274 3959 1391 4030 audito
1423 3959 1597 4053 principes
1631 3958 1865 4032 sacerdotum.

372 4089 408 4150 et
441 4078 578 4179 scribae
613 4077 826 4170 quaerebant
859 4075 1036 4168 quomodo
1073 4098 1152 4146 eum
1194 4078 1396 4171 perderent:
1434 4079 1598 4150 timebant
1636 4079 1725 4150 enim
1760 4099 1848 4160 eum,

371 4199 534 4293 quoniam
574 4198 734 4268 universa
773 4197 875 4268 turba
913 4195 1149 4268 admirabatur
1189 4219 1295 4292 super
1327 4199 1483 4272 doctrina
1515 4199 1599 4270 eius.
1651 4190 1850 4268 19(1ἳ’·“’·)Ει

371 4339 450 4390 cum
477 4339 626 4410 vespera
652 4319 741 4389 laeta
768 4324 870 4400 esset,
898 4316 1143 4408 egrediebatur
1169 4316 1215 4389 de
1243 4319 1389 4390 civitate.
1416 4311 1497 4390 ”Et
1513 4341 1591 4390 oum
1619 4337 1720 4388 mane
1737 4325 1849 4390 traus-

242 4469 246 4482 ·
370 4440 466 4524 irent,
493 4437 654 4510 viderunt
679 4438 781 4508 licum
808 4437 941 4508 aridam
966 4439 1090 4508 laetam
1117 4459 1138 4508 a
1164 4436 1348 4509 radicibus.
1392 4431 1415 4475 ²¹
1431 4439 1474 4510 Et
1498 4437 1704 4510 reeordatus
1727 4437 1849 4508 Petrus

370 4559 454 4630 dicit
482 4559 514 4628 ei
540 4557 660 4641 llabbi‚
695 4577 778 4628 ecce
810 4556 896 4628 licus
932 4558 987 4629 cui
1019 4557 1228 4630 maledixisti
1263 4559 1359 4630 aruit.
1410 4550 1438 4596 ²²
1451 4547 1544 4608 (Μ
1563 4559 1605 4628 Et
1630 4557 1849 4651 respondens

369 4682 465 4752 lesus
500 4680 546 4750 ait
578 4679 641 4750 illis
675 4678 807 4750 Habete
841 4677 948 4750 fidem
982 4676 1053 4748 dei:
1104 4670 1130 4716 ²³
1147 4700 1250 4750 amen
1282 4679 1362 4750 dieo
1396 4679 1499 4750 vobis
1531 4678 1612 4772 quia
1642 4680 1849 4771 quicumque

370 4799 497 4873 dixerit
523 4800 601 4871 huic
628 4799 734 4870 monti
761 4799 898 4871 Tollere
925 4807 960 4870 et
985 4799 1121 4870 mittere
1146 4801 1181 4870 in
1199 4820 1305 4884 mare,
1333 4809 1368 4870 et
1384 4820 1455 4870 non
1472 4799 1673 4870 hesitaverit
1689 4798 1723 4868 in
1741 4797 1848 4870 corde

369 4941 444 5003 suo,
472 4919 536 4991 sed
563 4919 749 4992 crediderit
774 4921 853 5013 quia
871 4919 1115 5013 quodcumque
1134 4919 1261 4991 dixerit
1277 4919 1344 5004 liat,
1363 4918 1423 4990 fiet
1441 4920 1486 4990 ei.
1513 4909 1539 4956 ²⁴
1553 4907 1641 4966 (Μ)
1659 4918 1848 5011 Propterea

371 5037 451 5110 dico
478 5041 590 5125 vebia,
618 5041 732 5113 omnia
760 5061 1000 5158 quaecumque
1019 5049 1159 5111 orantes
1185 5039 1309 5132 petitis,
1337 5040 1467 5112 credite
1495 5040 1575 5132 quia
1601 5038 1785 5130 accipietis,
1814 5047 1848 5106 et

370 5159 485 5230 veniet
510 5160 620 5232 vobis.
665 5151 792 5208 ΝΜ)
811 5162 853 5230 Et
879 5183 955 5230 enm
984 5159 1116 5230 stabitis
1143 5159 1188 5232 ad
1216 5159 1400 5245 orandum,
1436 5159 1592 5231 dimittite
1619 5159 1647 5228 si
1675 5157 1758 5250 quid
1784 5158 1847 5230 ha-

971 5279 1024 5366 Xl,
1055 5281 1069 5348 l
1106 5319 1151 5332 -
1181 5282 1240 5354 25.
