<?xml version="1.0" encoding="UTF-8"?>
<!DOCTYPE html PUBLIC "-//W3C//DTD XHTML 1.0 Transitional//EN"
    "http://www.w3.org/TR/xhtml1/DTD/xhtml1-transitional.dtd">
<html xmlns="http://www.w3.org/1999/xhtml" xml:lang="en" lang="en">
 <head>
  <title>
</title>
<meta http-equiv="Content-Type" content="text/html;charset=utf-8" />
  <meta name='ocr-system' content='tesseract 3.04.00' />
  <meta name='ocr-capabilities' content='ocr_page ocr_carea ocr_par ocr_line ocrx_word'/>
</head>
<body>
  <div class='ocr_page' id='page_1' title='image "./novumtestamentu02tiscgoog_0295.png"; bbox 0 0 4220 6124; ppageno 0'>
   <div class='ocr_carea' id='block_1_1' title="bbox 377 333 1521 457">
    <p class='ocr_par' dir='ltr' id='par_1_1' title="bbox 377 333 1521 457">
     <span class='ocr_line' id='line_1_1' title="bbox 377 333 1521 457; baseline -0.007 0"><span class='ocrx_word' id='word_1_1' title='bbox 377 379 450 457; x_wconf 76' lang='lat' dir='ltr'>art</span> <span class='ocrx_word' id='word_1_2' title='bbox 595 333 597 340; x_wconf 55' lang='lat'><em>&#39;</em></span> <span class='ocrx_word' id='word_1_3' title='bbox 695 411 697 419; x_wconf 91' lang='lat'>·</span> <span class='ocrx_word' id='word_1_4' title='bbox 879 384 1058 448; x_wconf 78' lang='lat' dir='ltr'>nnsrnnn</span> <span class='ocrx_word' id='word_1_5' title='bbox 1083 382 1135 447; x_wconf 74' lang='lat' dir='ltr'>an</span> <span class='ocrx_word' id='word_1_6' title='bbox 1161 383 1382 450; x_wconf 77' lang='lat' dir='ltr'>somnos.</span> <span class='ocrx_word' id='word_1_7' title='bbox 1518 421 1521 437; x_wconf 87' lang='lat'><em>.</em></span> 
     </span>
    </p>
   </div>
   <div class='ocr_carea' id='block_1_2' title="bbox 307 585 1908 3083">
    <p class='ocr_par' dir='ltr' id='par_1_2' title="bbox 307 585 1908 3083">
     <span class='ocr_line' id='line_1_2' title="bbox 376 585 1846 684; baseline 0 -23"><span class='ocrx_word' id='word_1_8' title='bbox 376 588 482 661; x_wconf 90' lang='lat' dir='ltr'>virtus</span> <span class='ocrx_word' id='word_1_9' title='bbox 508 609 549 659; x_wconf 92' lang='lat' dir='ltr'>ac</span> <span class='ocrx_word' id='word_1_10' title='bbox 575 586 748 672; x_wconf 88' lang='lat' dir='ltr'>divinitas,</span> <span class='ocrx_word' id='word_1_11' title='bbox 781 586 826 657; x_wconf 92' lang='lat' dir='ltr'>ita</span> <span class='ocrx_word' id='word_1_12' title='bbox 857 597 894 659; x_wconf 92' lang='lat' dir='ltr'>ut</span> <span class='ocrx_word' id='word_1_13' title='bbox 927 587 993 659; x_wconf 91' lang='lat' dir='ltr'>sint</span> <span class='ocrx_word' id='word_1_14' title='bbox 1017 589 1287 677; x_wconf 80' lang='lat' dir='ltr'><strong>inexcusabiles,</strong></span> <span class='ocrx_word' id='word_1_15' title='bbox 1339 585 1362 630; x_wconf 79' lang='lat'>²⁴</span> <span class='ocrx_word' id='word_1_16' title='bbox 1383 589 1463 684; x_wconf 89' lang='lat' dir='ltr'>quia</span> <span class='ocrx_word' id='word_1_17' title='bbox 1494 611 1572 661; x_wconf 92' lang='lat' dir='ltr'>cnm</span> <span class='ocrx_word' id='word_1_18' title='bbox 1599 587 1846 680; x_wconf 89' lang='lat' dir='ltr'>cognovissent</span> 
     </span>
     <span class='ocr_line' id='line_1_3' title="bbox 378 706 1843 803; baseline 0 -21"><span class='ocrx_word' id='word_1_19' title='bbox 378 708 496 794; x_wconf 90' lang='lat' dir='ltr'>deum,</span> <span class='ocrx_word' id='word_1_20' title='bbox 522 729 592 778; x_wconf 94' lang='lat' dir='ltr'>non</span> <span class='ocrx_word' id='word_1_21' title='bbox 624 707 709 778; x_wconf 90' lang='lat' dir='ltr'>sicut</span> <span class='ocrx_word' id='word_1_22' title='bbox 741 706 844 779; x_wconf 90' lang='lat' dir='ltr'>deum</span> <span class='ocrx_word' id='word_1_23' title='bbox 871 706 1146 800; x_wconf 88' lang='lat' dir='ltr'>glorificavemnt</span> <span class='ocrx_word' id='word_1_24' title='bbox 1179 719 1236 782; x_wconf 91' lang='lat' dir='ltr'>aut</span> <span class='ocrx_word' id='word_1_25' title='bbox 1261 711 1388 803; x_wconf 79' lang='lat' dir='ltr'>gratias</span> <span class='ocrx_word' id='word_1_26' title='bbox 1415 718 1574 803; x_wconf 90' lang='lat' dir='ltr'>egerunt,</span> <span class='ocrx_word' id='word_1_27' title='bbox 1602 708 1665 780; x_wconf 91' lang='lat' dir='ltr'>sed</span> <span class='ocrx_word' id='word_1_28' title='bbox 1692 731 1843 782; x_wconf 85' lang='lat' dir='ltr'>evanue-</span> 
     </span>
     <span class='ocr_line' id='line_1_4' title="bbox 326 820 1844 934; baseline 0.001 -35"><span class='ocrx_word' id='word_1_29' title='bbox 326 908 342 934; x_wconf 55' lang='lat'><em>„</em></span> <span class='ocrx_word' id='word_1_30' title='bbox 377 839 455 900; x_wconf 91' lang='lat' dir='ltr'>runt</span> <span class='ocrx_word' id='word_1_31' title='bbox 480 829 514 898; x_wconf 94' lang='lat' dir='ltr'>in</span> <span class='ocrx_word' id='word_1_32' title='bbox 539 825 798 919; x_wconf 60' lang='lat' dir='ltr'>cogitationibus</span> <span class='ocrx_word' id='word_1_33' title='bbox 825 826 904 912; x_wconf 87' lang='lat' dir='ltr'>suis,</span> <span class='ocrx_word' id='word_1_34' title='bbox 932 837 967 898; x_wconf 93' lang='lat' dir='ltr'>et</span> <span class='ocrx_word' id='word_1_35' title='bbox 993 827 1212 902; x_wconf 87' lang='lat' dir='ltr'>obscuratum</span> <span class='ocrx_word' id='word_1_36' title='bbox 1238 839 1292 902; x_wconf 92' lang='lat' dir='ltr'>est</span> <span class='ocrx_word' id='word_1_37' title='bbox 1316 831 1478 924; x_wconf 91' lang='lat' dir='ltr'>insipiens</span> <span class='ocrx_word' id='word_1_38' title='bbox 1504 851 1565 902; x_wconf 88' lang='lat' dir='ltr'>cor</span> <span class='ocrx_word' id='word_1_39' title='bbox 1590 850 1720 902; x_wconf 88' lang='lat' dir='ltr'>eorum.</span> <span class='ocrx_word' id='word_1_40' title='bbox 1746 820 1844 901; x_wconf 68' lang='lat' dir='ltr'>”bi-</span> 
     </span>
     <span class='ocr_line' id='line_1_5' title="bbox 379 933 1844 1042; baseline 0 -22"><span class='ocrx_word' id='word_1_41' title='bbox 379 958 497 1020; x_wconf 89' lang='lat' dir='ltr'>centes</span> <span class='ocrx_word' id='word_1_42' title='bbox 523 947 615 1018; x_wconf 92' lang='lat' dir='ltr'>enim</span> <span class='ocrx_word' id='word_1_43' title='bbox 641 968 680 1017; x_wconf 91' lang='lat' dir='ltr'>se</span> <span class='ocrx_word' id='word_1_44' title='bbox 706 967 786 1018; x_wconf 88' lang='lat' dir='ltr'>esse</span> <span class='ocrx_word' id='word_1_45' title='bbox 813 947 993 1042; x_wconf 86' lang='lat' dir='ltr'>sapientes,</span> <span class='ocrx_word' id='word_1_46' title='bbox 1021 949 1109 1021; x_wconf 92' lang='lat' dir='ltr'>stulti</span> <span class='ocrx_word' id='word_1_47' title='bbox 1137 951 1214 1021; x_wconf 89' lang='lat' dir='ltr'>lacti</span> <span class='ocrx_word' id='word_1_48' title='bbox 1233 959 1326 1035; x_wconf 89' lang='lat' dir='ltr'>sunt,</span> <span class='ocrx_word' id='word_1_49' title='bbox 1369 943 1396 988; x_wconf 75' lang='lat'>²³</span> <span class='ocrx_word' id='word_1_50' title='bbox 1409 959 1443 1020; x_wconf 93' lang='lat' dir='ltr'>et</span> <span class='ocrx_word' id='word_1_51' title='bbox 1460 933 1675 1021; x_wconf 85' lang='lat' dir='ltr'>mutaverunt</span> <span class='ocrx_word' id='word_1_52' title='bbox 1701 950 1844 1042; x_wconf 81' lang='lat' dir='ltr'>gloriam</span> 
     </span>
     <span class='ocr_line' id='line_1_6' title="bbox 378 1065 1844 1163; baseline 0.002 -25"><span class='ocrx_word' id='word_1_53' title='bbox 378 1065 637 1162; x_wconf 89' lang='lat' dir='ltr'>incorruptibilis</span> <span class='ocrx_word' id='word_1_54' title='bbox 669 1066 725 1137; x_wconf 90' lang='lat' dir='ltr'>dei</span> <span class='ocrx_word' id='word_1_55' title='bbox 760 1068 794 1136; x_wconf 94' lang='lat' dir='ltr'>in</span> <span class='ocrx_word' id='word_1_56' title='bbox 825 1067 1074 1140; x_wconf 90' lang='lat' dir='ltr'>similitudinem</span> <span class='ocrx_word' id='word_1_57' title='bbox 1107 1069 1263 1162; x_wconf 79' lang='lat' dir='ltr'>imaginis</span> <span class='ocrx_word' id='word_1_58' title='bbox 1296 1069 1522 1163; x_wconf 88' lang='lat' dir='ltr'>corruptibilis</span> <span class='ocrx_word' id='word_1_59' title='bbox 1547 1069 1691 1140; x_wconf 91' lang='lat' dir='ltr'>bominis</span> <span class='ocrx_word' id='word_1_60' title='bbox 1719 1079 1754 1140; x_wconf 89' lang='lat' dir='ltr'>et</span> <span class='ocrx_word' id='word_1_61' title='bbox 1779 1091 1844 1141; x_wconf 93' lang='lat' dir='ltr'>vo-</span> 
     </span>
     <span class='ocr_line' id='line_1_7' title="bbox 380 1167 1845 1284; baseline 0 -24"><span class='ocrx_word' id='word_1_62' title='bbox 380 1191 509 1262; x_wconf 89' lang='lat' dir='ltr'>lucmm</span> <span class='ocrx_word' id='word_1_63' title='bbox 543 1195 578 1258; x_wconf 90' lang='lat' dir='ltr'>et</span> <span class='ocrx_word' id='word_1_64' title='bbox 617 1185 877 1280; x_wconf 78' lang='lat' dir='ltr'>quadrupedum</span> <span class='ocrx_word' id='word_1_65' title='bbox 914 1197 949 1260; x_wconf 91' lang='lat' dir='ltr'>et</span> <span class='ocrx_word' id='word_1_66' title='bbox 982 1189 1198 1282; x_wconf 88' lang='lat' dir='ltr'>serpentium.</span> <span class='ocrx_word' id='word_1_67' title='bbox 1249 1181 1276 1226; x_wconf 55' lang='grc' dir='ltr'><strong><em>Ἃ</em></strong></span> <span class='ocrx_word' id='word_1_68' title='bbox 1292 1167 1434 1284; x_wconf 85' lang='lat' dir='ltr'>Propter</span> <span class='ocrx_word' id='word_1_69' title='bbox 1466 1189 1561 1283; x_wconf 91' lang='lat' dir='ltr'>quod</span> <span class='ocrx_word' id='word_1_70' title='bbox 1596 1188 1735 1261; x_wconf 77' lang='lat' dir='ltr'>tradidit</span> <span class='ocrx_word' id='word_1_71' title='bbox 1770 1189 1845 1261; x_wconf 88' lang='lat' dir='ltr'>illos</span> 
     </span>
     <span class='ocr_line' id='line_1_8' title="bbox 380 1305 1908 1396; baseline -0.002 -15"><span class='ocrx_word' id='word_1_72' title='bbox 380 1309 468 1381; x_wconf 89' lang='lat' dir='ltr'>deus</span> <span class='ocrx_word' id='word_1_73' title='bbox 500 1309 533 1378; x_wconf 94' lang='lat' dir='ltr'>in</span> <span class='ocrx_word' id='word_1_74' title='bbox 559 1305 872 1380; x_wconf 83' lang='lat' dir='ltr'>desideria-cordis</span> <span class='ocrx_word' id='word_1_75' title='bbox 899 1329 1028 1390; x_wconf 89' lang='lat' dir='ltr'>eorum,</span> <span class='ocrx_word' id='word_1_76' title='bbox 1055 1308 1089 1378; x_wconf 94' lang='lat' dir='ltr'>in</span> <span class='ocrx_word' id='word_1_77' title='bbox 1114 1309 1360 1396; x_wconf 87' lang='lat' dir='ltr'>inmunditiam,</span> <span class='ocrx_word' id='word_1_78' title='bbox 1386 1320 1422 1382; x_wconf 93' lang='lat' dir='ltr'>ut</span> <span class='ocrx_word' id='word_1_79' title='bbox 1438 1310 1660 1382; x_wconf 83' lang='lat' dir='ltr'>contumeliis</span> <span class='ocrx_word' id='word_1_80' title='bbox 1685 1308 1846 1380; x_wconf 84' lang='lat' dir='ltr'>adficient</span> <span class='ocrx_word' id='word_1_81' title='bbox 1905 1344 1908 1356; x_wconf 86' lang='lat'>·</span> 
     </span>
     <span class='ocr_line' id='line_1_9' title="bbox 380 1419 1844 1522; baseline -0.001 -21"><span class='ocrx_word' id='word_1_82' title='bbox 380 1449 528 1522; x_wconf 91' lang='lat' dir='ltr'>corpora</span> <span class='ocrx_word' id='word_1_83' title='bbox 554 1428 675 1499; x_wconf 92' lang='lat' dir='ltr'>suain</span> <span class='ocrx_word' id='word_1_84' title='bbox 702 1437 811 1499; x_wconf 90' lang='lat' dir='ltr'>semet</span> <span class='ocrx_word' id='word_1_85' title='bbox 837 1427 936 1522; x_wconf 91' lang='lat' dir='ltr'>ipsis,</span> <span class='ocrx_word' id='word_1_86' title='bbox 979 1419 1074 1521; x_wconf 60' lang='lat' dir='ltr'>”qni</span> <span class='ocrx_word' id='word_1_87' title='bbox 1101 1439 1383 1502; x_wconf 89' lang='lat' dir='ltr'>conmutaverunt</span> <span class='ocrx_word' id='word_1_88' title='bbox 1408 1430 1587 1502; x_wconf 90' lang='lat' dir='ltr'>veritatem</span> <span class='ocrx_word' id='word_1_89' title='bbox 1614 1429 1671 1502; x_wconf 89' lang='lat' dir='ltr'>dei</span> <span class='ocrx_word' id='word_1_90' title='bbox 1694 1429 1728 1500; x_wconf 94' lang='lat' dir='ltr'>in</span> <span class='ocrx_word' id='word_1_91' title='bbox 1746 1450 1844 1500; x_wconf 91' lang='lat' dir='ltr'>men-</span> 
     </span>
     <span class='ocr_line' id='line_1_10' title="bbox 380 1537 1864 1644; baseline -0.003 -21"><span class='ocrx_word' id='word_1_92' title='bbox 380 1549 490 1633; x_wconf 90' lang='lat' dir='ltr'>dacio,</span> <span class='ocrx_word' id='word_1_93' title='bbox 518 1557 553 1620; x_wconf 90' lang='lat' dir='ltr'>et</span> <span class='ocrx_word' id='word_1_94' title='bbox 579 1549 755 1620; x_wconf 88' lang='lat' dir='ltr'>coluerunt</span> <span class='ocrx_word' id='word_1_95' title='bbox 781 1558 815 1618; x_wconf 89' lang='lat' dir='ltr'>et</span> <span class='ocrx_word' id='word_1_96' title='bbox 841 1547 1031 1619; x_wconf 90' lang='lat' dir='ltr'>serviemnt</span> <span class='ocrx_word' id='word_1_97' title='bbox 1057 1559 1235 1621; x_wconf 89' lang='lat' dir='ltr'>creaturae</span> <span class='ocrx_word' id='word_1_98' title='bbox 1261 1549 1374 1644; x_wconf 90' lang='lat' dir='ltr'>potius</span> <span class='ocrx_word' id='word_1_99' title='bbox 1401 1572 1504 1642; x_wconf 91' lang='lat' dir='ltr'>quam</span> <span class='ocrx_word' id='word_1_100' title='bbox 1531 1550 1685 1635; x_wconf 84' lang='lat' dir='ltr'>creatori,</span> <span class='ocrx_word' id='word_1_101' title='bbox 1712 1537 1864 1643; x_wconf 72' lang='lat' dir='ltr'>quiesi·</span> 
     </span>
     <span class='ocr_line' id='line_1_11' title="bbox 380 1657 1845 1764; baseline -0.001 -22"><span class='ocrx_word' id='word_1_102' title='bbox 380 1668 582 1742; x_wconf 90' lang='lat' dir='ltr'>benediotus</span> <span class='ocrx_word' id='word_1_103' title='bbox 613 1669 646 1739; x_wconf 97' lang='lat' dir='ltr'>in</span> <span class='ocrx_word' id='word_1_104' title='bbox 673 1664 837 1741; x_wconf 81' lang='lat' dir='ltr'>saecula&#39;.</span> <span class='ocrx_word' id='word_1_105' title='bbox 889 1658 916 1704; x_wconf 51' lang='grc' dir='ltr'>’Β</span> <span class='ocrx_word' id='word_1_106' title='bbox 933 1657 967 1713; x_wconf 75' lang='lat'>‘⁸‘</span> <span class='ocrx_word' id='word_1_107' title='bbox 985 1667 1173 1763; x_wconf 79' lang='lat' dir='ltr'>Propterea</span> <span class='ocrx_word' id='word_1_108' title='bbox 1207 1668 1345 1741; x_wconf 89' lang='lat' dir='ltr'>tradidit</span> <span class='ocrx_word' id='word_1_109' title='bbox 1377 1668 1452 1741; x_wconf 92' lang='lat' dir='ltr'>illos</span> <span class='ocrx_word' id='word_1_110' title='bbox 1487 1669 1573 1742; x_wconf 88' lang='lat' dir='ltr'>deus</span> <span class='ocrx_word' id='word_1_111' title='bbox 1606 1670 1640 1740; x_wconf 95' lang='lat' dir='ltr'>in</span> <span class='ocrx_word' id='word_1_112' title='bbox 1665 1669 1845 1764; x_wconf 87' lang='lat' dir='ltr'>passiones</span> 
     </span>
     <span class='ocr_line' id='line_1_12' title="bbox 378 1765 1844 1883; baseline 0 -23"><span class='ocrx_word' id='word_1_113' title='bbox 378 1765 594 1883; x_wconf 87' lang='lat' dir='ltr'>ignominiae.</span> <span class='ocrx_word' id='word_1_114' title='bbox 643 1789 729 1860; x_wconf 91' lang='lat' dir='ltr'>Nam</span> <span class='ocrx_word' id='word_1_115' title='bbox 759 1787 906 1860; x_wconf 85' lang='lat' dir='ltr'>feminae</span> <span class='ocrx_word' id='word_1_116' title='bbox 943 1809 1062 1859; x_wconf 90' lang='lat' dir='ltr'>eorum</span> <span class='ocrx_word' id='word_1_117' title='bbox 1087 1789 1336 1862; x_wconf 84' lang='lat' dir='ltr'>inmutaverunt</span> <span class='ocrx_word' id='word_1_118' title='bbox 1367 1790 1555 1862; x_wconf 86' lang='lat' dir='ltr'>naturalem</span> <span class='ocrx_word' id='word_1_119' title='bbox 1580 1811 1679 1862; x_wconf 92' lang='lat' dir='ltr'>usum</span> <span class='ocrx_word' id='word_1_120' title='bbox 1706 1790 1739 1860; x_wconf 94' lang='lat' dir='ltr'>in</span> <span class='ocrx_word' id='word_1_121' title='bbox 1766 1812 1844 1861; x_wconf 93' lang='lat' dir='ltr'>eum</span> 
     </span>
     <span class='ocr_line' id='line_1_13' title="bbox 380 1900 1844 2002; baseline -0.001 -20"><span class='ocrx_word' id='word_1_122' title='bbox 380 1931 479 1982; x_wconf 91' lang='lat' dir='ltr'>usum</span> <span class='ocrx_word' id='word_1_123' title='bbox 506 1909 562 2002; x_wconf 92' lang='lat' dir='ltr'>qui</span> <span class='ocrx_word' id='word_1_124' title='bbox 588 1919 641 1982; x_wconf 91' lang='lat' dir='ltr'>est</span> <span class='ocrx_word' id='word_1_125' title='bbox 667 1916 786 1981; x_wconf 88' lang='lat' dir='ltr'>contra</span> <span class='ocrx_word' id='word_1_126' title='bbox 812 1916 984 1980; x_wconf 89' lang='lat' dir='ltr'>naturam:</span> <span class='ocrx_word' id='word_1_127' title='bbox 1027 1900 1218 1980; x_wconf 67' lang='lat' dir='ltr'>”similiter</span> <span class='ocrx_word' id='word_1_128' title='bbox 1243 1918 1357 1982; x_wconf 89' lang='lat' dir='ltr'>autem</span> <span class='ocrx_word' id='word_1_129' title='bbox 1384 1919 1419 1980; x_wconf 91' lang='lat' dir='ltr'>et</span> <span class='ocrx_word' id='word_1_130' title='bbox 1445 1910 1585 1984; x_wconf 88' lang='lat' dir='ltr'>masculi</span> <span class='ocrx_word' id='word_1_131' title='bbox 1611 1909 1728 1982; x_wconf 88' lang='lat' dir='ltr'>relicto</span> <span class='ocrx_word' id='word_1_132' title='bbox 1746 1919 1844 1982; x_wconf 88' lang='lat' dir='ltr'>natu-</span> 
     </span>
     <span class='ocr_line' id='line_1_14' title="bbox 307 2026 1844 2116; baseline 0.001 -15"><span class='ocrx_word' id='word_1_133' title='bbox 307 2033 311 2038; x_wconf 85' lang='lat'>&#39;</span> <span class='ocrx_word' id='word_1_134' title='bbox 379 2031 441 2102; x_wconf 89' lang='lat' dir='ltr'>rali</span> <span class='ocrx_word' id='word_1_135' title='bbox 465 2051 530 2104; x_wconf 91' lang='lat' dir='ltr'>usu</span> <span class='ocrx_word' id='word_1_136' title='bbox 555 2029 701 2102; x_wconf 80' lang='lat' dir='ltr'>feminae</span> <span class='ocrx_word' id='word_1_137' title='bbox 727 2037 929 2100; x_wconf 85' lang='lat' dir='ltr'>exarsemnt</span> <span class='ocrx_word' id='word_1_138' title='bbox 953 2027 986 2099; x_wconf 93' lang='lat' dir='ltr'>in</span> <span class='ocrx_word' id='word_1_139' title='bbox 1012 2026 1192 2101; x_wconf 85' lang='lat' dir='ltr'>desideriis</span> <span class='ocrx_word' id='word_1_140' title='bbox 1218 2029 1288 2102; x_wconf 88' lang='lat' dir='ltr'>suis</span> <span class='ocrx_word' id='word_1_141' title='bbox 1313 2029 1346 2100; x_wconf 95' lang='lat' dir='ltr'>in</span> <span class='ocrx_word' id='word_1_142' title='bbox 1372 2029 1526 2116; x_wconf 88' lang='lat' dir='ltr'>invicem,</span> <span class='ocrx_word' id='word_1_143' title='bbox 1553 2029 1844 2102; x_wconf 86' lang='lat' dir='ltr'>masculiiuma-</span> 
     </span>
     <span class='ocr_line' id='line_1_15' title="bbox 379 2149 1845 2244; baseline -0.003 -20"><span class='ocrx_word' id='word_1_144' title='bbox 379 2151 494 2224; x_wconf 88' lang='lat' dir='ltr'>sculos</span> <span class='ocrx_word' id='word_1_145' title='bbox 519 2149 759 2244; x_wconf 89' lang='lat' dir='ltr'>turpitudinem</span> <span class='ocrx_word' id='word_1_146' title='bbox 786 2157 971 2241; x_wconf 88' lang='lat' dir='ltr'>operantes</span> <span class='ocrx_word' id='word_1_147' title='bbox 995 2155 1030 2218; x_wconf 88' lang='lat' dir='ltr'>et</span> <span class='ocrx_word' id='word_1_148' title='bbox 1055 2149 1253 2221; x_wconf 82' lang='lat' dir='ltr'>mercedem</span> <span class='ocrx_word' id='word_1_149' title='bbox 1280 2171 1382 2242; x_wconf 89' lang='lat' dir='ltr'>quam</span> <span class='ocrx_word' id='word_1_150' title='bbox 1409 2151 1558 2244; x_wconf 88' lang='lat' dir='ltr'>oportuit</span> <span class='ocrx_word' id='word_1_151' title='bbox 1583 2151 1709 2223; x_wconf 88' lang='lat' dir='ltr'>erroris</span> <span class='ocrx_word' id='word_1_152' title='bbox 1736 2150 1787 2222; x_wconf 91' lang='lat' dir='ltr'>sui</span> <span class='ocrx_word' id='word_1_153' title='bbox 1812 2149 1845 2220; x_wconf 95' lang='lat' dir='ltr'>in</span> 
     </span>
     <span class='ocr_line' id='line_1_16' title="bbox 379 2259 1845 2364; baseline -0.002 -21"><span class='ocrx_word' id='word_1_154' title='bbox 379 2279 490 2344; x_wconf 84' lang='lat' dir='ltr'>semet</span> <span class='ocrx_word' id='word_1_155' title='bbox 522 2269 604 2364; x_wconf 90' lang='lat' dir='ltr'>ipsis</span> <span class='ocrx_word' id='word_1_156' title='bbox 637 2268 849 2363; x_wconf 86' lang='lat' dir='ltr'>recipientes.</span> <span class='ocrx_word' id='word_1_157' title='bbox 901 2259 928 2305; x_wconf 49' lang='grc' dir='ltr'>Β</span> <span class='ocrx_word' id='word_1_158' title='bbox 943 2267 986 2338; x_wconf 89' lang='lat' dir='ltr'>Et</span> <span class='ocrx_word' id='word_1_159' title='bbox 1020 2267 1106 2339; x_wconf 89' lang='lat' dir='ltr'>sicut</span> <span class='ocrx_word' id='word_1_160' title='bbox 1139 2291 1208 2340; x_wconf 90' lang='lat' dir='ltr'>non</span> <span class='ocrx_word' id='word_1_161' title='bbox 1240 2269 1470 2364; x_wconf 88' lang='lat' dir='ltr'>probaverunt</span> <span class='ocrx_word' id='word_1_162' title='bbox 1506 2271 1609 2343; x_wconf 90' lang='lat' dir='ltr'>deum</span> <span class='ocrx_word' id='word_1_163' title='bbox 1649 2269 1780 2343; x_wconf 87' lang='lat' dir='ltr'>babere</span> <span class='ocrx_word' id='word_1_164' title='bbox 1812 2270 1845 2342; x_wconf 95' lang='lat' dir='ltr'>in</span> 
     </span>
     <span class='ocr_line' id='line_1_17' title="bbox 378 2385 1845 2484; baseline -0.002 -20"><span class='ocrx_word' id='word_1_165' title='bbox 378 2391 539 2474; x_wconf 89' lang='lat' dir='ltr'>notitiam,</span> <span class='ocrx_word' id='word_1_166' title='bbox 566 2389 705 2462; x_wconf 91' lang='lat' dir='ltr'>tradidit</span> <span class='ocrx_word' id='word_1_167' title='bbox 728 2389 803 2460; x_wconf 91' lang='lat' dir='ltr'>illos</span> <span class='ocrx_word' id='word_1_168' title='bbox 828 2385 915 2459; x_wconf 89' lang='lat' dir='ltr'>deus</span> <span class='ocrx_word' id='word_1_169' title='bbox 940 2387 973 2458; x_wconf 93' lang='lat' dir='ltr'>in</span> <span class='ocrx_word' id='word_1_170' title='bbox 1000 2387 1186 2482; x_wconf 91' lang='lat' dir='ltr'>reprobum</span> <span class='ocrx_word' id='word_1_171' title='bbox 1213 2411 1359 2476; x_wconf 89' lang='lat' dir='ltr'>sensum,</span> <span class='ocrx_word' id='word_1_172' title='bbox 1386 2400 1422 2462; x_wconf 90' lang='lat' dir='ltr'>ut</span> <span class='ocrx_word' id='word_1_173' title='bbox 1447 2391 1571 2463; x_wconf 84' lang='lat' dir='ltr'>iaciant</span> <span class='ocrx_word' id='word_1_174' title='bbox 1595 2413 1638 2464; x_wconf 89' lang='lat' dir='ltr'>ea</span> <span class='ocrx_word' id='word_1_175' title='bbox 1664 2411 1753 2484; x_wconf 89' lang='lat' dir='ltr'>quae</span> <span class='ocrx_word' id='word_1_176' title='bbox 1776 2411 1845 2462; x_wconf 92' lang='lat' dir='ltr'>non</span> 
     </span>
     <span class='ocr_line' id='line_1_18' title="bbox 379 2502 1844 2604; baseline -0.001 -20"><span class='ocrx_word' id='word_1_177' title='bbox 379 2509 555 2594; x_wconf 90' lang='lat' dir='ltr'>convenit,</span> <span class='ocrx_word' id='word_1_178' title='bbox 596 2502 790 2604; x_wconf 68' lang='lat' dir='ltr'>”repletos</span> <span class='ocrx_word' id='word_1_179' title='bbox 817 2507 910 2580; x_wconf 93' lang='lat' dir='ltr'>omni</span> <span class='ocrx_word' id='word_1_180' title='bbox 934 2507 1105 2600; x_wconf 92' lang='lat' dir='ltr'>iniquitate</span> <span class='ocrx_word' id='word_1_181' title='bbox 1130 2509 1256 2582; x_wconf 91' lang='lat' dir='ltr'>malitia</span> <span class='ocrx_word' id='word_1_182' title='bbox 1281 2510 1668 2584; x_wconf 86' lang='lat' dir='ltr'>inminationeavaritia</span> <span class='ocrx_word' id='word_1_183' title='bbox 1685 2509 1844 2603; x_wconf 91' lang='lat' dir='ltr'>nequitia,</span> 
     </span>
     <span class='ocr_line' id='line_1_19' title="bbox 379 2621 1844 2724; baseline 0.001 -24"><span class='ocrx_word' id='word_1_184' title='bbox 379 2627 652 2724; x_wconf 88' lang='lat' dir='ltr'>plenos-invidia</span> <span class='ocrx_word' id='word_1_185' title='bbox 678 2625 862 2703; x_wconf 91' lang='lat' dir='ltr'>homicidio</span> <span class='ocrx_word' id='word_1_186' title='bbox 889 2628 1106 2700; x_wconf 88' lang='lat' dir='ltr'>contentione</span> <span class='ocrx_word' id='word_1_187' title='bbox 1132 2627 1213 2701; x_wconf 93' lang='lat' dir='ltr'>dolo</span> <span class='ocrx_word' id='word_1_188' title='bbox 1240 2629 1465 2723; x_wconf 80' lang='lat' dir='ltr'>malignitate,</span> <span class='ocrx_word' id='word_1_189' title='bbox 1493 2651 1696 2703; x_wconf 89' lang='lat' dir='ltr'>susurrones</span> <span class='ocrx_word' id='word_1_190' title='bbox 1737 2621 1764 2668; x_wconf 84' lang='lat'>³⁰</span> <span class='ocrx_word' id='word_1_191' title='bbox 1780 2629 1844 2702; x_wconf 84' lang='lat' dir='ltr'>de·</span> 
     </span>
     <span class='ocr_line' id='line_1_20' title="bbox 379 2747 1844 2842; baseline 0 -20"><span class='ocrx_word' id='word_1_192' title='bbox 379 2755 563 2834; x_wconf 87' lang='lat' dir='ltr'>tractores,</span> <span class='ocrx_word' id='word_1_193' title='bbox 590 2749 659 2824; x_wconf 92' lang='lat' dir='ltr'>deo</span> <span class='ocrx_word' id='word_1_194' title='bbox 685 2748 848 2833; x_wconf 88' lang='lat' dir='ltr'>odibiles,</span> <span class='ocrx_word' id='word_1_195' title='bbox 875 2747 1143 2820; x_wconf 90' lang='lat' dir='ltr'>contumeliosos</span> <span class='ocrx_word' id='word_1_196' title='bbox 1170 2749 1339 2842; x_wconf 91' lang='lat' dir='ltr'>superbos</span> <span class='ocrx_word' id='word_1_197' title='bbox 1366 2751 1485 2836; x_wconf 88' lang='lat' dir='ltr'>elatos,</span> <span class='ocrx_word' id='word_1_198' title='bbox 1512 2751 1708 2824; x_wconf 89' lang='lat' dir='ltr'>inventores</span> <span class='ocrx_word' id='word_1_199' title='bbox 1734 2750 1844 2822; x_wconf 89' lang='lat' dir='ltr'>malo-</span> 
     </span>
     <span class='ocr_line' id='line_1_21' title="bbox 379 2861 1843 2964; baseline 0 -22"><span class='ocrx_word' id='word_1_200' title='bbox 379 2891 468 2954; x_wconf 91' lang='lat' dir='ltr'>rum,</span> <span class='ocrx_word' id='word_1_201' title='bbox 500 2865 699 2962; x_wconf 90' lang='lat' dir='ltr'>parentibus</span> <span class='ocrx_word' id='word_1_202' title='bbox 729 2887 799 2938; x_wconf 93' lang='lat' dir='ltr'>non</span> <span class='ocrx_word' id='word_1_203' title='bbox 832 2867 1075 2954; x_wconf 88' lang='lat' dir='ltr'>oboedientes,</span> <span class='ocrx_word' id='word_1_204' title='bbox 1117 2861 1141 2906; x_wconf 77' lang='lat'>³¹</span> <span class='ocrx_word' id='word_1_205' title='bbox 1159 2867 1372 2962; x_wconf 91' lang='lat' dir='ltr'>insipientes,</span> <span class='ocrx_word' id='word_1_206' title='bbox 1404 2869 1654 2964; x_wconf 90' lang='lat' dir='ltr'>inconpositos,</span> <span class='ocrx_word' id='word_1_207' title='bbox 1681 2870 1753 2942; x_wconf 90' lang='lat' dir='ltr'>sine</span> <span class='ocrx_word' id='word_1_208' title='bbox 1779 2867 1843 2943; x_wconf 88' lang='lat' dir='ltr'>ad—</span> 
     </span>
     <span class='ocr_line' id='line_1_22' title="bbox 380 2983 1845 3083; baseline -0.003 -21"><span class='ocrx_word' id='word_1_209' title='bbox 380 2989 541 3074; x_wconf 85' lang='lat' dir='ltr'>lectione,</span> <span class='ocrx_word' id='word_1_210' title='bbox 579 2987 712 3079; x_wconf 88' lang='lat' dir='ltr'>absque</span> <span class='ocrx_word' id='word_1_211' title='bbox 747 2986 906 3075; x_wconf 82' lang='lat' dir='ltr'>loedere,</span> <span class='ocrx_word' id='word_1_212' title='bbox 947 2989 1021 3061; x_wconf 90' lang='lat' dir='ltr'>sine</span> <span class='ocrx_word' id='word_1_213' title='bbox 1051 2987 1303 3062; x_wconf 89' lang='lat' dir='ltr'>misericordia:</span> <span class='ocrx_word' id='word_1_214' title='bbox 1352 2983 1379 3030; x_wconf 77' lang='lat'>³²</span> <span class='ocrx_word' id='word_1_215' title='bbox 1395 2990 1453 3083; x_wconf 92' lang='lat' dir='ltr'>qui</span> <span class='ocrx_word' id='word_1_216' title='bbox 1487 3012 1564 3062; x_wconf 91' lang='lat' dir='ltr'>cum</span> <span class='ocrx_word' id='word_1_217' title='bbox 1598 2990 1757 3064; x_wconf 88' lang='lat' dir='ltr'>iustitiam</span> <span class='ocrx_word' id='word_1_218' title='bbox 1773 2989 1845 3062; x_wconf 62' lang='lat' dir='ltr'>:dei</span> 
     </span>
    </p>
   </div>
   <div class='ocr_carea' id='block_1_3' title="bbox 269 3106 1844 3204">
    <p class='ocr_par' dir='ltr' id='par_1_3' title="bbox 269 3106 1844 3204">
     <span class='ocr_line' id='line_1_23' title="bbox 269 3106 1844 3204; baseline -0.002 -19"><span class='ocrx_word' id='word_1_219' title='bbox 269 3126 270 3138; x_wconf 60' lang='lat'>¹</span> <span class='ocrx_word' id='word_1_220' title='bbox 381 3108 632 3204; x_wconf 83' lang='lat' dir='ltr'>cognovissent,</span> <span class='ocrx_word' id='word_1_221' title='bbox 658 3128 728 3178; x_wconf 92' lang='lat' dir='ltr'>non</span> <span class='ocrx_word' id='word_1_222' title='bbox 753 3106 991 3180; x_wconf 79' lang='lat' dir='ltr'>intellexerunt</span> <span class='ocrx_word' id='word_1_223' title='bbox 1015 3107 1175 3202; x_wconf 91' lang='lat' dir='ltr'>quoniam</span> <span class='ocrx_word' id='word_1_224' title='bbox 1202 3109 1259 3202; x_wconf 93' lang='lat' dir='ltr'>qui</span> <span class='ocrx_word' id='word_1_225' title='bbox 1274 3110 1365 3182; x_wconf 82' lang='lat' dir='ltr'>talia</span> <span class='ocrx_word' id='word_1_226' title='bbox 1389 3119 1495 3202; x_wconf 82' lang='lat' dir='ltr'>agrmt</span> <span class='ocrx_word' id='word_1_227' title='bbox 1512 3109 1605 3203; x_wconf 87' lang='lat' dir='ltr'>digni</span> <span class='ocrx_word' id='word_1_228' title='bbox 1631 3119 1708 3184; x_wconf 89' lang='lat' dir='ltr'>sunt</span> <span class='ocrx_word' id='word_1_229' title='bbox 1724 3119 1844 3194; x_wconf 90' lang='lat' dir='ltr'>morte,</span> 
     </span>
    </p>
   </div>
   <div class='ocr_carea' id='block_1_4' title="bbox 380 3219 1478 3308">
    <p class='ocr_par' dir='ltr' id='par_1_4' title="bbox 380 3219 1478 3308">
     <span class='ocr_line' id='line_1_24' title="bbox 380 3219 1478 3308; baseline -0.004 -4"><span class='ocrx_word' id='word_1_230' title='bbox 380 3253 450 3304; x_wconf 93' lang='lat' dir='ltr'>non</span> <span class='ocrx_word' id='word_1_231' title='bbox 463 3227 585 3302; x_wconf 86' lang='lat' dir='ltr'>&#39;solum</span> <span class='ocrx_word' id='word_1_232' title='bbox 610 3219 676 3298; x_wconf 81' lang='lat' dir='ltr'>&#39;ea</span> <span class='ocrx_word' id='word_1_233' title='bbox 701 3227 833 3308; x_wconf 88' lang='lat' dir='ltr'>laoiunt,</span> <span class='ocrx_word' id='word_1_234' title='bbox 860 3228 925 3302; x_wconf 89' lang='lat' dir='ltr'>scd</span> <span class='ocrx_word' id='word_1_235' title='bbox 951 3238 986 3300; x_wconf 93' lang='lat' dir='ltr'>et</span> <span class='ocrx_word' id='word_1_236' title='bbox 1011 3221 1246 3301; x_wconf 86' lang='lat' dir='ltr'>&#39;consentiunt</span> <span class='ocrx_word' id='word_1_237' title='bbox 1270 3229 1478 3302; x_wconf 81' lang='lat' dir='ltr'>facientibus.</span> 
     </span>
    </p>
   </div>
   <div class='ocr_carea' id='block_1_5' title="bbox 1078 3505 1129 3620">
    <p class='ocr_par' dir='ltr' id='par_1_5' title="bbox 1078 3505 1129 3620">
     <span class='ocr_line' id='line_1_25' title="bbox 1078 3505 1129 3620; baseline 0 -46"><span class='ocrx_word' id='word_1_238' title='bbox 1078 3505 1129 3620; x_wconf 64' lang='grc' dir='ltr'>4ΙΙ.</span> 
     </span>
    </p>
   </div>
   <div class='ocr_carea' id='block_1_6' title="bbox 380 3697 1847 4407">
    <p class='ocr_par' dir='ltr' id='par_1_6' title="bbox 380 3697 1847 4407">
     <span class='ocr_line' id='line_1_26' title="bbox 394 3697 1846 3804; baseline 0 -22"><span class='ocrx_word' id='word_1_239' title='bbox 394 3750 396 3759; x_wconf 69' lang='lat'>,</span> <span class='ocrx_word' id='word_1_240' title='bbox 456 3697 517 3758; x_wconf 63' lang='lat'>“⁰³</span> <span class='ocrx_word' id='word_1_241' title='bbox 536 3710 680 3804; x_wconf 89' lang='lat' dir='ltr'>Propter</span> <span class='ocrx_word' id='word_1_242' title='bbox 713 3710 808 3803; x_wconf 91' lang='lat' dir='ltr'>quod</span> <span class='ocrx_word' id='word_1_243' title='bbox 833 3709 1075 3782; x_wconf 85' lang='lat' dir='ltr'>inexcusabilis</span> <span class='ocrx_word' id='word_1_244' title='bbox 1105 3733 1161 3796; x_wconf 92' lang='lat' dir='ltr'>es,</span> <span class='ocrx_word' id='word_1_245' title='bbox 1195 3733 1217 3782; x_wconf 90' lang='grc' dir='ltr'>ο</span> <span class='ocrx_word' id='word_1_246' title='bbox 1251 3709 1357 3782; x_wconf 93' lang='lat' dir='ltr'>bomo</span> <span class='ocrx_word' id='word_1_247' title='bbox 1392 3712 1502 3784; x_wconf 91' lang='lat' dir='ltr'>omnis</span> <span class='ocrx_word' id='word_1_248' title='bbox 1541 3711 1598 3804; x_wconf 92' lang='lat' dir='ltr'>qui</span> <span class='ocrx_word' id='word_1_249' title='bbox 1628 3711 1768 3784; x_wconf 88' lang='lat' dir='ltr'>iudicas.</span> <span class='ocrx_word' id='word_1_250' title='bbox 1811 3713 1846 3782; x_wconf 96' lang='lat' dir='ltr'>ln</span> 
     </span>
     <span class='ocr_line' id='line_1_27' title="bbox 382 3829 1847 3925; baseline 0.004 -25"><span class='ocrx_word' id='word_1_251' title='bbox 382 3849 451 3922; x_wconf 91' lang='lat' dir='ltr'>quc</span> <span class='ocrx_word' id='word_1_252' title='bbox 478 3829 569 3902; x_wconf 90' lang='lat' dir='ltr'>enirn</span> <span class='ocrx_word' id='word_1_253' title='bbox 602 3829 733 3902; x_wconf 86' lang='lat' dir='ltr'>iudicas</span> <span class='ocrx_word' id='word_1_254' title='bbox 765 3832 924 3916; x_wconf 90' lang='lat' dir='ltr'>alterum,</span> <span class='ocrx_word' id='word_1_255' title='bbox 957 3840 993 3902; x_wconf 90' lang='lat' dir='ltr'>te</span> <span class='ocrx_word' id='word_1_256' title='bbox 1025 3829 1138 3924; x_wconf 89' lang='lat' dir='ltr'>ipsum</span> <span class='ocrx_word' id='word_1_257' title='bbox 1164 3829 1390 3903; x_wconf 88' lang='lat' dir='ltr'>condemnas:</span> <span class='ocrx_word' id='word_1_258' title='bbox 1423 3831 1547 3906; x_wconf 88' lang='lat' dir='ltr'>eadem</span> <span class='ocrx_word' id='word_1_259' title='bbox 1573 3831 1664 3904; x_wconf 90' lang='lat' dir='ltr'>enim</span> <span class='ocrx_word' id='word_1_260' title='bbox 1689 3831 1763 3925; x_wconf 88' lang='lat' dir='ltr'>agis</span> <span class='ocrx_word' id='word_1_261' title='bbox 1788 3831 1847 3925; x_wconf 93' lang='lat' dir='ltr'>qui</span> 
     </span>
     <span class='ocr_line' id='line_1_28' title="bbox 381 3941 1845 4044; baseline 0.003 -25"><span class='ocrx_word' id='word_1_262' title='bbox 381 3947 535 4022; x_wconf 82' lang='lat' dir='ltr'>indicna&#39;</span> <span class='ocrx_word' id='word_1_263' title='bbox 572 3941 732 4022; x_wconf 75' lang='lat' dir='ltr'>&#39;Scimus</span> <span class='ocrx_word' id='word_1_264' title='bbox 764 3951 854 4022; x_wconf 88' lang='lat' dir='ltr'>enim</span> <span class='ocrx_word' id='word_1_265' title='bbox 889 3951 1049 4044; x_wconf 91' lang='lat' dir='ltr'>quoniam</span> <span class='ocrx_word' id='word_1_266' title='bbox 1083 3950 1243 4024; x_wconf 90' lang='lat' dir='ltr'>iudicium</span> <span class='ocrx_word' id='word_1_267' title='bbox 1277 3949 1334 4022; x_wconf 91' lang='lat' dir='ltr'>dei</span> <span class='ocrx_word' id='word_1_268' title='bbox 1354 3960 1420 4022; x_wconf 86' lang='lat' dir='ltr'>est</span> <span class='ocrx_word' id='word_1_269' title='bbox 1452 3950 1641 4024; x_wconf 89' lang='lat' dir='ltr'>secundum</span> <span class='ocrx_word' id='word_1_270' title='bbox 1666 3953 1845 4024; x_wconf 89' lang='lat' dir='ltr'>veritatem</span> 
     </span>
     <span class='ocr_line' id='line_1_29' title="bbox 381 4062 1845 4164; baseline 0.003 -25"><span class='ocrx_word' id='word_1_271' title='bbox 381 4069 414 4140; x_wconf 93' lang='lat' dir='ltr'>in</span> <span class='ocrx_word' id='word_1_272' title='bbox 441 4089 505 4142; x_wconf 90' lang='lat' dir='ltr'>eos</span> <span class='ocrx_word' id='word_1_273' title='bbox 530 4071 587 4164; x_wconf 92' lang='lat' dir='ltr'>qui</span> <span class='ocrx_word' id='word_1_274' title='bbox 614 4071 694 4144; x_wconf 88' lang='lat' dir='ltr'>talia</span> <span class='ocrx_word' id='word_1_275' title='bbox 720 4080 833 4164; x_wconf 90' lang='lat' dir='ltr'>agunt.</span> <span class='ocrx_word' id='word_1_276' title='bbox 884 4062 1091 4142; x_wconf 80' lang='lat' dir='ltr'>³Existimas</span> <span class='ocrx_word' id='word_1_277' title='bbox 1117 4079 1231 4142; x_wconf 92' lang='lat' dir='ltr'>autem</span> <span class='ocrx_word' id='word_1_278' title='bbox 1257 4071 1334 4156; x_wconf 91' lang='lat' dir='ltr'>hoc,</span> <span class='ocrx_word' id='word_1_279' title='bbox 1362 4093 1383 4142; x_wconf 96' lang='lat' dir='ltr'>o</span> <span class='ocrx_word' id='word_1_280' title='bbox 1410 4069 1516 4144; x_wconf 92' lang='lat' dir='ltr'>bomo</span> <span class='ocrx_word' id='word_1_281' title='bbox 1543 4072 1600 4164; x_wconf 94' lang='lat' dir='ltr'>qui</span> <span class='ocrx_word' id='word_1_282' title='bbox 1624 4072 1767 4146; x_wconf 50' lang='lat' dir='ltr'>iudicas¹</span> <span class='ocrx_word' id='word_1_283' title='bbox 1782 4093 1845 4144; x_wconf 91' lang='lat' dir='ltr'>eos</span> 
     </span>
     <span class='ocr_line' id='line_1_30' title="bbox 382 4180 1846 4284; baseline 0.001 -22"><span class='ocrx_word' id='word_1_284' title='bbox 382 4189 440 4282; x_wconf 91' lang='lat' dir='ltr'>qui</span> <span class='ocrx_word' id='word_1_285' title='bbox 464 4188 551 4262; x_wconf 78' lang='lat' dir='ltr'>talia</span> <span class='ocrx_word' id='word_1_286' title='bbox 568 4201 674 4284; x_wconf 80' lang='lat' dir='ltr'>agrmt</span> <span class='ocrx_word' id='word_1_287' title='bbox 698 4201 734 4264; x_wconf 90' lang='lat' dir='ltr'>et</span> <span class='ocrx_word' id='word_1_288' title='bbox 757 4191 841 4264; x_wconf 85' lang='lat' dir='ltr'>lacis</span> <span class='ocrx_word' id='word_1_289' title='bbox 868 4212 929 4276; x_wconf 85' lang='lat' dir='ltr'>ea,</span> <span class='ocrx_word' id='word_1_290' title='bbox 948 4191 1027 4284; x_wconf 91' lang='lat' dir='ltr'>quia</span> <span class='ocrx_word' id='word_1_291' title='bbox 1051 4199 1088 4262; x_wconf 93' lang='lat' dir='ltr'>tu</span> <span class='ocrx_word' id='word_1_292' title='bbox 1113 4189 1255 4284; x_wconf 85' lang='lat' dir='ltr'>effugies</span> <span class='ocrx_word' id='word_1_293' title='bbox 1280 4189 1440 4264; x_wconf 89' lang='lat' dir='ltr'>indicium</span> <span class='ocrx_word' id='word_1_294' title='bbox 1467 4191 1550 4264; x_wconf 84' lang='lat' dir='ltr'>dei?</span> <span class='ocrx_word' id='word_1_295' title='bbox 1599 4180 1678 4264; x_wconf 70' lang='lat' dir='ltr'>‘An</span> <span class='ocrx_word' id='word_1_296' title='bbox 1710 4191 1846 4266; x_wconf 77' lang='lat' dir='ltr'>dividas</span> 
     </span>
     <span class='ocr_line' id='line_1_31' title="bbox 380 4308 1845 4407; baseline 0.001 -25"><span class='ocrx_word' id='word_1_297' title='bbox 380 4309 541 4383; x_wconf 90' lang='lat' dir='ltr'>bonitatis</span> <span class='ocrx_word' id='word_1_298' title='bbox 565 4311 639 4382; x_wconf 90' lang='lat' dir='ltr'>eius</span> <span class='ocrx_word' id='word_1_299' title='bbox 665 4308 707 4383; x_wconf 80' lang='lat' dir='ltr'>et&#39;</span> <span class='ocrx_word' id='word_1_300' title='bbox 724 4311 906 4406; x_wconf 89' lang='lat' dir='ltr'>patientiae</span> <span class='ocrx_word' id='word_1_301' title='bbox 931 4321 966 4382; x_wconf 87' lang='lat' dir='ltr'>et</span> <span class='ocrx_word' id='word_1_302' title='bbox 989 4311 1250 4404; x_wconf 82' lang='lat' dir='ltr'>longanimitatis</span> <span class='ocrx_word' id='word_1_303' title='bbox 1275 4311 1473 4397; x_wconf 88' lang='lat' dir='ltr'>contemnis,</span> <span class='ocrx_word' id='word_1_304' title='bbox 1499 4311 1660 4405; x_wconf 87' lang='lat' dir='ltr'>ignorans</span> <span class='ocrx_word' id='word_1_305' title='bbox 1686 4312 1845 4407; x_wconf 89' lang='lat' dir='ltr'>quoniam</span> 
     </span>
    </p>
   </div>
   <div class='ocr_carea' id='block_1_7' title="bbox 156 4409 1845 4534">
    <p class='ocr_par' dir='ltr' id='par_1_7' title="bbox 156 4409 1845 4534">
     <span class='ocr_line' id='line_1_32' title="bbox 156 4409 1845 4534; baseline 0 -30"><span class='ocrx_word' id='word_1_306' title='bbox 156 4409 161 4417; x_wconf 41' lang='lat'>⁸</span> <span class='ocrx_word' id='word_1_307' title='bbox 257 4525 260 4534; x_wconf 90' lang='lat'><em>.</em></span> <span class='ocrx_word' id='word_1_308' title='bbox 381 4431 573 4524; x_wconf 86' lang='lat' dir='ltr'>benignitas</span> <span class='ocrx_word' id='word_1_309' title='bbox 599 4431 655 4504; x_wconf 90' lang='lat' dir='ltr'>dei</span> <span class='ocrx_word' id='word_1_310' title='bbox 682 4423 1004 4527; x_wconf 56' lang='lat' dir='ltr'>ad&#39;paenitentiam·</span> <span class='ocrx_word' id='word_1_311' title='bbox 1021 4439 1056 4502; x_wconf 86' lang='lat' dir='ltr'>te</span> <span class='ocrx_word' id='word_1_312' title='bbox 1082 4430 1248 4505; x_wconf 78' lang='lat' dir='ltr'>adducit?</span> <span class='ocrx_word' id='word_1_313' title='bbox 1296 4424 1521 4505; x_wconf 80' lang='lat' dir='ltr'>⁵Secundmu</span> <span class='ocrx_word' id='word_1_314' title='bbox 1547 4433 1718 4507; x_wconf 64' lang='lat' dir='ltr'>duritiami</span> <span class='ocrx_word' id='word_1_315' title='bbox 1731 4443 1845 4506; x_wconf 85' lang='lat' dir='ltr'>autem</span> 
     </span>
    </p>
   </div>
   <div class='ocr_carea' id='block_1_8' title="bbox 382 4551 1846 5360">
    <p class='ocr_par' dir='ltr' id='par_1_8' title="bbox 383 4551 1846 4647">
     <span class='ocr_line' id='line_1_33' title="bbox 383 4551 1846 4647; baseline 0.001 -25"><span class='ocrx_word' id='word_1_316' title='bbox 383 4560 475 4626; x_wconf 88' lang='lat' dir='ltr'>tuam</span> <span class='ocrx_word' id='word_1_317' title='bbox 501 4560 537 4624; x_wconf 92' lang='lat' dir='ltr'>et</span> <span class='ocrx_word' id='word_1_318' title='bbox 569 4551 781 4647; x_wconf 89' lang='lat' dir='ltr'>inpaenitem</span> <span class='ocrx_word' id='word_1_319' title='bbox 807 4574 868 4624; x_wconf 89' lang='lat' dir='ltr'>cor</span> <span class='ocrx_word' id='word_1_320' title='bbox 893 4551 1103 4624; x_wconf 86' lang='lat' dir='ltr'>thesaurizas</span> <span class='ocrx_word' id='word_1_321' title='bbox 1128 4551 1188 4624; x_wconf 93' lang='lat' dir='ltr'>tibi</span> <span class='ocrx_word' id='word_1_322' title='bbox 1219 4553 1305 4626; x_wconf 75' lang='lat' dir='ltr'>bam</span> <span class='ocrx_word' id='word_1_323' title='bbox 1330 4552 1365 4624; x_wconf 92' lang='lat' dir='ltr'>in</span> <span class='ocrx_word' id='word_1_324' title='bbox 1391 4551 1447 4625; x_wconf 91' lang='lat' dir='ltr'>die</span> <span class='ocrx_word' id='word_1_325' title='bbox 1472 4551 1543 4624; x_wconf 88' lang='lat' dir='ltr'>irae</span> <span class='ocrx_word' id='word_1_326' title='bbox 1570 4561 1605 4624; x_wconf 91' lang='lat' dir='ltr'>et</span> <span class='ocrx_word' id='word_1_327' title='bbox 1630 4553 1846 4626; x_wconf 85' lang='lat' dir='ltr'>revelationis</span> 
     </span>
    </p>

    <p class='ocr_par' dir='ltr' id='par_1_9' title="bbox 382 4664 1845 4769">
     <span class='ocr_line' id='line_1_34' title="bbox 382 4664 1845 4769; baseline 0.002 -26"><span class='ocrx_word' id='word_1_328' title='bbox 382 4673 459 4746; x_wconf 87' lang='lat' dir='ltr'>iusti</span> <span class='ocrx_word' id='word_1_329' title='bbox 483 4671 597 4745; x_wconf 89' lang='lat' dir='ltr'>iudicii</span> <span class='ocrx_word' id='word_1_330' title='bbox 621 4673 694 4759; x_wconf 91' lang='lat' dir='ltr'>dei,</span> <span class='ocrx_word' id='word_1_331' title='bbox 730 4664 751 4720; x_wconf 69' lang='lat'><strong>⁶</strong></span> <span class='ocrx_word' id='word_1_332' title='bbox 768 4673 825 4766; x_wconf 93' lang='lat' dir='ltr'>qui</span> <span class='ocrx_word' id='word_1_333' title='bbox 849 4671 974 4746; x_wconf 89' lang='lat' dir='ltr'>reddet</span> <span class='ocrx_word' id='word_1_334' title='bbox 998 4669 1178 4764; x_wconf 88' lang='lat' dir='ltr'>unicuique</span> <span class='ocrx_word' id='word_1_335' title='bbox 1193 4673 1392 4747; x_wconf 65' lang='lat' dir='ltr'>&#39;sectandum</span> <span class='ocrx_word' id='word_1_336' title='bbox 1409 4694 1518 4769; x_wconf 88' lang='lat' dir='ltr'>opera</span> <span class='ocrx_word' id='word_1_337' title='bbox 1535 4673 1625 4760; x_wconf 89' lang='lat' dir='ltr'>eius;</span> <span class='ocrx_word' id='word_1_338' title='bbox 1667 4665 1845 4768; x_wconf 63' lang='lat' dir='ltr'>&#39;his-qui-</span> 
     </span>
    </p>

    <p class='ocr_par' dir='ltr' id='par_1_10' title="bbox 383 4791 1845 4889">
     <span class='ocr_line' id='line_1_35' title="bbox 383 4791 1845 4889; baseline -0.001 -23"><span class='ocrx_word' id='word_1_339' title='bbox 383 4793 464 4867; x_wconf 87' lang='lat' dir='ltr'>dem</span> <span class='ocrx_word' id='word_1_340' title='bbox 491 4793 548 4886; x_wconf 91' lang='lat' dir='ltr'>qui</span> <span class='ocrx_word' id='word_1_341' title='bbox 573 4793 761 4868; x_wconf 89' lang='lat' dir='ltr'>secundum</span> <span class='ocrx_word' id='word_1_342' title='bbox 776 4793 983 4889; x_wconf 88' lang='lat' dir='ltr'>patientiam</span> <span class='ocrx_word' id='word_1_343' title='bbox 996 4791 1090 4864; x_wconf 87' lang='lat' dir='ltr'>boni</span> <span class='ocrx_word' id='word_1_344' title='bbox 1116 4791 1231 4886; x_wconf 91' lang='lat' dir='ltr'>operis</span> <span class='ocrx_word' id='word_1_345' title='bbox 1256 4793 1401 4887; x_wconf 90' lang='lat' dir='ltr'>gloriam</span> <span class='ocrx_word' id='word_1_346' title='bbox 1426 4803 1462 4865; x_wconf 91' lang='lat' dir='ltr'>et</span> <span class='ocrx_word' id='word_1_347' title='bbox 1486 4795 1654 4868; x_wconf 87' lang='lat' dir='ltr'>honorem</span> <span class='ocrx_word' id='word_1_348' title='bbox 1669 4803 1720 4864; x_wconf 88' lang='lat' dir='ltr'>et</span> <span class='ocrx_word' id='word_1_349' title='bbox 1730 4793 1845 4866; x_wconf 90' lang='lat' dir='ltr'>incor-</span> 
     </span>
    </p>

    <p class='ocr_par' dir='ltr' id='par_1_11' title="bbox 382 4903 1844 5009">
     <span class='ocr_line' id='line_1_36' title="bbox 382 4903 1844 5009; baseline -0.003 -23"><span class='ocrx_word' id='word_1_350' title='bbox 382 4913 577 5009; x_wconf 90' lang='lat' dir='ltr'>ruptionem</span> <span class='ocrx_word' id='word_1_351' title='bbox 602 4914 844 5008; x_wconf 87' lang='lat' dir='ltr'>quaerentibus</span> <span class='ocrx_word' id='word_1_352' title='bbox 869 4915 973 4986; x_wconf 89' lang='lat' dir='ltr'>vitam</span> <span class='ocrx_word' id='word_1_353' title='bbox 991 4921 1181 4993; x_wconf 88' lang='lat' dir='ltr'>aeternam:</span> <span class='ocrx_word' id='word_1_354' title='bbox 1224 4903 1308 4986; x_wconf 84' lang='lat' dir='ltr'>⁸bis</span> <span class='ocrx_word' id='word_1_355' title='bbox 1335 4923 1448 4986; x_wconf 74' lang='lat' dir='ltr'>summ</span> <span class='ocrx_word' id='word_1_356' title='bbox 1468 4915 1525 5008; x_wconf 92' lang='lat' dir='ltr'>qui</span> <span class='ocrx_word' id='word_1_357' title='bbox 1551 4935 1598 4984; x_wconf 86' lang='lat' dir='ltr'>ex</span> <span class='ocrx_word' id='word_1_358' title='bbox 1617 4913 1844 4996; x_wconf 88' lang='lat' dir='ltr'>contentione,</span> 
     </span>
    </p>

    <p class='ocr_par' dir='ltr' id='par_1_12' title="bbox 384 5033 1843 5129">
     <span class='ocr_line' id='line_1_37' title="bbox 384 5033 1843 5129; baseline -0.001 -24"><span class='ocrx_word' id='word_1_359' title='bbox 384 5043 420 5106; x_wconf 87' lang='lat' dir='ltr'>et</span> <span class='ocrx_word' id='word_1_360' title='bbox 443 5033 502 5128; x_wconf 92' lang='lat' dir='ltr'>qui</span> <span class='ocrx_word' id='word_1_361' title='bbox 526 5055 595 5108; x_wconf 91' lang='lat' dir='ltr'>non</span> <span class='ocrx_word' id='word_1_362' title='bbox 608 5035 844 5129; x_wconf 73' lang='lat' dir='ltr'>vadquiescunt</span> <span class='ocrx_word' id='word_1_363' title='bbox 868 5033 1010 5119; x_wconf 88' lang='lat' dir='ltr'>veritati,</span> <span class='ocrx_word' id='word_1_364' title='bbox 1037 5033 1180 5106; x_wconf 89' lang='lat' dir='ltr'>credunt</span> <span class='ocrx_word' id='word_1_365' title='bbox 1205 5042 1319 5106; x_wconf 90' lang='lat' dir='ltr'>autem</span> <span class='ocrx_word' id='word_1_366' title='bbox 1345 5033 1523 5129; x_wconf 88' lang='lat' dir='ltr'>iniquitati,</span> <span class='ocrx_word' id='word_1_367' title='bbox 1549 5034 1600 5106; x_wconf 93' lang='lat' dir='ltr'>ira</span> <span class='ocrx_word' id='word_1_368' title='bbox 1615 5042 1662 5108; x_wconf 86' lang='lat' dir='ltr'>¹et</span> <span class='ocrx_word' id='word_1_369' title='bbox 1686 5033 1843 5126; x_wconf 83' lang='lat' dir='ltr'>indigna-</span> 
     </span>
    </p>

    <p class='ocr_par' dir='ltr' id='par_1_13' title="bbox 383 5147 1844 5360">
     <span class='ocr_line' id='line_1_38' title="bbox 383 5147 1844 5250; baseline -0.002 -24"><span class='ocrx_word' id='word_1_370' title='bbox 383 5154 441 5227; x_wconf 66' lang='lat' dir='ltr'>tioss</span> <span class='ocrx_word' id='word_1_371' title='bbox 491 5147 704 5230; x_wconf 79' lang='lat' dir='ltr'>⁹ur&#39;bn1ato</span> <span class='ocrx_word' id='word_1_372' title='bbox 718 5166 778 5228; x_wconf 84' lang='lat' dir='ltr'>et·</span> <span class='ocrx_word' id='word_1_373' title='bbox 791 5156 945 5250; x_wconf 84' lang='lat' dir='ltr'>angustia</span> <span class='ocrx_word' id='word_1_374' title='bbox 970 5154 1011 5226; x_wconf 90' lang='lat' dir='ltr'>in&#39;</span> <span class='ocrx_word' id='word_1_375' title='bbox 1031 5175 1167 5226; x_wconf 90' lang='lat' dir='ltr'>onmem</span> <span class='ocrx_word' id='word_1_376' title='bbox 1186 5153 1497 5230; x_wconf 85' lang='lat' dir='ltr'>animam&#39;hominis</span> <span class='ocrx_word' id='word_1_377' title='bbox 1515 5153 1691 5250; x_wconf 88' lang='lat' dir='ltr'>operantis</span> <span class='ocrx_word' id='word_1_378' title='bbox 1707 5151 1844 5238; x_wconf 92' lang='lat' dir='ltr'>malum,</span> 
     </span>
     <span class='ocr_line' id='line_1_39' title="bbox 869 5274 1281 5360; baseline 0.002 -17"><span class='ocrx_word' id='word_1_379' title='bbox 869 5309 874 5318; x_wconf 88' lang='lat'><em>·</em></span> <span class='ocrx_word' id='word_1_380' title='bbox 985 5275 1006 5360; x_wconf 90' lang='lat' dir='ltr'>l,</span> <span class='ocrx_word' id='word_1_381' title='bbox 1036 5277 1076 5350; x_wconf 73' lang='grc'>21</span> <span class='ocrx_word' id='word_1_382' title='bbox 1109 5311 1160 5328; x_wconf 89' lang='grc'><strong>-</strong></span> <span class='ocrx_word' id='word_1_383' title='bbox 1185 5274 1229 5360; x_wconf 82' lang='lat' dir='ltr'>lt,</span> <span class='ocrx_word' id='word_1_384' title='bbox 1249 5278 1281 5346; x_wconf 87' lang='lat'>9.</span> 
     </span>
    </p>
   </div>
   <div class='ocr_carea' id='block_1_9' title="bbox 0 0 2119 6116">
    <p class='ocr_par' dir='ltr' id='par_1_14' title="bbox 0 0 2119 6116">
     <span class='ocr_line' id='line_1_40' title="bbox 0 0 2119 6116; baseline 0 0"><span class='ocrx_word' id='word_1_385' title='bbox 0 0 2119 6116; x_wconf 95' lang='lat' dir='ltr'> </span> 
     </span>
    </p>
   </div>
  </div>
 </body>
</html>
