4242 6118
699 387 950 452 evincamus
978 393 1187 454 SECUNDUM
1215 394 1343 460 Lucan
1584 351 1592 366 ι
1712 401 1778 470 idi

270 602 343 674 side
369 602 490 694 Syriae
516 596 662 691 Cyrino:
714 586 729 630 ³
761 603 798 666 et
825 592 929 664 ibant
963 615 1090 666 omnes
1123 605 1162 665 ut
1197 599 1443 690 profiterentur
1469 606 1594 698 singuli
1625 607 1785 676 insuam

271 722 449 794 civitatem.
494 709 694 788 *Ascendit
722 723 844 784 autem
873 723 910 783 et
945 713 1079 808 loseph
1113 737 1136 784 a
1171 716 1325 794 Galilaea
1358 723 1404 795 de
1439 725 1578 796 civitate
1612 725 1785 796 Nazareth

273 842 306 912 in
330 840 491 912 Iudaeam
524 838 698 908 civitatem
733 831 855 905 David
891 853 987 926 quae
1015 842 1166 904 vocatur
1193 838 1391 929 Bethleem,
1420 867 1464 917 eo
1492 845 1588 938 quod
1615 853 1711 915 esset
1738 843 1784 914 de

274 961 380 1032 domo
414 969 449 1031 et
481 958 606 1029 familia
639 953 769 1038 David,
818 943 895 1020 ⁵ut
927 950 1159 1044 profiteretur
1194 981 1271 1031 cum
1310 965 1418 1038 Maria
1459 965 1675 1060 desponsata
1717 964 1783 1034 sihi

277 1102 386 1152 uxore
411 1087 609 1174 praegnata.
653 1065 743 1120 Μ)
759 1075 913 1144 Factum
946 1081 1005 1143 est
1039 1083 1157 1146 autem
1192 1101 1270 1152 cum
1306 1095 1424 1156 essent
1454 1085 1512 1170 ibi,
1546 1084 1676 1176 impleti
1704 1093 1783 1154 sunt

277 1203 353 1273 dies
378 1211 417 1270 ut
441 1207 596 1293 pareret,
640 1191 703 1267 7ot
729 1189 873 1290 peperit
900 1193 1008 1264 filium
1036 1217 1138 1267 suum
1164 1201 1450 1295 primogenitum,
1488 1214 1523 1274 et
1548 1202 1672 1296 pannis
1700 1221 1779 1272 eum

278 1321 418 1394 involvit
444 1329 480 1390 st
505 1319 684 1392 reclinavit
709 1337 789 1390 eum
817 1313 856 1384 in
884 1309 1096 1411 'praeeipio
1126 1320 1205 1410 quia
1239 1343 1309 1394 non
1348 1334 1423 1395 erat
1457 1324 1510 1394 eis
1538 1323 1636 1392 loeus
1662 1322 1696 1391 in
1723 1322 1778 1393 di-

277 1441 445 1514 versorio.
498 1431 611 1486 ΗΜ)
629 1440 671 1510 Et
696 1449 861 1534 pastores
889 1446 988 1510 erant
1023 1438 1057 1508 in
1090 1441 1235 1530 regione
1270 1445 1395 1516 eadem
1430 1443 1615 1534 vigilantes
1646 1452 1681 1513 et
1713 1464 1775 1513 cu-

278 1561 469 1634 stodientes
496 1560 631 1654 vigilias
656 1561 768 1632 noctis
796 1579 903 1652 supra
929 1579 1076 1652 gregem
1103 1581 1213 1632 suum.
1266 1556 1337 1634 9Ει
1364 1585 1451 1635 ecce
1481 1562 1626 1652 angelus
1645 1562 1775 1634 domini
1801 1623 1804 1630 ,

279 1683 371 1753 stetit
396 1682 492 1751 iuxta
525 1681 619 1764 illos,
655 1690 690 1751 et
724 1680 861 1751 claritas
898 1679 955 1751 dei
990 1679 1211 1752 circumfirlsit
1245 1683 1335 1762 illos,
1372 1693 1408 1754 at
1434 1683 1625 1751 timuerunt
1649 1682 1775 1754 timore

279 1823 416 1894 magno.
469 1792 495 1837 ⁴⁰
510 1802 553 1872 Et
588 1800 675 1872 dixit
706 1801 771 1872 illis
807 1801 951 1894 angelus
985 1799 1098 1870 Nolite
1132 1801 1270 1874 timere:
1306 1825 1390 1876 ecce
1413 1801 1530 1873 ‘enim
1570 1804 1773 1894 evangelizo

279 1923 380 1993 vobis
407 1921 572 2013 gaudium
598 1943 772 2014 magnum,
800 1921 896 2013 quod
924 1919 989 1991 erit
1016 1921 1109 1990 omni
1135 1923 1283 2016 populo,
1337 1915 1360 1960 ¹¹
1380 1923 1464 2016 quia
1499 1930 1602 1991 natus
1629 1932 1681 1993 est
1706 1947 1772 1996 vo-

279 2044 333 2114 bis
366 2041 472 2114 hodie
507 2043 676 2126 salvator,
711 2041 769 2132 qui
803 2051 857 2111 est
890 2039 1043 2112 Cluistus
1077 2041 1254 2126 dominus,
1282 2044 1486 2114 incivitate
1513 2041 1638 2112 David.
1688 2035 1714 2081 ⁴²
1731 2045 1773 2115 Et

279 2164 348 2234 hoc
373 2163 475 2232 vobis
508 2163 660 2254 signum:
695 2161 875 2231 invenietis
908 2161 1071 2231 infantem
1105 2164 1227 2254 pannis
1260 2163 1451 2251 involutum
1490 2171 1527 2232 et
1559 2161 1709 2255 positum
1736 2165 1768 2234 in
1836 2171 1839 2182 '

280 2283 464 2376 praesipio.
516 2272 542 2318 ⁴³
557 2281 601 2352 Et
627 2281 741 2352 subito
768 2281 857 2350 facta
891 2289 944 2350 est
971 2301 1049 2350 cum
1084 2281 1207 2372 angelo
1234 2281 1416 2352 multitudo
1445 2281 1590 2353 militiae
1610 2284 1768 2356 caelestis

280 2403 491 2474 laudantium
517 2401 623 2473 deum
651 2410 686 2471 et
712 2399 897 2472 dicentium
946 2388 972 2435 ¹⁴
990 2399 1104 2470 Gloria
1137 2401 1172 2472 in
1207 2399 1381 2472 altissimis
1415 2402 1504 2487 deo,
1540 2412 1576 2474 et
1608 2404 1642 2473 in
1676 2413 1766 2475 terra

280 2545 352 2618 pax
378 2523 412 2593 in
438 2522 633 2593 hominibus
659 2521 785 2594 bonae
801 2521 995 2591 voluntatis.
1048 2511 1074 2556 ’ὅ
1090 2521 1132 2590 Et
1158 2521 1284 2590 lactum
1312 2531 1429 2592 estut
1456 2522 1696 2595 discesserunt
1722 2525 1766 2595 ab

282 2645 333 2714 eis
360 2629 472 2736 angeli
497 2643 531 2712 in
557 2643 701 2726 caelum,
728 2651 890 2734 pastores
922 2639 1151 2732 loquebantur
1184 2640 1230 2712 ad
1262 2641 1410 2711 invicem
1445 2643 1679 2742 Transeamus
1706 2667 1766 2716 us·
1900 2647 1902 2657 ’

282 2786 350 2858 que
375 2764 530 2835 Bethlem
565 2771 600 2832 et
631 2761 814 2832 videamus
850 2761 917 2831 hoc
942 2761 1087 2832 verbum
1114 2760 1210 2854 quod
1235 2763 1361 2831 factum
1388 2773 1451 2848 est,
1480 2767 1578 2858 quod
1602 2767 1682 2838 lecit
1698 2765 1765 2837 do-

282 2886 393 2956 minus
419 2895 454 2956 et
481 2883 632 2956 ostendit
657 2882 769 2953 nohis.
822 2873 849 2918 ⁴⁶
865 2881 907 2950 Et
934 2891 1100 2952 venerunt
1132 2881 1347 2966 festinantes,
1384 2889 1420 2952 et
1452 2881 1659 2958 invenerunt
1691 2885 1765 2956 bla-

281 3005 367 3076 riam
400 3016 436 3076 et
465 3003 591 3097 loseph
625 3011 661 3072 et
692 3002 854 3073 infantem
887 3004 1038 3095 positum
1076 3004 1110 3073 in
1150 2996 1352 3095 'praesipio
1405 2992 1430 3036 ¹⁷
1447 3003 1615 3078 Videntes
1649 3015 1764 3077 autem

284 3134 523 3219 cognoverunt
549 3121 594 3194 de
620 3121 731 3192 verbo
760 3122 857 3214 quod
883 3121 1012 3194 dictum
1040 3133 1114 3196 erat
1139 3122 1203 3192 illis
1229 3122 1276 3193 de
1293 3143 1403 3216 puero
1421 3121 1500 3195 hoo.
1521 3119 1567 3164 '⁴⁸
1583 3129 1626 3198 Et
1643 3147 1764 3198 omnes

284 3248 341 3339 qui
375 3246 555 3317 audierunt
589 3242 701 3312 mirati
737 3252 815 3314 sunt
849 3251 884 3312 et
917 3243 963 3314 de
998 3244 1168 3337 hisquae
1202 3241 1294 3313 dicta
1321 3235 1418 3313 erant
1444 3265 1465 3314 a
1492 3248 1691 3338 pastoribus
1719 3243 1764 3314 ad

284 3375 395 3459 ipsos:
439 3355 465 3402 ¹⁹
481 3363 588 3438 Maria
614 3371 728 3434 autem
756 3364 988 3434 conservabat
1014 3365 1129 3436 omnia
1154 3361 1263 3432 verba
1280 3361 1369 3434 haee
1395 3365 1577 3436 conterens
1595 3368 1629 3436 in
1656 3363 1763 3436 corde

284 3469 358 3558 suo.
409 3485 436 3530 ’θ
452 3485 494 3556 Et
527 3483 659 3556 reversi
694 3493 774 3561 sunt
804 3492 980 3578 pastores,
1023 3482 1254 3577 glorificantes
1295 3493 1330 3554 et
1363 3483 1546 3556 laudantes
1587 3485 1691 3556 deum
1728 3483 1763 3552 in

284 3606 443 3678 omnibus
469 3623 560 3698 qnae
586 3602 768 3676 audierant
793 3614 829 3675 et
853 3603 1012 3676 viderant
1038 3605 1125 3676 sicut
1142 3603 1270 3675 dictum
1289 3613 1355 3674 est·
1370 3605 1415 3678 ad
1433 3605 1520 3677 illos.
1559 3597 1583 3642 θ’
1603 3604 1645 3674 Et
1661 3612 1761 3697 post-

283 3749 386 3821 quam
414 3724 639 3798 consummati
666 3735 745 3795 sunt
770 3726 847 3798 dies
874 3735 954 3796 octo
982 3735 1019 3798 ut
1045 3724 1355 3810 circumcideretur,
1382 3733 1544 3796 vocatum
1563 3734 1618 3794 est
1635 3743 1762 3794 nomen

282 3849 358 3928 eius
383 3848 487 3931 lesus,
515 3843 611 3936 quod
636 3855 799 3918 vocatum
832 3855 888 3917 est
913 3847 965 3917 ab
986 3847 1110 3938 angelo
1136 3847 1231 3940 prius
1259 3867 1363 3939 quam
1396 3847 1430 3916 in
1462 3854 1562 3915 utero
1597 3843 1760 3936 concipe-

282 3980 385 4041 retur.
436 3959 463 4004 ²²
478 3966 520 4036 Et
545 3974 730 4058 postquam
757 3967 888 4061 impleti
914 3977 994 4037 sunt
1019 3966 1097 4038 dies
1113 3967 1326 4060 purgationis
1345 3967 1419 4038 eius
1438 3965 1629 4036 secundum
1648 3965 1761 4056 legem

282 4091 388 4174 blosi,
423 4088 570 4158 tulerunt
606 4087 697 4156 illum
730 4086 764 4156 in
798 4087 1011 4159 Hiemsalem
1045 4097 1082 4158 ut
1115 4087 1274 4158 sisterent
1314 4108 1394 4158 eum
1429 4085 1587 4172 domino,
1637 4076 1663 4122 ²³
1676 4083 1762 4154 sicut

283 4211 451 4308 scriptum
475 4217 530 4280 est
555 4207 589 4276 in
614 4207 693 4299 lege
718 4205 848 4278 domini
883 4207 964 4300 quia
997 4229 1100 4279 omne
1133 4207 1356 4308 masculinpm
1391 4205 1596 4300 adaperiens
1622 4203 1760 4274 vulvam

284 4340 439 4402 sanctum
465 4328 607 4401 domino
633 4327 829 4411 vocabitur,
873 4317 900 4364 ²⁴
913 4339 950 4400 et
974 4337 1012 4399 ut
1043 4327 1166 4399 darent
1191 4328 1340 4400 bostiam
1367 4326 1556 4399 secundum
1584 4321 1679 4416 quod
1705 4321 1754 4393 di·

283 4461 374 4522 ctum
402 4460 456 4520 ast
480 4450 515 4520 iu
539 4451 627 4542 lege,
655 4469 720 4542 par
745 4455 912 4518 turturum
940 4458 998 4518 aut
1024 4448 1113 4520 duos
1139 4451 1252 4543 pullos
1280 4449 1526 4521 columbarum.
1578 4435 1605 4480 '⁵
1618 4443 1659 4512 Et
1676 4463 1760 4512 ecce

283 4572 389 4644 homo
416 4570 550 4641 eratin
575 4568 787 4640 Hierusalem
815 4566 869 4638 cui
895 4589 1023 4640 nomeu
1050 4571 1212 4664 Symeon,
1240 4579 1275 4640 et
1301 4569 1407 4641 homo
1434 4569 1499 4640 iste
1525 4567 1633 4636 iustus
1659 4575 1694 4634 et
1717 4562 1759 4632 ti-

284 4701 446 4778 moratus,
474 4697 666 4782 expectans
692 4688 965 4760 consolationem
991 4690 1129 4776 Israhel,
1157 4701 1192 4762 et
1217 4691 1356 4784 spiritus
1382 4699 1520 4760 sanctus
1538 4695 1613 4757 erat
1636 4684 1670 4753 in
1697 4704 1759 4753 eo:

282 4803 309 4847 ’ὃ
326 4821 361 4880 ot
386 4832 592 4904 responsum
628 4817 813 4902 acceperat
847 4809 892 4878 ab
927 4809 1046 4902 spiritu
1080 4826 1214 4896 sancto,
1250 4833 1321 4882 non
1355 4811 1507 4881 visurum
1541 4829 1579 4880 se
1613 4815 1760 4876 mortem

284 4932 347 5002 nisi
374 4932 470 5026 prius
494 4931 631 5002 videret
662 4929 830 5000 Christum
865 4927 1004 5000 domini.
1056 4916 1136 5002 ”Et
1169 4931 1262 5002 venit
1292 4931 1326 5002 in
1359 4930 1484 5024 spiritu
1510 4929 1544 4999 in
1579 4927 1759 5020 templum:

284 5063 319 5122 st
352 5075 430 5124 cum
464 5051 664 5124 inducerent
696 5071 840 5143 puerum
875 5051 989 5123 lesum
1023 5061 1184 5145 parentes
1218 5051 1290 5122 eius
1324 5061 1361 5122 ut
1392 5051 1545 5122 lacerent
1571 5046 1760 5120 secundum

284 5173 567 5244 consuetudinem
602 5171 690 5264 legis
723 5191 787 5264 pro
822 5193 885 5257 eo,
939 5161 966 5206 ¹⁸
979 5183 1014 5243 et
1046 5171 1123 5265 ipse
1157 5172 1289 5266 accepit
1322 5193 1400 5243 aum
1435 5173 1468 5242 in
1495 5173 1592 5243 ulnas
1619 5177 1761 5241 suaset

897 5293 932 5377 ll,
961 5295 982 5361 3
1014 5331 1059 5343 -
1089 5293 1147 5366 28.
