4220 6124
790 307 968 372 EPISTULA
994 307 1046 370 tu
1072 305 1254 368 ROMANOS
1682 302 1754 376 289

281 515 487 590 similitudini
520 513 640 586 mortis
674 514 765 598 eius,
798 513 898 584 simul
931 523 967 584 et
997 509 1255 584 resurrectionis
1289 511 1429 596 erimus,
1479 503 1578 584 ⁶boc
1608 512 1756 584 scieutm

281 639 361 732 mnia
389 645 488 708 vetus
514 635 621 708 bomo
655 643 774 706 noster
800 632 898 704 simui
926 631 1111 705 crucifixus
1142 640 1208 716 est,
1235 639 1273 702 ut
1298 629 1491 704 destruatur
1517 649 1643 726 cerpus
1669 656 1756 728 pec-

282 759 357 844 cati,
386 767 423 828 ut
447 758 534 830 ultra
558 778 628 828 nou
655 752 847 826 serviamus
872 763 1032 848 peccatu:
1075 746 1164 845 ⁷qui
1191 751 1281 822 enim
1298 761 1453 824 mortuus
1471 763 1533 838 est,
1558 753 1757 828 iustificatus

282 889 337 950 est
371 899 392 950 a
426 888 581 971 peccato.
634 869 702 946 ⁸si
734 881 847 944 autern
881 874 1007 948 mortni
1038 893 1157 944 sumus
1189 893 1266 944 cum
1297 872 1446 958 Christo,
1478 873 1651 946 eredimus
1677 877 1756 970 quia

283 999 382 1070 simut
416 997 518 1070 etiarn
553 999 711 1070 vivemus
743 1013 821 1066 cum
855 993 1005 1080 Christo,
1055 986 1229 1066 ⁹scicntes
1261 992 1355 1086 quud
1381 993 1532 1066 Christus
1563 1017 1709 1088 mugetus
1736 1001 1782 1068 u'

153 1149 161 1160 ·
283 1118 426 1190 mortuis
456 1119 525 1190 iarn
559 1139 630 1190 non
661 1114 819 1199 moritur,
853 1125 889 1186 et
914 1135 1009 1188 mors
1035 1115 1081 1184 iili
1113 1115 1199 1186 ultra
1224 1131 1294 1185 non
1319 1114 1556 1187 dominabitur.
1611 1108 1637 1153 ⁴⁰
1654 1118 1758 1203 Quod

282 1237 373 1308 euim
404 1245 561 1309 mortuus
586 1245 648 1320 cst,
683 1245 830 1328 peccate
863 1247 1017 1308 mortuus
1052 1244 1106 1305 est
1131 1235 1254 1306 semel:
1289 1235 1384 1328 qnod
1416 1247 1532 1308 autem
1557 1237 1649 1323 vivit,
1675 1239 1759 1310 vivit

283 1359 362 1430 dcc.
415 1350 437 1394 ⁴¹
457 1359 506 1429 lta
531 1367 567 1428 et
590 1377 656 1428 ros
683 1353 877 1426 existimate
902 1378 968 1427 vos
994 1365 1149 1427 mortuos
1175 1353 1317 1447 qudem
1341 1375 1423 1426 esse
1448 1367 1608 1450 peccato,
1635 1359 1756 1431 viven-

283 1491 336 1550 tes
362 1488 477 1550 autem
504 1477 574 1549 den
601 1477 634 1546 iu
661 1475 793 1548 Christo
819 1477 907 1546 lesu.
960 1466 986 1510 ⁴²
999 1465 1047 1524 (¹⁰)
1064 1477 1143 1547 Non
1168 1491 1253 1568 ergo
1280 1485 1402 1568 regnet
1426 1485 1607 1570 peecatum
1633 1479 1667 1550 iu
1693 1499 1757 1552 ve-

282 1610 354 1671 stro
385 1598 521 1670 mortali
555 1617 723 1690 corpore,
758 1605 795 1666 ut
828 1593 1022 1667 oboediatis
1056 1595 1340 1690 concupiscentiis
1374 1597 1465 1682 eius,
1515 1588 1618 1668 ⁴³sed
1644 1619 1757 1692 neque

282 1717 477 1790 exhibeatis
503 1717 662 1788 membra
686 1723 802 1788 vestra
830 1737 928 1788 arma
951 1715 1133 1808 iniquitatis
1161 1726 1315 1811 peccato,
1342 1716 1407 1789 sed
1425 1715 1588 1788 exbibete
1604 1737 1669 1790 vos
1686 1717 1756 1790 deo

282 1851 458 1930 tamquam
491 1859 538 1908 ex
572 1835 717 1908 mortuis
749 1835 924 1922 viventes,
958 1845 994 1906 et
1026 1838 1182 1910 membra
1212 1845 1329 1909 vestra
1369 1857 1465 1908 arma
1497 1835 1642 1908 iustitiae
1675 1839 1754 1912 den.
1858 1817 1863 1830 ¹

280 1951 507 2030 “Peccatum
541 1958 634 2028 enim
665 1956 766 2028 vobis
799 1977 870 2028 non
895 1955 1139 2029 dominabitur:
1174 1979 1246 2030 uon
1272 1957 1363 2030 euim
1388 1957 1453 2029 sub
1479 1957 1557 2050 iege
1581 1958 1665 2029 estis
1692 1961 1756 2032 sed

282 2080 347 2150 sub
378 2077 496 2171 gratia.
547 2069 574 2114 ⁴⁵
588 2077 679 2164 Quid
710 2081 823 2171 ergo?
856 2076 1095 2172 peccarim,
1130 2079 1291 2170 quonium
1324 2099 1394 2150 ncn
1427 2095 1546 2150 sumus
1580 2079 1645 2150 sub
1677 2081 1755 2173 legs

282 2199 346 2272 sed
372 2199 438 2270 sub
463 2197 599 2290 gratia?
624 2197 733 2270 Absit
787 2189 812 2234 ⁴⁶
828 2196 972 2270 Nescitis
998 2196 1159 2290 queniam
1185 2198 1239 2270 cni
1265 2198 1435 2270 exhibetis
1471 2220 1534 2271 vos
1560 2220 1683 2274 servos
1709 2199 1754 2274 ad

282 2317 550 2404 oboediendum,
576 2317 777 2390 servientis
803 2319 878 2390 sins
904 2317 957 2390 cni
984 2317 1184 2404 obsedistis,
1210 2317 1284 2392 sive
1306 2320 1440 2414 peccati
1466 2320 1541 2392 sive
1558 2319 1754 2392 oboeditio-

280 2439 335 2510 nis
359 2435 405 2510 ad
429 2438 614 2510 imtitiam‘?
659 2428 685 2471 ’Ἰ
704 2435 838 2508 Gratias
862 2447 977 2510 eutem
1004 2437 1082 2524 deo,
1109 2439 1205 2532 qnod
1229 2441 1336 2513 fuistis
1362 2441 1454 2512 servi
1471 2440 1613 2534 menti
1642 2441 1753 2514 obce-

280 2559 377 2632 distis
410 2568 525 2630 autern
559 2577 607 2628 en
639 2555 747 2628 corde
780 2557 815 2628 in
849 2559 1107 2631 caniformem
1140 2559 1317 2633 doctrinae
1349 2562 1383 2633 in
1415 2583 1484 2655 mua
1518 2559 1629 2634 traditi
1662 2563 1753 2634 estis

280 2673 307 2718 ¹⁸
323 2679 471 2752 Liberati
503 2687 619 2750 nutem
646 2700 667 2748 a
694 2688 853 2770 peccato,
881 2679 973 2751 servi
998 2679 1075 2750 facti
1101 2679 1185 2752 estis
1210 2681 1367 2754 institiae.
1419 2673 1649 2752 *turnacum
1674 2681 1753 2754 riicc

280 2809 421 2894 propter
446 2797 674 2870 infirmitatem
700 2797 813 2870 carnis
837 2807 985 2872 vestrae.
1013 2799 1106 2870 Sicut
1130 2800 1222 2872 eninr
1240 2801 1442 2874 exlu'buistis
1465 2801 1621 2873 membra
1640 2813 1753 2876 vesus

281 2921 412 2992 servire
437 2917 659 2992 inmunditiae
686 2928 721 2988 st
746 2917 912 3012 iniquitati
939 2917 985 2990 ad
1010 2919 1238 3013 iniquitatem,
1265 2922 1312 2994 ita
1336 2939 1426 2992 nunc
1451 2920 1615 2992 exiu'bete
1641 2943 1753 2994 metn-

280 3041 345 3112 bra
369 3047 487 3112 vestra
513 3039 644 3112 servire
669 3038 816 3110 iustitiae
840 3039 876 3108 in
901 3040 1212 3114 sanctificationem.
1264 3034 1291 3080 '⁰
1309 3042 1392 3113 Cum
1418 3040 1509 3112 enim
1536 3042 1627 3113 servi
1652 3063 1752 3114 esse·-

280 3161 323 3232 tis
347 3161 492 3254 pcccati,
516 3159 614 3230 tiberi
638 3158 746 3230 fuistin
771 3159 925 3231 iustitiae.
976 3152 999 3198 ²⁴
1016 3163 1126 3248 Quem
1159 3183 1246 3254 ergo
1277 3163 1421 3234 fructum
1456 3161 1623 3232 habuistis
1648 3163 1751 3234 bruc?

280 3283 315 3351 in
341 3279 464 3374 quibus
489 3301 579 3351 nuuc
605 3278 824 3352 erubescitis:
850 3301 930 3350 nuru
956 3279 1032 3352 finis
1057 3282 1191 3353 iliorum
1214 3301 1311 3353 rnnrs
1335 3291 1397 3354 est.
1438 3274 1575 3352 ¹*Nunc
1597 3301 1684 3352 vero
1711 3281 1751 3352 ti-

279 3401 389 3474 beruti
421 3422 443 3472 a
474 3411 638 3495 peccato,
674 3399 765 3470 servi
799 3407 914 3472 autern
952 3402 1032 3473 iacti
1063 3403 1148 3487 deo,
1190 3401 1324 3476 habetis
1356 3402 1500 3472 fructum
1534 3409 1684 3472 vetmrm
1718 3401 1750 3470 in

280 3521 599 3606 sanctificationem,
633 3519 737 3592 finem
769 3540 855 3592 reru
887 3521 993 3592 vitam
1020 3531 1204 3594 aeternam.
1257 3514 1284 3560 ²³
1301 3519 1479 3616 Stipendia
1502 3520 1593 3592 enim
1617 3523 1750 3615 peccati
1873 3609 1876 3622 Ι

148 3710 152 3724 ,
280 3663 391 3714 mors:
419 3643 527 3732 gratia
554 3651 668 3712 antem
695 3639 751 3711 dci
778 3640 847 3712 vita
874 3653 1014 3714 aeterne
1041 3643 1074 3712 in
1100 3643 1233 3714 Cbristc
1259 3644 1335 3714 lesu
1361 3641 1500 3713 domino
1526 3651 1654 3712 nestro.

986 3917 1047 3989 Vll.

357 4115 429 4174 ΝΠ)
448 4125 502 4194 An
528 4123 700 4216 ignoratis,
727 4125 859 4208 iratres,
888 4127 1075 4198 scientibus
1102 4126 1192 4196 enim
1219 4126 1333 4216 legem
1358 4123 1497 4215 loquor,
1525 4125 1605 4214 quia
1630 4126 1687 4196 iex
1714 4128 1747 4196 in

279 4247 417 4317 bomine
444 4243 636 4316 dominatur
662 4255 790 4337 quanto
816 4254 973 4336 ternpore
998 4244 1105 4316 vivit?
1154 4237 1270 4314 ’Nam
1297 4263 1387 4335 quae
1405 4242 1470 4313 sub
1497 4242 1571 4316 viro
1590 4255 1644 4315 cst
1669 4267 1746 4316 nru-

279 4365 350 4448 Iier,
377 4365 514 4436 vivente
540 4365 614 4434 viro
642 4365 777 4458 alligata
803 4373 858 4434 est
882 4364 966 4456 legi;
994 4365 1023 4434 si
1051 4373 1165 4436 autem
1191 4374 1346 4436 mortuus
1372 4361 1471 4433 inerit
1496 4363 1547 4432 vir
1573 4364 1656 4449 eius,
1685 4387 1745 4436 so-

279 4485 349 4556 lutu
375 4493 430 4556 est
464 4505 484 4555 a
519 4485 597 4576 iege
629 4485 702 4555 viri.
753 4477 885 4575 ³lgitur
916 4484 1056 4555 vivente
1086 4485 1161 4558 viro
1193 4483 1374 4556 vocabitur
1406 4483 1560 4556 adultera
1592 4485 1622 4554 si
1647 4486 1747 4558 fuerit

279 4627 357 4676 curn
383 4605 449 4700 aliu
476 4605 566 4690 virm
594 4606 624 4676 si
650 4616 764 4677 autem
791 4614 947 4676 mortuus
971 4605 1072 4676 buerit
1096 4606 1148 4676 vir
1174 4606 1258 4690 sins,
1284 4603 1429 4674 liberata
1454 4612 1511 4672 est
1534 4625 1559 4674 s
1577 4603 1656 4697 lege
1672 4606 1756 4707 viri„

278 4737 410 4798 utnon
436 4726 480 4798 sit
505 4725 660 4798 adultera
685 4726 715 4796 si
741 4725 840 4796 tuerit
865 4746 943 4796 curn
969 4725 1037 4797 abo
1062 4724 1147 4798 viru.
1190 4714 1341 4817 ‘ltaque
1368 4723 1491 4794 tratres
1516 4723 1596 4809 mei,
1622 4735 1659 4796 et
1680 4747 1748 4798 rus

279 4845 471 4919 mortificati
497 4847 581 4917 estis
607 4845 678 4938 tegi
702 4864 766 4938 par
792 4865 920 4938 corpus
947 4845 1086 4929 Christi,
1113 4855 1151 4916 nt
1176 4845 1250 4916 sitis
1277 4841 1416 4914 alterins
1449 4844 1508 4938 qui
1533 4865 1580 4916 ex
1604 4847 1748 4918 morinis

279 4967 482 5052 resurrexit,
516 4977 553 5038 ut
577 4963 860 5038 fructificaremus
891 4965 969 5037 dec.
1020 4957 1135 5037 ⁵Cum
1162 4964 1253 5036 enim
1278 4983 1440 5036 essemus
1465 4964 1501 5036 in
1525 4985 1639 5050 earne,
1664 4985 1747 5060 pm-

278 5089 397 5160 siones
422 5098 644 5182 peccatorum
671 5107 762 5178 quae
787 5107 851 5180 per
875 5086 989 5178 legent
1007 5095 1106 5157 crunt
1126 5085 1359 5178 operabantur
1376 5085 1413 5156 in
1431 5087 1595 5158 membris
1612 5089 1746 5172 nestun,

713 5281 716 5288 .
848 5205 899 5291 Vl,
927 5207 949 5276 6
980 5245 1025 5258 -
1053 5207 1116 5290 vt,
1144 5207 1176 5278 5.
1382 5295 1387 5304 ι

1404 5327 1449 5400 32
