4254 6130
393 379 466 452 208
840 383 947 445 LIBER
973 379 1123 444 ACTUUM
1149 379 1424 446 APOSTOLORUM

393 588 500 660 daret.
553 579 579 626 11
592 587 687 660 Tunc
712 589 897 682 proconsul
924 610 1002 658 cum
1029 585 1175 658 vidisset
1200 588 1337 675 lactum,
1365 588 1529 675 credidit,
1557 567 1733 662 admirans
1761 613 1866 684 super

393 711 582 782 doctrinam
620 708 759 780 domini.
812 698 899 778 ¹³Et·
924 729 1002 778 cum
1037 727 1057 777 a
1089 707 1195 780 Phalo
1228 709 1452 800 navigassent.
1486 709 1612 782 Paulus
1637 719 1673 781 et
1699 711 1758 804 qui
1786 733 1864 784 cum

393 825 467 916 oo',
494 838 662 903 venerunt
688 827 821 920 Pergen
847 827 1076 922 PamphiHae:
1103 828 1275 901 lohannes
1303 839 1417 901 autem
1445 829 1632 902 discedens
1659 831 1704 902 ah
1732 832 1785 902 eis
1808 853 1867 903 re-

334 961 338 972 '
391 971 514 1024 versus
549 957 603 1020 est
637 948 923 1042 Hierosolymam.
976 939 1002 984 11
1017 947 1065 1018 Illi
1098 969 1184 1020 vero
1217 959 1501 1043 pertranseuntes
1534 951 1671 1044 Pergen
1697 963 1865 1023 venemnt

392 1071 606 1140 Anthiooiam
642 1069 804 1152 Pisidiae,
839 1077 874 1138 et
906 1067 1051 1160 ingressi
1085 1089 1300 1162 synagogam
1335 1071 1393 1142 die
1428 1071 1654 1144 sabbatorum
1688 1072 1864 1144 sederunt.

391 1184 418 1228 11
433 1191 517 1262 Post
550 1191 733 1260 lectionem
760 1199 876 1260 antem
902 1189 990 1280 legis
1026 1196 1061 1258 et
1086 1187 1333 1282 prophetarum
1361 1191 1530 1263 miserunt
1554 1192 1730 1286 principes
1758 1213 1864 1287 syna-

391 1332 504 1403 gogae
531 1311 577 1382 ad
612 1331 674 1380 cos
701 1309 858 1380 dicentes
891 1308 960 1380 Viri
993 1309 1124 1394 iratres,
1152 1308 1181 1379 si
1217 1309 1294 1402 quis
1321 1321 1376 1382 est
1401 1313 1436 1382 in
1461 1311 1563 1382 vobis
1591 1331 1707 1384 sermo
1735 1313 1865 1384 exhor·-

391 1432 528 1503 tationis
556 1431 601 1503 ad
628 1429 916 1524 plebemdicite.
969 1419 995 1516 11
1012 1429 1163 1520 Surgens
1198 1438 1314 1500 antem
1341 1429 1467 1502 Paulus
1502 1441 1537 1502 et
1562 1453 1666 1504 manu
1694 1433 1864 1506 silentium

390 1551 546 1636 indicens
573 1552 620 1622 ait
645 1550 712 1621 Viri
739 1549 936 1620 Israhelitae
964 1548 1083 1640 etqui
1111 1548 1237 1620 timetis
1264 1550 1388 1636 deum,
1416 1552 1542 1624 audite.
1595 1547 1621 1592 11
1634 1555 1726 1624 Deus
1751 1554 1864 1647 plebis

389 1673 517 1744 israhel
553 1671 656 1763 elegit
687 1679 807 1764 patres
839 1679 994 1753 nostros,
1030 1678 1066 1739 et
1097 1669 1237 1762 plebem
1271 1671 1451 1759 exaltavit,
1480 1696 1558 1746 oum
1585 1683 1704 1744 essent
1730 1665 1869 1745 incolae

390 1795 423 1864 in
458 1803 549 1864 terra
582 1790 747 1885 Aegypti,
783 1801 818 1862 et
853 1792 888 1861 in
920 1787 1063 1860 hraohio
1099 1798 1241 1861 extento
1274 1789 1396 1862 eduxit
1430 1815 1494 1865 eos
1520 1815 1567 1865 ex
1593 1815 1652 1878 ea,
1697 1785 1723 1830 111
1740 1803 1776 1864 et
1800 1815 1863 1887 per

388 1914 615 2007 quadraginta
647 1933 814 1983 annorum
848 1920 986 2002 tempus
1023 1929 1141 1979 mores
1175 1929 1297 1980 eorum
1326 1913 1487 1984 sustinuit
1520 1915 1555 1984 in
1582 1913 1741 1998 deserto,
1785 1904 1812 1949 11
1828 1925 1863 1986 et

388 2035 573 2106 destruens
607 2042 729 2126 gentes
763 2038 899 2124 septem
935 2030 969 2098 in
1001 2037 1093 2100 terra
1130 2028 1290 2100 Chanaan
1325 2041 1420 2104 sorte
1453 2029 1625 2102 distribuit
1658 2034 1709 2104 eis
1737 2044 1862 2106 terram
1988 2017 1991 2025 ¹

388 2177 526 2239 eorum,
570 2146 597 2190 111
614 2153 712 2246 quasi
739 2160 819 2244 post
845 2149 1115 2242 quadringentos
1142 2159 1177 2220 et
1204 2150 1451 2244 quinquaginta
1478 2171 1598 2236 annos,
1626 2161 1661 2222 et
1678 2164 1760 2246 post
1777 2154 1863 2226 haec

387 2275 484 2346 dedit
511 2273 642 2346 iudices
670 2291 781 2364 usque
808 2269 853 2341 ad
880 2269 1043 2340 Samuhel
1068 2270 1285 2363 prophetam.
1336 2265 1361 2310 11
1379 2273 1422 2344 Et
1448 2270 1576 2344 exinde
1602 2275 1862 2365 postulaverunt

387 2381 517 2487 regem,
545 2403 580 2464 et
607 2393 703 2465 dedit
729 2392 792 2462 illis
819 2389 908 2462 deus
935 2391 1016 2460 Saul
1041 2389 1146 2462 lilium
1166 2389 1231 2475 Cis,
1257 2391 1368 2463 virum
1397 2391 1443 2464 de
1470 2392 1559 2462 tribu
1585 2393 1770 2480 Beniamin,
1799 2418 1860 2466 an-

387 2515 439 2584 nis
466 2513 709 2606 quadraginta:
754 2505 828 2582 2‘et
854 2520 971 2582 amoto
998 2511 1055 2581 illo
1083 2511 1263 2582 suscitavit
1289 2512 1353 2582 illis
1370 2512 1483 2584 David
1510 2533 1639 2604 regem,
1666 2516 1720 2584 oui
1746 2525 1781 2586 et
1807 2525 1859 2586 te-

387 2633 585 2704 stimonium
619 2631 806 2726 perhibens
841 2631 928 2702 dixit
961 2631 1076 2701 lnveni
1110 2631 1223 2702 David
1256 2629 1360 2702 lilium
1396 2633 1505 2718 lesse,
1535 2633 1643 2704 virum
1669 2635 1859 2708 secundum

387 2775 601 2838 cormeum,
629 2753 685 2846 qui
713 2752 814 2822 faciet
840 2771 962 2822 omnes
989 2751 1186 2822 voluntates
1212 2772 1320 2822 meas.
1363 2743 1390 2788 ²³
1408 2752 1514 2823 Huius
1542 2750 1629 2824 deus
1656 2775 1702 2824 ex
1729 2757 1860 2827 semine

274 2949 280 2962 ,
386 2873 578 2945 secundum
604 2873 874 2968 promissionem
901 2871 1022 2943 eduxit
1047 2871 1175 2942 Israhel
1203 2872 1410 2944 salvatorem
1427 2873 1554 2957 lesum,
1597 2862 1858 2966 2⁴praedicante
1994 2859 1997 2870 ¹

384 2995 642 3068 lohanne‘ante
669 2994 791 3065 laciem
819 2989 988 3063 adventus
1016 2991 1091 3062 eius
1117 2991 1328 3085 baptismum
1355 2993 1585 3086 paenitentiae
1612 2995 1705 3066 omni
1729 2997 1859 3089 populo

384 3115 521 3188 lsrahel.
573 3106 600 3152 11
614 3114 698 3185 Cum
733 3112 891 3206 impleret
926 3120 1041 3184 autem
1072 3111 1242 3210 lohannes
1269 3135 1408 3184 cursum
1435 3135 1552 3198 suum,
1580 3113 1719 3186 dicebat
1746 3117 1857 3201 Quem

384 3259 441 3310 me
467 3234 680 3309 arbitramini
706 3254 805 3318 esse,
839 3254 909 3304 non
936 3243 1013 3304 sum
1041 3253 1128 3325 ego,
1157 3233 1222 3304 sed
1248 3253 1332 3304 ecce
1358 3233 1452 3304 venit
1477 3244 1558 3327 post
1584 3255 1641 3306 me
1668 3237 1765 3308 ouius
1790 3259 1858 3309 non
1948 3304 1950 3310 .

384 3381 460 3452 sum
487 3355 613 3448 dignus
639 3353 861 3425 calciamenta
878 3351 1007 3446 pedum
1027 3353 1173 3424 solvere.
1224 3343 1252 3388 11
1267 3353 1338 3424 Viri
1355 3353 1488 3439 iratres,
1516 3353 1573 3425 lilii
1591 3357 1728 3448 generis
1744 3356 1858 3429 Abra-

382 3479 464 3550 ham
491 3487 525 3548 et
551 3475 610 3568 qui
641 3475 676 3544 in
702 3475 804 3563 vohis
830 3474 949 3544 timent
975 3471 1098 3557 deum,
1132 3471 1234 3544 vobis
1264 3473 1411 3545 verbum
1438 3473 1557 3545 salutis
1582 3475 1683 3546 huius
1713 3477 1858 3548 missum

384 3608 447 3670 est.
498 3588 524 3633 11
543 3595 608 3679 Qui
636 3594 728 3665 enim
755 3593 957 3664 habitabant
982 3592 1197 3664 hierusalem
1225 3603 1260 3664 et
1284 3594 1458 3688 principes
1487 3595 1561 3666 eius
1588 3595 1679 3668 hunc
1695 3597 1857 3688 ignoran-

385 3729 437 3790 tes
463 3727 498 3789 et
524 3735 632 3786 voces
657 3713 904 3809 prophetarum
931 3733 1022 3806 quae
1048 3733 1113 3806 per
1139 3734 1278 3784 omnem
1305 3713 1490 3786 sabbatum
1516 3715 1676 3808 leguntur
1702 3717 1856 3788 iudican-

384 3848 437 3908 tes
463 3836 706 3928 impleverunt,
751 3825 777 3872 ³
794 3843 829 3904 et
855 3834 982 3905 nullam
1016 3853 1154 3904 causam
1183 3834 1303 3906 mortis
1336 3835 1547 3906 invenientes
1580 3835 1614 3906 in
1641 3857 1719 3905 eum
1746 3837 1857 3928 petie-

383 3963 460 4026 runt
498 3976 518 4024 a
550 3955 659 4025 Pilato
701 3963 738 4024 ut
771 3951 1000 4026 interficerent
1031 3974 1128 4026 eum:
1181 3945 1208 3990 11
1225 3975 1375 4046 cumque
1407 3965 1707 4026 consummassent
1741 3932 1876 4030 omnia¹

383 4095 473 4168 quae
499 4074 545 4146 de
572 4095 616 4145 eo
644 4073 803 4166 scripta,
832 4073 1047 4167 deponentes
1074 4093 1154 4143 eum
1182 4072 1227 4143 de
1245 4074 1339 4166 ligno
1356 4085 1547 4167 posuemnt
1571 4074 1605 4144 in
1623 4087 1856 4147 monumento.

380 4186 408 4232 ³⁰
423 4195 519 4266 Deus
544 4215 631 4265 vero
658 4193 835 4264 suscitavit
869 4214 949 4264 eum
976 4213 997 4262 a
1022 4192 1166 4262 mortuis
1200 4194 1299 4264 tertia
1319 4191 1399 4281 die,
1450 4185 1473 4232 ³¹
1494 4194 1551 4286 qui
1587 4193 1680 4266 visus
1712 4205 1765 4266 est
1795 4219 1858 4291 per

382 4311 458 4384 dies
485 4315 612 4384 multos
640 4312 690 4384 his
717 4314 775 4406 qui
803 4313 904 4383 simul
930 4311 1161 4384 ascenderant
1187 4335 1265 4384 cum
1300 4335 1344 4384 eo
1371 4313 1417 4386 de
1450 4314 1600 4386 Galilaea
1634 4315 1668 4384 in
1694 4316 1857 4388 Hierusa-

382 4433 461 4517 lem,
489 4433 547 4524 qui
576 4455 687 4526 usque
714 4455 804 4504 nuno
832 4442 910 4503 sunt
943 4441 1050 4504 testes
1077 4433 1151 4504 eius
1187 4411 1241 4504 ad*
1258 4433 1407 4526 plebem.
1458 4426 1486 4472 ³²
1502 4434 1544 4504 Et
1569 4455 1634 4506 nos
1664 4436 1767 4508 vobis
1793 4438 1857 4510 ad-

381 4553 575 4624 nuntiamus
609 4546 704 4624 'eam
731 4573 823 4647 quae
850 4552 896 4624 ad
921 4562 1039 4645 patres
1066 4562 1205 4624 nostros
1238 4555 1461 4648 repromissio
1487 4554 1582 4626 lacta.
1603 4565 1672 4638 est,
1723 4549 1750 4594 11
1767 4579 1857 4650 quo-

381 4673 474 4745 niam
508 4672 597 4744 hano
631 4673 719 4746 deus
750 4673 952 4767 adimplevit
985 4673 1060 4744 liliis
1094 4674 1221 4745 nostris
1256 4675 1465 4746 resuscitans
1490 4675 1621 4760 lesum,
1649 4675 1737 4748 sicut
1763 4687 1798 4748 et
1825 4678 1858 4746 in

380 4793 514 4887 psalmo
548 4794 707 4866 secundo
740 4794 905 4887 scriptum
939 4803 994 4864 est
1026 4793 1129 4864 Filias
1162 4813 1262 4865 meus
1296 4817 1335 4866 es
1371 4804 1415 4880 tu,
1450 4817 1518 4888 ego
1553 4793 1659 4867 hodie
1683 4798 1786 4888 genui
1813 4806 1856 4867 te.

379 4903 405 4952 11
423 4913 527 4998 Quod
553 4925 670 4988 autem
697 4914 919 4988 suscitaverit
945 4935 1025 4985 eum
1053 4936 1072 4985 a
1100 4915 1254 4998 mortuis,
1283 4915 1427 5008 amplius
1454 4917 1522 4987 iam
1549 4937 1619 4986 non
1636 4936 1857 4987 reversurum

380 5033 412 5102 in
439 5036 706 5128 corruptionem,
735 5035 781 5107 ita
808 5035 897 5109 dixit
925 5035 1004 5126 quia
1031 5033 1125 5106 dabo
1152 5034 1255 5106 vobis
1281 5045 1400 5108 sancta
1425 5036 1537 5108 David
1563 5035 1685 5107 fidelia.
1712 5027 1856 5106 11Ιά80-

380 5175 448 5245 que
475 5164 509 5224 et
537 5156 621 5228 alias
639 5156 721 5228 dicit
746 5155 822 5226 Non
842 5155 943 5226 dahis
970 5164 1126 5227 sanctum
1153 5165 1248 5227 tuum
1267 5155 1388 5227 videre
1406 5155 1671 5248 corruptionem.
1698 5146 1725 5192 11
1741 5154 1856 5226 David

962 5275 1041 5352 Xlll,
1071 5277 1116 5348 ta
1148 5315 1193 5328 -
1223 5277 1280 5346 36.
1412 5349 1418 5354 .
