4242 6118
374 335 439 425 ts'
785 349 1025 418 nvnuennuu
1050 353 1251 418 secunuun
1276 353 1431 420 mneos

374 559 525 653 puellam
551 559 719 630 iacentem
747 579 850 652 supra
876 560 1001 628 lectum
1028 567 1063 629 et
1091 535 1313 632 daemonium
1340 559 1468 632 exisse.
1519 552 1543 598 ³¹
1559 551 1650 610 ())·))·)
1663 561 1705 632 Et
1729 563 1852 634 itemm

376 679 498 751 exiens
523 679 570 750 de
596 679 720 750 linibus
746 679 826 773 Tyri
851 678 945 752 venit
970 699 1034 772 per
1060 677 1225 750 Sidonem
1252 679 1297 750 ad
1324 699 1422 751 mare
1455 674 1630 754 Galilaeae
1665 683 1853 756 interme·

377 799 456 872 dios
482 799 568 872 fines
593 797 823 894 Decapoleos.
874 791 901 836 ³¹
918 799 960 870 Et
987 797 1164 872 adducunt
1197 799 1229 871 ei
1262 799 1405 873 surdum
1431 811 1467 872 et
1492 781 1634 887 mutum,
1660 813 1696 874 et
1721 804 1851 899 depre-

377 931 497 994 cantur
526 942 605 990 eum
640 931 677 991 ut
709 921 852 1012 inponat
883 919 928 990 illi
960 941 1109 990 manum.
1161 911 1188 958 ³³
1204 921 1247 992 Et
1272 920 1541 1016 adprehendens
1573 943 1653 994 eum
1679 923 1725 996 de
1751 925 1851 996 turba
1908 979 1910 986 .

277 1067 280 1076 ’
377 1063 534 1112 seorsum
561 1039 651 1112 misit
676 1039 803 1132 digitos
830 1059 913 1111 suos
938 1040 971 1110 in
999 1041 1177 1128 auriculas,
1204 1052 1240 1112 et
1265 1063 1423 1136 expuens
1456 1043 1565 1136 tetigit
1590 1044 1741 1136 linguam
1768 1045 1851 1132 eius,

376 1151 403 1200 ³*
420 1173 456 1232 ct
480 1159 671 1254 suspiciens
696 1159 730 1229 in
756 1161 890 1231 caelum
917 1161 1096 1253 ingemuit,
1130 1171 1165 1233 et
1190 1161 1238 1233 ait
1262 1161 1307 1232 illi
1337 1162 1487 1250 Elletba,
1516 1163 1611 1256 quod
1637 1174 1692 1236 est
1717 1164 1851 1260 adape-

376 1284 453 1353 rire.
504 1273 532 1318 ὅ
547 1279 590 1351 Et
615 1281 731 1351 statim
759 1290 904 1374 apertae
929 1289 1007 1354 sunt
1034 1303 1136 1353 aures
1162 1281 1245 1366 eius,
1272 1291 1308 1354 et
1333 1283 1481 1356 solutum
1512 1297 1567 1355 cst
1590 1285 1760 1356 vinculum
1786 1287 1851 1358 lin-

378 1423 468 1495 guae
503 1401 594 1486 eius,
628 1409 663 1470 et
699 1401 907 1493 loquebatur
940 1413 1045 1474 recte.
1097 1395 1124 1440 ³⁸
1139 1402 1181 1473 Et
1211 1404 1390 1498 praecepit
1423 1403 1487 1476 illis
1518 1427 1563 1476 ne
1595 1405 1651 1476 cui
1682 1405 1850 1478 dicerent:

376 1513 453 1570 ‘W
471 1531 599 1615 quanto
627 1531 742 1592 autem
770 1521 820 1592 eis
846 1519 1093 1617 praecipiebat,
1121 1531 1215 1594 tanto
1241 1525 1353 1616 magis
1379 1525 1456 1619 plus
1481 1525 1741 1619 praedicabant,
1772 1521 1800 1566 ³¹
1816 1537 1851 1598 et

376 1663 420 1713 eo
448 1641 593 1736 amplius
619 1641 876 1714 admirabantur
901 1642 1055 1716 dicentes
1098 1633 1176 1690 (Μ)
1192 1643 1288 1714 Bene
1313 1644 1428 1718 omnia
1455 1645 1550 1731 lecit,
1582 1655 1618 1717 et
1644 1646 1770 1718 surdos
1796 1647 1849 1718 le-

377 1763 421 1833 cit
447 1763 567 1834 audire
593 1772 628 1832 et
654 1772 767 1834 mutos
792 1763 895 1856 loqui.

1075 2037 1152 2108 Vlll.

453 2240 518 2316 'ln
550 2243 614 2316 illis
645 2242 769 2314 diebus
802 2243 924 2314 iterum
956 2264 1034 2314 curn
1070 2244 1171 2316 turba
1206 2245 1310 2318 multa
1344 2256 1439 2318 esset
1470 2265 1537 2318 nec
1562 2246 1729 2319 haberent
1754 2249 1850 2340 quod

376 2366 631 2445 manducarent,
659 2364 860 2436 convocetis
886 2361 1061 2456 discipulis
1087 2365 1134 2436 ait
1159 2365 1223 2438 illis
1264 2359 1462 2438 'llisereor
1493 2387 1599 2459 super
1625 2367 1741 2453 unna,
1769 2369 1849 2461 quia

376 2509 459 2559 ecce
485 2489 554 2559 lam
580 2485 694 2556 triduo
720 2485 887 2556 sustinent
911 2505 969 2554 me
995 2507 1061 2558 nec
1087 2485 1217 2557 habent
1248 2485 1343 2578 quod
1369 2485 1593 2572 manducent,
1646 2481 1714 2560 ³et
1739 2489 1768 2560 si
1794 2488 1849 2560 di-

375 2609 502 2680 misero
530 2627 593 2678 eos
618 2606 750 2677 ieiunos
782 2605 816 2675 in
843 2604 984 2676 domum
1012 2627 1128 2692 suam,
1159 2605 1319 2679 deficient
1348 2599 1382 2678 in
1413 2609 1486 2680 via:
1518 2607 1659 2702 quidam
1686 2609 1777 2680 enim
1803 2631 1850 2680 ex

375 2730 426 2800 eis
458 2729 504 2800 de
535 2728 639 2818 longe
670 2735 848 2798 venerunt.
899 2713 972 2796 ‘Et
1011 2725 1266 2820 responderunt
1297 2727 1330 2798 ei
1360 2728 1516 2822 discipuli
1550 2729 1602 2800 sul
1633 2727 1732 2802 Unde
1764 2727 1850 2803 istos

374 2845 501 2944 poterit
532 2846 608 2940 quis
640 2846 695 2917 hic
727 2857 883 2919 saturare
915 2844 1063 2939 panibus
1095 2846 1130 2916 in
1164 2846 1371 2920 solitudine?
1426 2839 1499 2920 (Εἰ
1530 2847 1754 2942 interrogavit
1787 2871 1850 2921 eos

328 2989 333 2998 ·
376 2971 469 3056 Quot
494 2985 603 3062 panes
629 2963 788 3040 hubetis‘.l
829 2967 895 3052 Qui
921 2965 1083 3038 dixerunt
1110 2967 1260 3061 Septem.
1313 2959 1386 3038 ⁸Et
1416 2968 1595 3064 praecepit
1627 2969 1750 3042 turbae
1767 2969 1848 3042 ‘die-

375 3090 540 3162 cumbere
566 3109 670 3182 supra
695 3099 838 3160 terram:
865 3097 901 3158 et
927 3087 1100 3182 accipiens
1125 3097 1260 3182 septem
1294 3109 1404 3184 panes
1437 3089 1566 3182 gratias
1599 3109 1709 3183 agens
1740 3089 1849 3182 fregit,

374 3221 410 3282 et
436 3209 544 3281 dabat
569 3207 743 3304 discipulis
769 3208 840 3280 suis
866 3216 903 3278 ut
930 3209 1154 3302 adponerent,
1181 3218 1217 3280 et
1242 3207 1475 3299 adposuerunt
1506 3210 1636 3282 turbae.
1687 3202 1761 3281 qllt
1784 3209 1849 3282 ha-

373 3328 505 3403 bebant
530 3327 712 3424 pisciculos
738 3349 886 3423 paucos:
914 3338 949 3400 et
974 3329 1071 3422 ipsos
1095 3327 1274 3400 benedixit
1300 3338 1336 3399 et
1361 3328 1458 3402 iussit
1483 3329 1622 3424 adponi.
1660 3323 1734 3402 ⁸Et
1748 3352 1830 3402 man

375 3451 589 3524 ducaverunt
614 3461 650 3521 et
667 3451 807 3523 saturati
826 3458 912 3534 stunt,
939 3459 975 3520 et
991 3449 1198 3522 sustulerunt
1215 3449 1310 3542 quod
1332 3461 1560 3543 superaverat
1577 3450 1624 3522 de
1640 3451 1849 3544 fragmentis,

375 3582 509 3666 septem
536 3579 682 3664 sportas.
733 3563 868 3640 ⁹Erant
893 3579 1007 3642 autem
1036 3571 1094 3664 qui
1119 3569 1413 3642 manducaverant
1439 3571 1538 3663 qnasi
1556 3581 1718 3665 quattuor
1742 3572 1849 3644 milia:

376 3703 412 3763 et
437 3691 563 3764 dimisit
588 3711 661 3762 cos.
715 3681 741 3726 ¹⁰
757 3689 800 3760 Et
826 3689 939 3762 statim
967 3675 1160 3762 ascendens
1194 3710 1319 3762 navem
1351 3711 1429 3762 crun
1462 3689 1636 3786 discipulis
1663 3691 1732 3762 suis
1757 3691 1851 3762 venit

375 3815 410 3884 in
436 3821 552 3906 partes
582 3810 819 3882 Dalmanutba.
870 3801 893 3845 ⁴¹
913 3799 991 3858 (Μ)
1009 3809 1050 3881 llt
1081 3811 1239 3882 exierunt
1270 3809 1445 3882 Pharisaei
1475 3820 1511 3882 et
1542 3819 1732 3906 coeperunt
1764 3830 1850 3880 con-

376 3933 511 4026 quirere
548 3953 626 4002 cnm
661 3951 722 4016 eo,
756 3939 963 4025 quaerentes
996 3929 1042 4000 ab
1074 3930 1131 4001 illo
1165 3929 1299 4023 signum
1330 3928 1377 4002 de
1410 3931 1509 4004 caelo
1544 3941 1726 4003 temtantes
1760 3946 1849 4000 enm.

375 4046 402 4092 ⁴²
419 4045 493 4102 (Μ)
510 4053 553 4124 Et
587 4051 827 4145 ingemescens
862 4049 981 4146 spiritu
1015 4050 1063 4122 ait
1096 4049 1187 4137 Quid
1218 4050 1396 4142 genmatio
1429 4051 1495 4123 ista
1526 4051 1659 4144 quaerit
1691 4051 1850 4144 signum?

374 4173 487 4245 Arnen
512 4171 591 4244 dico
617 4173 719 4246 vobis
744 4172 773 4242 si
800 4169 937 4243 dabitur
962 4169 1176 4264 generationi
1200 4169 1255 4240 isli
1280 4171 1425 4264 signnm.
1477 4161 1503 4208 ⁴³
1519 4171 1562 4242 Et
1588 4171 1760 4244 dimittens
1787 4191 1851 4242 eos

375 4293 568 4366 ascendens
594 4292 717 4364 iterum
744 4293 827 4364 abiit
851 4301 947 4363 hans
972 4291 1105 4362 fretum.
1158 4281 1185 4328 ⁴⁸
1200 4290 1242 4362 Et
1269 4291 1363 4364 obliti
1389 4301 1468 4363 sunt
1492 4313 1631 4364 sumere
1656 4315 1782 4386 panes,
1817 4301 1852 4363 et

375 4415 440 4486 nisi
464 4435 570 4485 unum
596 4433 722 4506 panem
748 4433 818 4484 non
844 4410 1021 4484 habebant
1047 4433 1164 4483 secum
1197 4411 1231 4482 in
1257 4412 1345 4484 navi.
1397 4404 1424 4450 ¹⁶
1441 4403 1517 4458 (Μ)
1537 4413 1580 4483 Et
1614 4412 1852 4507 praecipiebat

376 4537 428 4606 eis
454 4534 573 4606 dicens
599 4533 722 4606 Videte
748 4541 872 4606 cavete
899 4555 920 4605 a
946 4533 1115 4604 fermento
1142 4531 1405 4606 Pharisaeorum
1432 4542 1468 4603 et
1498 4533 1666 4604 termento
1693 4531 1851 4604 Herodis.

374 4645 490 4702 “ml
508 4656 550 4726 llt
584 4655 783 4747 cogitabant
814 4651 862 4726 ad
894 4653 1093 4726 alterutrum
1126 4651 1281 4744 dicentes
1318 4652 1398 4745 quin
1431 4673 1541 4746 panes
1575 4673 1645 4724 non
1671 4653 1850 4725 habemus.

375 4768 400 4812 Π
415 4777 492 4861 Quo
519 4777 656 4869 cognito
681 4777 777 4848 lesus
803 4775 850 4846 alt
873 4775 937 4845 illis
964 4774 1055 4859 Quid
1080 4771 1239 4864 cogitatis
1256 4773 1336 4865 quia
1362 4793 1471 4867 panes
1487 4793 1558 4844 non
1575 4772 1737 4846 habetis?
1762 4795 1852 4845 non-

377 4893 459 4964 dum
486 4897 693 4987 cognoscitis
718 4915 832 4988 neque
857 4895 1076 4987 intellegitis?
1104 4891 1218 4964 adhuc
1243 4903 1423 4968 caecatum
1442 4893 1580 4966 habetis
1597 4913 1659 4964 cor
1674 4895 1852 4966 vestrum?

375 5005 542 5086 ⁴⁸Oculos
568 5017 737 5089 habentes
762 5035 832 5086 non
858 5015 996 5100 videtis,
1029 5023 1065 5086 et
1097 5034 1200 5086 aures
1226 5011 1397 5087 hahentes
1421 5037 1491 5086 non
1517 5014 1668 5086 audilis?
1702 5037 1768 5086 nec
1793 5033 1852 5083 re·

377 5133 584 5222 cordamini,
644 5128 823 5230 ¹⁹quando
856 5137 1005 5230 quinque
1040 5155 1149 5228 panes
1182 5133 1269 5226 lregi
1301 5135 1336 5207 in
1370 5136 1520 5230 quinque
1552 5134 1660 5217 milia,
1702 5143 1738 5204 et
1769 5139 1854 5226 qnot

913 5253 978 5340 llll,
1005 5257 1046 5325 3t
1082 5293 1128 5310 ·-
1156 5255 1233 5340 lllll,
1264 5257 1320 5328 tlt.

990 5375 1001 5406 l
