4102 6128
824 429 1107 511 anonucbuunn
1533 420 1537 430 ’
1644 467 1709 516 xvn

223 646 414 718 redimitum
448 655 500 718 est
538 645 753 733 diademate,
793 660 960 741 argentea
981 671 1096 722 wcruce
1130 648 1305 736 distincto,
1341 651 1434 722 cuius
1466 651 1502 722 in
1535 672 1706 744 praesens

222 788 330 861 pauca
357 776 538 860 supersunt
561 769 720 862 vestigia.
764 767 884 841 ,Nudis
910 769 1059 864 pedibus
1086 769 1347 863 suppedaneum
1364 771 1498 863 premit,
1526 771 1704 864 rubraque

214 886 316 958 talari
354 887 466 958 tunica
502 889 642 979 corpori
682 888 847 963 adstricta
885 890 1114 984 praecingitur
1147 911 1225 962 cum
1258 890 1360 984 pallio
1393 890 1542 962 violacei
1580 892 1706 963 coloris

224 1007 504 1102 superimposito,
546 1007 644 1100 quod
677 1031 698 1080 a
730 1010 831 1081 laevo
869 1011 1012 1082 humero
1051 1010 1210 1103 pendens
1245 1009 1336 1080 circa
1373 1031 1501 1104 corpus
1545 1011 1724 1082 volvitur'

224 1127 415 1198 Latinorum
448 1147 546 1198 more
580 1129 828 1226 episcoporum
865 1133 953 1202 elata
995 1129 1140 1201 dextera
1173 1151 1276 1200 mauu
1308 1129 1444 1200 videtur
1474 1130 1705 1214 benedicere,

223 1247 355 1320 sinistra
380 1257 494 1318 autem
521 1269 635 1334 manu,
663 1249 791 1322 eodem
819 1259 985 1344 cooperta
1012 1251 1146 1336 amictu,
1173 1249 1326 1320 clausum
1352 1249 1518 1320 volumen
1546 1272 1633 1321 auro
1651 1249 1706 1318 in-

224 1368 380 1460 signitum
412 1368 565 1440 sustinet.
623 1369 702 1440 Duo
737 1369 815 1440 alati
851 1370 979 1462 angeli,
1014 1369 1140 1463 duplici
1170 1369 1268 1440 talari
1299 1377 1398 1439 veste
1433 1366 1569 1452 induti,
1598 1369 1706 1438 altera

224 1487 449 1573 subobscura,
482 1489 591 1560 altera
627 1487 769 1560 albiduli
800 1489 941 1576 coloris,
973 1490 1008 1560 in
1040 1489 1152 1583 eapite
1185 1488 1294 1560 aurati
1323 1487 1429 1557 nimbi
1456 1495 1705 1558 ornamentum

222 1607 405 1692 hahentes,
440 1629 480 1680 se
515 1609 561 1680 ad
594 1609 777 1680 salvatoris
803 1619 986 1704 utrumqne
1018 1609 1106 1680 latus
1133 1607 1323 1678 excalceati
1354 1617 1497 1678 curvato
1527 1606 1707 1700 paulisper

225 1749 369 1821 corpore
394 1738 619 1822 prosternunt
644 1729 883 1802 venerabundi
908 1727 1136 1822 manibusque
1167 1736 1351 1820 argenteos
1383 1727 1532 1798 baculos
1561 1735 1706 1818 gestan·
1832 1813 1837 1828 Ι

223 1856 285 1918 tcs.
329 1847 424 1918 Circa
451 1849 623 1934 circrdum,
649 1847 684 1918 in
710 1859 870 1942 quattuor
895 1851 1009 1944 pictae
1035 1849 1173 1921 tabulae
1200 1847 1340 1940 angulis,
1368 1855 1532 1940 quattuor
1560 1867 1707 1940 reprae-

225 1977 398 2040 sentantur
424 1969 659 2062 evangelistae
685 1990 763 2038 cum
780 1971 929 2064 propriis
947 1969 1122 2064 symbolis,
1149 1967 1297 2061 pedibus
1315 1975 1445 2038 stantes
1463 1965 1580 2051 undu,
1608 1979 1707 2041 veste
1804 1953 1808 1964 ’

225 2109 267 2158 ao
292 2086 473 2181 chlamyde
499 2088 607 2162 induti
632 2087 832 2160 versicolori
858 2110 900 2160 ac
924 2089 1043 2160 nimbo
1071 2097 1173 2182 caput
1205 2085 1361 2159 redimiti.
1415 2087 1628 2158 Sanctorum
1653 2089 1707 2160 in-

224 2228 328 2300 super
360 2209 619 2302 evangeliorum
654 2207 815 2280 volumen
846 2209 949 2280 variis
976 2207 1203 2302 positionibus
1234 2227 1319 2300 prae
1345 2206 1502 2278 manibus
1530 2207 1706 2282 habentes

224 2349 263 2397 se
288 2327 431 2400 invicem
457 2329 637 2400 intuentur.

940 2533 980 2603 X.

317 2705 508 2778 Dicendum
535 2719 591 2780 est
617 2729 707 2802 quae
733 2707 818 2778 ratio
846 2707 890 2777 sit
924 2705 1010 2777 inter
1036 2706 1301 2778 Lamentiauum
1327 2703 1485 2776 codiocm
1513 2717 1551 2778 et
1578 2711 1702 2782 editio-

223 2845 302 2897 nem
327 2824 492 2898 nostram.

317 2944 520 3016 Ordinem
548 2947 760 3039 singulorum
786 2949 952 3020 librorum
979 2969 1056 3018 cum
1089 2947 1262 3040 prologis,
1288 2945 1568 3040 praelationibus,
1597 2970 1701 3042 argu-

222 3064 356 3151 mentis,
383 3065 548 3159 capitulis,
577 3076 737 3138 accurate
765 3068 1000 3163 expressimus
1026 3067 1321 3159 quemadmodum
1345 3069 1379 3136 in
1397 3064 1521 3138 codice
1548 3078 1613 3154 est,
1639 3069 1702 3140 nisi

224 3184 319 3280 quod
345 3185 515 3280 epistulae
542 3185 590 3258 ad
614 3185 795 3281 Ephesios,
824 3189 870 3260 ad
896 3189 1122 3260 Colossenses
1149 3179 1258 3258 etad
1285 3185 1615 3260 Thessalonicenses
1642 3210 1701 3260 se-

224 3303 336 3378 cunda
360 3305 395 3376 in
421 3305 545 3378 codice
573 3322 776 3399 argumenta
801 3307 955 3402 capitulis
980 3307 1172 3400 postposita
1197 3306 1336 3377 habent.
1727 3313 1730 3318 '

315 3425 424 3497 Porro
450 3425 771 3520 inscriptiones
798 3437 842 3499 et
867 3425 1218 3519 subscriptiones
1246 3447 1294 3496 ex
1311 3426 1434 3498 codice
1457 3428 1700 3519 transscriptas

224 3545 398 3631 dedimus,
425 3545 582 3640 exceptis
608 3546 670 3618 his.
723 3547 765 3618 Et
791 3547 970 3640 evangele
995 3557 1030 3615 et
1055 3543 1285 3637 praelationes
1310 3544 1569 3638 evangeliorum
1595 3567 1699 3639 prae-

223 3666 373 3758 positum
399 3665 531 3738 hahere
558 3665 671 3736 solent
696 3687 823 3739 morrrr.
875 3665 1068 3758 Evangeliis
1101 3664 1190 3735 haec
1223 3664 1419 3760 subscripta
1438 3673 1527 3764 ¹sunt
1551 3689 1699 3738 nxrurcm

224 3807 429 3857 uvnnermuu
469 3809 639 3857 sncunnuu
678 3809 868 3860 unrrnruu:
909 3809 1055 3856 uxrmcrr
1095 3806 1302 3856 nvnncmrurr
1340 3807 1511 3856 sucnncmr
1552 3773 1698 3858 umcuu':

223 3928 371 3976 nmmum
411 3929 617 3978 uvnncrmuu
651 3929 819 3978 sncunnmr
850 3930 968 3978 numu:
1021 3927 1169 3978 nxrmorr
1202 3929 1410 3978 nvnucrmuu
1443 3928 1613 3980 sncunnuu
1645 3931 1698 3978 ro-

223 4047 361 4096 unuurr.
415 4025 575 4120 Capitulis
602 4027 770 4120 evangelii
796 4027 986 4098 secundum
1008 4026 1134 4098 Lucam
1162 4026 1217 4098 hic
1250 4037 1305 4098 est
1331 4027 1444 4099 titulus
1475 4049 1555 4099 mnu
1580 4051 1700 4098 muron
1793 4049 1800 4056 ·

225 4168 294 4215 srvn
327 4167 480 4216 murrum
513 4169 697 4220 unerronurr
730 4171 900 4219 nvnncruu
939 4171 1107 4218 sncunnuu
1140 4170 1254 4219 suoru.
1315 4149 1500 4217 Praeterea
1539 4147 1699 4239 quicquid

223 4264 344 4336 harum
370 4286 485 4336 rerum
513 4267 685 4360 singulare
712 4277 774 4353 est,
802 4278 839 4339 ut
864 4268 976 4340 titulus
1002 4268 1078 4339 libri
1104 4275 1242 4339 actuum
1269 4266 1506 4359 apostolorum
1523 4285 1594 4337 nou
1619 4275 1698 4336 tex-

224 4385 272 4454 tui
297 4383 362 4456 sed
388 4385 541 4478 capitrdis
569 4390 802 4483 praepositus,
829 4397 866 4459 ut
893 4389 988 4482 qnod
1013 4387 1233 4482 apocalypsis
1259 4386 1340 4458 nihil
1365 4385 1449 4457 tituli
1474 4385 1588 4471 habet,
1614 4385 1698 4456 item

224 4504 319 4597 quod
344 4505 439 4598 prior
464 4505 609 4598 epistula
634 4507 680 4578 ad
706 4507 920 4580 Timotheum
946 4530 1012 4580 uec
1036 4509 1070 4579 in
1097 4507 1290 4600 argumenti
1320 4505 1541 4599 inscriptione
1573 4507 1699 4576 necin

222 4623 299 4694 libri
324 4623 419 4696 titulo
446 4646 625 4697 numerum
656 4627 850 4719 appositum
882 4629 1004 4714 habet,
1030 4628 1066 4701 id
1093 4649 1198 4700 omne
1224 4649 1271 4699 ex
1303 4625 1486 4698 codicem
1512 4623 1697 4698 editionem

223 4753 376 4815 nostram
403 4745 542 4816 transiit.
1062 4752 1069 4836 ᾗ
1191 4827 1194 4832 ,

315 4863 487 4935 Pertinent
523 4865 591 4936 huc
626 4865 727 4936 etiam
768 4875 871 4939 notae
912 4867 1081 4940 eiusmodi
1121 4877 1159 4938 ut
1192 4889 1362 4938 ruururruu
1395 4890 1450 4950 cur
1485 4889 1595 4938 nucis:
1629 4890 1697 4937 nno
1814 4949 1818 4956 1

224 5007 355 5054 enarras
390 5007 491 5068 runa,
520 5007 606 5078 quas
644 4987 952 5082 subscriptionibus
986 4987 1123 5060 additas
1156 4987 1201 5059 ab
1234 4986 1384 5058 editione
1417 4996 1537 5060 nostra
1570 4985 1697 5058 abesse

222 5103 400 5176 noluimus.
453 5104 637 5178 Praeterea
674 5127 760 5178 vero
797 5106 964 5201 principio
1005 5106 1172 5200 evangelii
1212 5107 1375 5180 Matthaei
1413 5107 1615 5202 praeposita
1644 5117 1698 5179 est

221 5224 395 5296 invocatio
423 5249 554 5296 numeru
581 5249 673 5297 rnvr.
706 5227 789 5298 ltem
813 5226 967 5319 capitulis
986 5238 1121 5298 actuum
1141 5227 1378 5320 apostolorum
1397 5211 1628 5322 subscriptum
1646 5239 1698 5298 est

226 5338 318 5414 960)
339 5333 467 5417 wc.

1381 5479 1397 5519 0
