4254 6130
389 409 460 490 tlt
775 421 1014 486 nvmonnun
1041 421 1242 486 snounoun
1267 422 1464 486 romulum

1624 529 1850 540 ——-—--.-....

1091 661 1159 733 XV.

462 861 566 960 *Ego
593 886 669 936 sum
696 864 773 935 vitis
799 887 893 952 vera,
920 877 954 938 et
980 859 1080 960 pater
1105 888 1205 940 mens
1231 867 1382 960 agricola
1416 877 1480 939 est.
1532 860 1709 939 ΞΟιιιιιιιιιι
1743 869 1865 961 palmi·-

387 999 454 1060 tem
483 989 515 1058 in
541 1006 598 1055 me
624 1004 693 1054 non
719 985 885 1057 terentem
904 988 1056 1074 fructum,
1084 989 1178 1060 tollet
1204 1009 1293 1074 enm,
1321 998 1355 1060 et
1381 1009 1518 1061 omnem
1546 988 1603 1080 qui
1621 987 1686 1060 lert
1711 989 1865 1075 fructum,

386 1107 546 1203 purgabit
571 1127 651 1177 enm
685 1115 722 1176 ut
742 1107 890 1178 ¹lrnctnm
926 1109 1003 1201 plus
1037 1108 1178 1180 adterat.
1229 1101 1324 1179 8Ιιιιιι
1357 1131 1423 1182 voa
1456 1108 1573 1182 mnndi
1605 1109 1689 1180 estis
1723 1121 1866 1205 propter

387 1246 584 1298 sermonem
612 1246 714 1318 quem
742 1227 876 1299 locutus
903 1250 979 1299 snm
1005 1229 1120 1300 vobis:
1171 1219 1338 1300 ‘manete
1369 1231 1404 1301 in
1434 1250 1509 1314 me,
1537 1238 1572 1300 et
1598 1250 1666 1321 ego
1693 1229 1728 1300 in
1752 1231 1862 1302 vobis.

387 1347 480 1418 Sicut
505 1347 639 1439 palmes
666 1367 736 1418 non
761 1357 878 1440 potest
902 1349 992 1420 serre
1016 1349 1161 1422 fructum
1188 1371 1209 1419 a
1236 1358 1348 1420 semet
1372 1349 1450 1442 ipso
1467 1347 1532 1419 nisi
1552 1351 1716 1422 manserit
1732 1351 1766 1421 in
1783 1352 1861 1436 vite,

386 1466 436 1538 sio
461 1487 527 1537 nec
551 1489 617 1538 vos
644 1467 707 1537 nisi
740 1467 775 1538 in
801 1489 859 1538 me
893 1468 1096 1540 manseritis
1147 1461 1249 1562 ὃΕςο
1276 1491 1352 1542 sum
1384 1469 1479 1554 vitis,
1513 1491 1578 1542 vos
1604 1471 1778 1564 palmites:
1806 1473 1863 1566 qni

385 1595 501 1657 manet
526 1587 560 1656 in
585 1609 643 1658 me
670 1597 705 1658 et
731 1609 799 1680 ego
826 1588 859 1658 in
886 1611 940 1674 eo,
968 1589 1023 1660 hic
1049 1590 1114 1660 lert
1138 1589 1282 1660 fructum
1312 1589 1466 1675 multum,
1494 1589 1572 1682 quia
1599 1594 1674 1662 sine
1700 1613 1757 1662 me
1784 1591 1864 1664 nihil
1916 1639 1922 1652 .

386 1707 532 1801 potestis
558 1708 683 1778 lacere.
734 1699 796 1777 aSi
823 1707 898 1799 quis
925 1707 958 1778 in
984 1731 1041 1781 me
1068 1731 1138 1780 non
1163 1709 1346 1795 manserit,
1381 1708 1531 1782 mittetur
1557 1712 1648 1782 loras
1674 1712 1762 1784 sicut
1786 1712 1863 1805 pal·
1947 1737 1953 1744 ·

385 1849 461 1898 mes
486 1837 521 1898 et
547 1827 649 1912 aruit,
677 1837 712 1898 et
738 1826 897 1919 colligent
922 1849 985 1900 eos
1012 1839 1046 1902 et
1071 1829 1106 1899 in
1131 1827 1244 1921 ignem
1272 1829 1422 1915 mittunt,
1457 1839 1491 1901 et
1517 1831 1647 1902 ardent.
1697 1821 1814 1880 ΝΜ)
1827 1833 1862 1902 Si

384 1947 578 2019 manseritis
604 1949 720 2019 inme
748 1958 783 2018 et
808 1947 916 2018 verba
943 1970 1022 2022 mea
1048 1950 1081 2019 in
1107 1949 1208 2022 vobis
1235 1950 1434 2036 manserint,
1461 1950 1713 2045 ‘quodcumque
1740 1951 1866 2022 velue-

384 2069 457 2139 ritis
481 2067 605 2162 petetis
632 2077 667 2138 et
692 2067 751 2138 fiet
776 2067 886 2140 vobis.
938 2057 1068 2116 ⁸<¹³‘·⁴⁰'’
1081 2069 1118 2140 ln
1148 2069 1216 2142 hoo
1251 2069 1454 2142 clarificatus
1489 2081 1543 2143 est
1576 2080 1675 2165 pater
1701 2091 1801 2160 meus
1826 2081 1864 2142 ut

386 2190 529 2260 fructum
565 2189 746 2282 plurimum
781 2185 943 2258 adferatis
978 2199 1013 2260 et
1050 2187 1240 2261 efficiamini
1273 2191 1340 2261 mei
1374 2189 1538 2285 discipuli.
1590 2182 1712 2264 ⁹Sicut
1744 2190 1864 2264 dilexit

385 2329 442 2380 me
468 2317 576 2402 pater,
603 2317 638 2380 et
664 2329 732 2400 ego
760 2306 865 2379 dilexi
891 2330 973 2380 vos:
1000 2319 1136 2380 manete
1163 2309 1197 2379 in
1223 2309 1405 2383 dilectione
1432 2331 1519 2382 mea.
1571 2303 1598 2349 ¹⁰
1614 2313 1648 2383 Si
1675 2321 1862 2406 praecepta

385 2451 464 2502 mea
491 2429 732 2514 servaveritis,
767 2427 947 2500 manebitis
980 2429 1015 2500 in
1048 2429 1231 2502 dilectione
1264 2451 1360 2516 mea,
1393 2432 1481 2503 sicut
1506 2441 1541 2504 et
1567 2453 1635 2525 ego
1661 2435 1768 2528 patris
1793 2434 1861 2504 mei

385 2559 571 2644 praecepta
597 2549 733 2622 servavi
760 2558 796 2620 ct
820 2569 945 2620 maneo
971 2549 1005 2620 in
1032 2549 1106 2620 eins
1138 2549 1327 2623 dilectione.
1379 2543 1402 2590 ¹¹
1422 2553 1517 2624 liaeo
1541 2555 1675 2625 locutus
1701 2573 1777 2625 sum
1792 2573 1861 2624 vo-

351 2671 439 2742 ¹bis
464 2678 501 2741 ut
526 2669 689 2762 gaudium
714 2691 829 2740 meum
858 2669 891 2738 in
915 2669 1017 2741 vobis
1045 2670 1087 2740 sit
1111 2679 1147 2741 et
1172 2671 1335 2764 gandium
1353 2681 1507 2744 vestrum
1525 2673 1714 2766 impleatur.
1748 2665 1861 2746 ¹'lloc

384 2801 439 2862 est
463 2799 687 2886 praeceptum
714 2809 829 2860 meum
855 2798 892 2859 nt
917 2787 1063 2882 diligatis
1088 2789 1234 2862 invicem
1260 2792 1348 2864 sicut
1373 2792 1478 2864 dilexi
1503 2815 1578 2865 vos.
1607 2784 1736 2844 'mm'
1751 2792 1860 2866 Maio-

384 2933 457 2984 rem
484 2911 550 2982 hac
575 2910 793 2982 dilectionem
820 2930 924 2980 nemo
949 2907 1063 2994 habet,
1086 2919 1126 2981 nt
1151 2911 1297 2984 animam
1325 2935 1422 2984 suam
1449 2915 1525 3006 quis
1551 2923 1658 3008 ponat
1682 2933 1748 3007 pro
1774 2913 1859 2984 ami-

386 3032 435 3104 cis
461 3031 542 3102 suis.
595 3018 736 3078 “immi
749 3029 820 3101 Vos
851 3029 950 3101 amici
982 3030 1050 3101 mei
1081 3031 1178 3116 estis
1214 3032 1242 3104 si
1275 3034 1423 3104 feceritis
1457 3057 1548 3127 quae
1580 3053 1648 3127 ego
1683 3033 1859 3127 praecipio

384 3150 494 3224 vobis.
546 3141 573 3188 ⁴⁶
585 3152 655 3222 lam
682 3171 751 3221 non
777 3147 857 3220 dico
882 3172 948 3222 vos
974 3173 1106 3237 servos,
1133 3151 1213 3245 quia
1239 3175 1362 3224 servus
1392 3155 1500 3226 nescit
1533 3155 1616 3248 quid
1641 3154 1720 3224 lacit
1745 3153 1859 3226 domi-

384 3293 448 3342 nns
474 3271 563 3342 eius:
590 3293 655 3342 vos
682 3280 796 3341 autem
823 3269 895 3341 dixi
921 3269 1060 3357 amicos,
1088 3272 1167 3364 quia
1194 3273 1309 3344 omnia
1334 3295 1572 3370 quaecumque
1590 3272 1705 3346 andivi
1723 3295 1743 3346 a
1761 3281 1859 3368 patre

385 3413 465 3462 meo
492 3400 573 3462 nota
594 3391 669 3462 'leci
701 3391 812 3462 vobis.
865 3379 892 3424 ⁴⁶
907 3389 984 3461 Non
1016 3413 1081 3462 vos
1116 3412 1172 3463 me
1205 3393 1374 3486 elegistis,
1409 3394 1475 3467 sed
1507 3415 1575 3488 ego
1609 3395 1698 3488 elegi
1723 3417 1797 3481 vos,
1824 3405 1860 3466 et

384 3512 485 3606 posui
511 3533 576 3582 vos
602 3519 639 3581 ut
664 3511 750 3582 eatis
777 3519 814 3581 et
839 3509 981 3581 lructum
1009 3511 1158 3583 afferatis
1184 3523 1219 3585 et
1243 3515 1370 3586 linctus
1396 3525 1512 3588 vester
1538 3525 1683 3600 maneat,
1712 3505 1803 3562 (Μ
1822 3525 1860 3585 nt

386 3629 630 3726 quodcumque
655 3629 819 3724 petieritis
845 3639 979 3724 patrem
1006 3632 1040 3702 in
1071 3633 1211 3704 nomine
1237 3655 1318 3706 meo
1345 3635 1405 3707 det
1431 3636 1549 3708 vobis.
1601 3627 1627 3671 ’Ἴ
1645 3626 1745 3684 ‘⁴³⁴²‘
1766 3636 1859 3707 llaec

385 3752 512 3825 mando
539 3749 639 3822 vobis
665 3759 702 3821 ut
728 3749 873 3842 diligatis
899 3750 1054 3823 invicem.
1107 3743 1133 3790 ⁴⁸
1150 3753 1185 3824 Si
1219 3755 1367 3827 mundns
1399 3777 1464 3828 vos
1497 3754 1585 3840 odit,
1622 3755 1745 3826 scitote
1779 3755 1858 3848 qnia

385 3895 441 3943 me
467 3872 617 3966 priorem
645 3869 746 3941 vobis
772 3869 855 3942 odio
882 3870 1007 3942 habuit.
1060 3864 1086 3909 ¹⁹
1103 3875 1137 3944 Si
1165 3873 1210 3945 de
1237 3875 1366 3948 mundo
1393 3876 1556 3960 inissetis,
1590 3874 1738 3947 mundns
1764 3875 1859 3969 quod

385 4007 484 4064 suum
511 4001 586 4062 erat
611 3989 781 4083 diligeret:
809 3989 890 4083 quia
915 4013 1000 4064 vero
1027 3993 1073 4065 de
1099 3993 1228 4066 mundo
1262 4017 1332 4066 non
1359 3996 1457 4081 estis,
1493 3994 1557 4068 sed
1584 4017 1653 4090 ego
1680 3996 1769 4090 elegi
1793 4017 1859 4068 vos

385 4113 431 4186 de
456 4111 595 4196 munde,
623 4119 808 4205 propterea
836 4111 908 4182 odit
933 4134 998 4185 vos
1023 4113 1180 4185 mundus.
1227 4105 1355 4161 ”m
1372 4117 1578 4188 Mementote
1606 4117 1774 4188 sermonis
1791 4117 1861 4188 mei

384 4253 488 4326 qnem
521 4252 589 4324 ego
621 4231 694 4302 dixi
727 4231 829 4302 vobis
861 4233 934 4301 Non
966 4241 1020 4302 est
1050 4255 1170 4306 servus
1202 4233 1312 4306 maior
1337 4234 1479 4307 domino
1506 4255 1583 4306 sno:
1629 4223 1731 4285 “Ml
1748 4238 1776 4308 si
1803 4259 1859 4308 me

383 4351 555 4448 persecuti
582 4361 674 4437 sunt,
701 4359 736 4422 et
760 4371 826 4422 vos
852 4363 1112 4445 persequentur,
1140 4355 1169 4426 si
1196 4375 1393 4426 sermonem
1420 4375 1536 4426 meum
1563 4367 1798 4442 servaverunt,
1825 4369 1860 4428 et

383 4482 535 4544 vestrum
563 4471 757 4544 servabunt.
808 4461 833 4508 ²¹
848 4458 938 4519 ‘W’
952 4473 1023 4545 Sed
1050 4475 1138 4546 haec
1164 4473 1280 4547 omnia
1305 4474 1430 4546 facient
1455 4475 1556 4548 vobis
1573 4484 1716 4569 propter
1733 4497 1858 4548 nomen

384 4615 526 4693 meum,¹
560 4579 649 4640 (ω)
663 4591 742 4684 qvia
768 4591 923 4662 nesciunt
949 4615 1027 4664 enm
1054 4595 1111 4687 qui
1136 4595 1226 4665 misit
1251 4615 1317 4664 me.
1369 4585 1510 4640 ”Ml
1523 4595 1558 4665 Si
1585 4617 1655 4668 non
1685 4597 1857 4667 venissem

384 4723 418 4786 et
443 4716 577 4786 locutus
602 4711 742 4783 fuissem
774 4711 836 4798 eis,
870 4723 1049 4805 peccatum
1080 4737 1150 4787 non
1183 4715 1369 4787 haberent:
1403 4737 1492 4788 numo
1518 4725 1632 4788 antem
1659 4717 1858 4789 excusatio-

383 4857 462 4906 nem
488 4856 558 4906 non
583 4833 712 4905 hahent
737 4831 783 4904 de
809 4843 954 4928 peccato
981 4857 1055 4906 suo.
1107 4821 1235 4882 ”imi
1255 4835 1321 4921 Qui
1347 4859 1403 4908 me
1431 4837 1512 4923 odit,
1539 4845 1575 4908 et
1591 4845 1725 4931 patrem
1743 4857 1858 4908 meum

383 4955 464 5028 odit.
517 4941 656 5000 “im
674 4953 709 5024 Si
736 4975 844 5048 opera
870 4975 939 5024 non
964 4954 1124 5030 iecissem
1149 4955 1183 5026 in
1209 4956 1259 5028 eis
1285 4979 1375 5050 quae
1401 4979 1505 5029 nemo
1531 4957 1617 5030 alius
1643 4956 1737 5042 lecit,
1773 4975 1858 5050 pec-

384 5085 496 5146 catum
524 5073 593 5148 non
619 5075 802 5148 haberent:
830 5097 919 5146 nunc
945 5085 1058 5147 autem
1086 5086 1121 5148 et
1146 5075 1304 5150 viderunt
1336 5087 1370 5150 el
1405 5077 1552 5150 oderunt
1583 5089 1619 5149 et
1649 5097 1705 5148 me
1733 5086 1768 5147 ct
1792 5097 1858 5168 pa-

383 5204 468 5266 trem
497 5217 620 5268 meum.
673 5187 783 5268 ²5Sed
808 5205 843 5267 ut
871 5196 1050 5290 impleatur
1076 5217 1189 5268 sermo
1224 5199 1281 5291 qui
1317 5199 1350 5269 in
1383 5199 1461 5292 lege
1487 5221 1609 5274 eorum
1635 5196 1780 5290 scriptus
1806 5205 1860 5268 est

576 5315 580 5322 ’
982 5317 1050 5401 XV,
1081 5321 1094 5388 l
1133 5357 1175 5370 -·
1206 5321 1264 5392 25.
