4254 6130
385 382 458 454 206
608 339 615 352 ’
827 383 935 446 cusa
959 379 1109 444 lernou
1134 379 1412 444 uosrcnonnu

385 587 544 682 discipuli
571 587 765 688 Christiani.¹
810 578 836 624 ²⁷
849 585 885 656 ln
910 586 963 656 his
990 593 1106 656 autem
1132 583 1257 656 diebus
1283 591 1558 677 supervenerunt
1584 581 1629 652 ab
1655 582 1857 680 Hierosoly-

386 711 452 782 mis
487 707 679 801 prophetae
712 705 945 778 Anthiociam:
997 697 1024 742 ²⁸
1042 714 1077 775 ct
1108 726 1253 797 surgens
1279 726 1369 775 unus
1396 726 1443 776 ex
1469 703 1521 775 cis
1547 703 1688 774 uomina
1713 703 1857 797 Agabus

386 827 602 922 significabat
627 849 690 921 por
716 827 870 920 spiritum
897 827 1024 898 lamem
1052 845 1212 916 magnam
1239 825 1385 896 loturam
1412 825 1448 894 in
1473 817 1662 894 ‘universo
1679 823 1768 896 orbe
1786 835 1857 896 ter·

387 971 511 1031 rarum,
540 969 630 1040 quae
656 949 746 1018 lacta
772 955 827 1018 est
854 946 920 1017 sub
948 945 1098 1016 Claudio.
1150 935 1176 980 ²⁹
1192 944 1356 1036 Discipuli
1392 953 1518 1024 autem,
1553 953 1657 1034 prout
1689 946 1767 1038 quis
1793 945 1856 1016 ba-

387 1069 500 1151 bebat,
528 1076 785 1160 proposuerunt
811 1067 844 1136 in
870 1065 1094 1136 ministerium
1122 1064 1256 1134 mittere
1282 1063 1514 1136 habitantibus
1541 1063 1575 1132 iu
1592 1063 1719 1136 Iudaea
1744 1067 1857 1136 lratri-

386 1188 470 1259 bus:
523 1179 549 1224 ³⁰
566 1186 662 1280 quod
698 1196 735 1257 ct
759 1188 924 1269 lecerunt,
958 1186 1135 1256 mittentes
1169 1184 1214 1255 ad
1242 1185 1402 1256 seniores
1437 1203 1500 1276 pcr
1525 1205 1650 1254 manus
1675 1187 1857 1258 Barnabae

387 1319 423 1378 et
449 1308 551 1378 Sauli.

1090 1581 1155 1650 Xll.

462 1781 471 1824 ¹
491 1788 625 1860 Eodem
644 1797 758 1858 autem
779 1797 936 1879 tempore
955 1785 1046 1854 misit
1071 1784 1232 1856 Herodes
1257 1806 1321 1855 rex
1340 1807 1463 1856 manus
1490 1795 1527 1856 ut
1543 1786 1725 1879 adfligeret
1746 1809 1854 1881 quos-

387 1911 467 1982 dam
504 1909 549 1981 de
586 1908 742 1979 ccclesia.
795 1899 959 1976 Ξ03311111
998 1915 1114 1976 autem
1154 1905 1317 1977 lacobum
1359 1906 1497 1977 tratrem
1533 1906 1693 1978 lobannis
1729 1909 1855 2000 gladio.

386 2022 544 2102 ³Vidans
571 2037 686 2100 autem
715 2026 794 2117 quia
820 2025 973 2118 placeret
993 2025 1139 2112 ludaeis,
1166 2025 1330 2119 adposuit
1355 2025 1676 2119 adprehenderent
1702 2027 1856 2099 Petrum:

387 2162 487 2222 erant
513 2139 630 2220 autem
657 2145 733 2218 dies
760 2167 978 2240 azymorum:
1022 2136 1157 2238 ‘mom
1184 2169 1264 2218 cnm
1283 2145 1579 2240 adprehendisset,
1607 2148 1700 2220 misit
1726 2149 1760 2218 in
1778 2170 1855 2220 car-

387 2291 521 2354 cerem,
549 2263 711 2338 'tradens
738 2276 899 2358 quattuor
925 2267 1208 2357 quaternionibus
1234 2267 1377 2337 militum
1405 2267 1581 2338 custodire
1607 2289 1706 2354 eum,
1732 2271 1855 2341 volens

386 2401 467 2484 post
493 2387 624 2482 pascha
650 2385 846 2480 producere
874 2407 954 2456 cum
981 2387 1121 2480 populo.
1173 2379 1246 2456 ⁵Et
1271 2385 1395 2456 Petras
1422 2386 1562 2478 quidem
1591 2388 1797 2460 servabatur
1821 2391 1855 2460 in

287 2501 289 2510 ’
387 2531 544 2583 carcere:
572 2507 682 2579 oratio
709 2516 825 2576 autem
852 2505 959 2576 fiebat
985 2507 1060 2578 sine
1088 2507 1342 2578 intermissione
1369 2506 1414 2577 ab
1432 2505 1578 2577 ecclesia
1597 2506 1643 2578 ad
1667 2507 1772 2578 deum
1789 2531 1855 2602 pro

387 2653 441 2702 eo.
494 2620 608 2699 ⁶Cum
644 2635 757 2697 autem
792 2627 1024 2720 producturus
1057 2648 1137 2698 eum
1165 2636 1260 2697 esset
1286 2627 1462 2710 Herodes,
1490 2626 1627 2720 in·ipsa
1652 2638 1755 2700 nocte
1781 2639 1855 2700 crat

387 2751 511 2821 Petrus
538 2747 715 2819 dormiens
743 2746 831 2817 inter
864 2747 954 2820 duos
982 2747 1105 2818 milites
1130 2747 1266 2818 vinctus
1291 2747 1422 2818 catenis
1448 2745 1601 2832 duabus,
1629 2756 1665 2818 et
1690 2748 1855 2820 custodes

389 2879 468 2942 ante
496 2869 623 2940 ostium
650 2845 892 2938 custodiebant
918 2887 1101 2938 carcerem.
1150 2858 1223 2936 Ἷ111
1256 2888 1341 2938 ecce
1377 2867 1521 2959 angelus
1554 2866 1685 2938 domini
1717 2867 1856 2952 adstitit,

213 3017 217 3026 ’
251 2979 256 2985 ’
389 3001 425 3062 31
450 2991 566 3060 lumen
593 2987 724 3058 relulsil-
755 2988 789 3056 in
816 2987 1022 3071 habitaculo,
1049 3007 1286 3079 percussoque
1319 2987 1429 3058 latere
1455 2985 1545 3057 Petri
1572 2987 1749 3058 suscitavit
1775 3010 1855 3060 eum

388 3111 509 3188 dicens
536 3109 646 3198 Surge
672 3108 846 3178 velociter.
897 3108 940 3180 Et
967 3105 1166 3178 ceciderunt
1190 3116 1335 3178 catenae
1361 3107 1407 3178 de
1433 3108 1591 3178 manibus
1609 3107 1693 3178 eius.
1738 3099 1858 3180 ⁸llixit

388 3240 503 3302 autem
530 3228 675 3320 angelus
702 3226 747 3298 ad
773 3248 853 3298 cum
880 3227 1108 3318 Praecingere
1135 3235 1169 3295 et
1195 3227 1300 3297 calcia
1326 3237 1361 3298 te
1388 3227 1563 3320 galliculas
1589 3236 1675 3298 tuas.
1719 3229 1761 3300 Et
1778 3231 1858 3301 lecit

349 3339 351 3344 ¹
388 3351 448 3422 sic.
500 3351 542 3420 Et
569 3348 656 3420 dixit
681 3347 725 3418 illi
753 3347 935 3420 Circumda
960 3347 1022 3418 tibi
1048 3346 1293 3418 vestimentum
1321 3357 1416 3418 tuum
1443 3357 1479 3417 ct
1505 3367 1655 3439 sequere
1681 3370 1746 3418 me.
1785 3342 1857 3420 9111

389 3472 511 3542 exiens
545 3468 756 3561 sequebatur
789 3489 888 3554 eum,
923 3478 958 3539 ct
989 3466 1169 3537 nesciebat
1200 3467 1280 3558 quia
1315 3489 1434 3542 verum
1463 3467 1638 3559 estquod
1665 3467 1858 3564 fiebatper

390 3593 560 3684 angelum,
588 3587 793 3659 aestimabat
820 3599 933 3660 autem
961 3588 1140 3660 sevisum
1166 3586 1297 3658 videre.
1348 3579 1374 3624 ¹⁰
1386 3587 1619 3660 Transeuntes
1643 3599 1757 3660 autem
1784 3591 1856 3683 pri-

389 3731 481 3782 mam
509 3719 544 3780 et
577 3707 767 3786 secundam
802 3709 995 3782 custodiam
1026 3717 1195 3780 venerunt
1227 3707 1271 3779 ad
1305 3717 1441 3800 portam
1472 3709 1619 3778 lerneam
1647 3729 1737 3801 qliae
1763 3709 1857 3782 ducit

390 3831 436 3902 ad
461 3830 653 3913 civitatem
681 3849 771 3920 quac
797 3829 886 3900 ultro
915 3837 1035 3925 aperta
1060 3837 1114 3898 est
1132 3828 1192 3912 cis,
1220 3837 1255 3898 et
1281 3837 1451 3898 exeuntes
1468 3838 1716 3922 processerunt
1740 3829 1855 3899 vicum

390 3958 567 4034 unum‚.et
593 3949 756 4020 continuo
784 3947 943 4019 discessit
968 3949 1112 4040 angelus
1139 3949 1183 4018 ab
1210 3969 1264 4018 eo.
1325 3939 1346 3984 Η
1366 3947 1409 4018 Et
1441 3949 1563 4040 Petrus
1596 3947 1642 4019 ad
1670 3969 1708 4018 sa
1735 3969 1856 4018 rever-

390 4091 451 4140 sus
477 4069 565 4142 dixit
589 4070 687 4140 Nune
714 4069 786 4140 scio
813 4090 896 4139 vere
923 4069 1003 4162 quia
1030 4069 1121 4142 misit
1147 4068 1309 4138 dominus
1343 4069 1503 4161 angelum
1538 4089 1638 4138 suum
1673 4077 1708 4137 et
1734 4069 1857 4160 eripuit

389 4211 447 4260 me
473 4189 518 4260 de
544 4209 648 4262 manu
674 4187 822 4260 Herodis
848 4199 883 4258 et
908 4188 955 4258 dc
972 4189 1064 4260 omni
1084 4189 1325 4280 expectatione
1342 4189 1455 4282 plebis
1472 4187 1687 4260 ludaeorum.
1726 4181 1753 4228 ¹²
1766 4189 1856 4260 Con-

389 4309 617 4402 sideransque
642 4309 749 4390 veuit⁸
769 4309 815 4380 ad
849 4308 992 4380 domum
1022 4309 1151 4381 blaciae
1179 4308 1297 4378 matris
1323 4309 1484 4380 lobannis
1509 4307 1568 4399 qui
1594 4309 1857 4398 cognominatus

389 4430 620 4512 accolacus,
655 4428 715 4500 ubi
749 4439 848 4500 erant
882 4427 976 4498 multi
1010 4429 1210 4520 congregati
1242 4439 1277 4498 ct
1309 4439 1457 4500 orantes.
1511 4419 1536 4464 ¹³
1553 4427 1716 4499 Pulsante
1742 4441 1856 4500 autem

359 4551 362 4558 '
390 4572 433 4621 eo
461 4551 587 4621 ostium
614 4549 737 4620 ianuae
762 4548 934 4642 processit
959 4551 1073 4641 puella
1100 4548 1145 4620 ad
1171 4547 1398 4633 audiendum,
1433 4548 1572 4619 nomine
1598 4548 1733 4632 Bodas,
1781 4538 1807 4586 ⁴*
1824 4558 1858 4620 at

392 4681 427 4741 ut
452 4670 616 4762 cognovit
649 4691 772 4740 vocem
808 4669 913 4752 Petri,
947 4691 1031 4761 prae
1066 4668 1195 4762 gaudio
1228 4690 1298 4740 non
1331 4669 1465 4762 aperuit
1497 4669 1650 4754 ianuam,
1678 4669 1743 4742 sed
1768 4671 1856 4742 intro

390 4812 531 4862 currens
557 4790 723 4862 nuntiavit
750 4799 842 4862 stara
868 4788 1005 4860 Petrum
1032 4799 1112 4860 ante
1139 4790 1286 4862 ianuam.
1339 4780 1421 4860 15Α1
1447 4789 1492 4860 illi
1518 4788 1682 4861 dixerunt
1707 4788 1752 4862 ad
1778 4809 1857 4870 eam

389 4911 530 4982 Insania.
574 4911 631 4981 1113
656 4921 773 4993 autem
800 4909 1005 4982 adfirmabat
1029 4911 1080 4981 sic
1105 4931 1144 4980 se
1170 4910 1310 4982 habere.
1363 4911 1410 4980 llli
1441 4931 1526 4980 vero
1553 4907 1716 4980 dicebant
1742 4907 1858 5000 Ango-

391 5032 443 5101 lus
471 5031 547 5104 eius
573 5041 636 5102 est.
687 5021 713 5068 ¹⁰
726 5031 847 5102 Petrus
874 5039 990 5102 autem
1023 5030 1272 5123 perseverabat
1297 5031 1449 5122 pidsans
1503 5029 1592 5101 Cum
1620 5039 1737 5102 autem
1773 5049 1858 5120 apo-

392 5151 550 5237 ruisscnt,
576 5149 735 5224 viderunt
762 5173 841 5224 cum
868 5161 903 5222 ot
930 5151 1177 5244 obstipuerunt.
1230 5143 1255 5186 Π
1272 5149 1438 5224 Monens
1472 5161 1587 5224 aotam
1615 5151 1667 5222 ais
1694 5171 1795 5221 manu
1824 5158 1860 5218 ut

933 5271 986 5356 XI,
1014 5267 1063 5346 27
1092 5311 1137 5324 -
1165 5271 1232 5356 llll,
1262 5266 1319 5344 17.
