4146 6120
740 366 1001 432 APOCALYPSIS
1027 365 1207 429 IOHANNIS
1504 387 1513 404 ‘
1646 366 1720 447 tlt

222 597 321 648 sunm
349 572 536 646 ostendere
562 571 674 642 servis
701 571 774 642 suis
801 589 892 663 qnae
920 579 1059 664 oportet
1084 568 1161 640 fieri
1189 571 1266 640 cito.
1319 565 1392 645 ⁷ltt
1418 595 1503 646 ecce
1527 575 1627 647 venio
1655 597 1719 648 ve.

221 695 351 768 luciter.
404 693 533 765 Beatus
561 691 619 782 qui
647 691 802 762 custodit
827 691 940 762 verba
966 689 1173 783 prophetiae
1200 690 1275 762 libri
1302 692 1412 764 huius.
1463 686 1569 788 ⁸Ego
1594 695 1719 768 lohan-

223 837 294 900 nes,
323 814 380 906 qui
407 811 523 884 audivi
550 819 585 880 ct
610 808 682 880 vidi
708 809 811 896 hacc,
838 819 874 881 et
899 820 1086 904 postquam
1115 809 1292 882 audissem
1328 821 1364 882 et
1395 810 1580 898 vidissem,
1608 814 1719 886 cecidi

223 949 259 1006 ut
295 934 480 1006 adorarem
519 939 598 1002 ante
630 928 746 1022 pedes
780 929 897 1022 angeli
927 929 985 1022 qui
1023 927 1105 999 mihi
1140 928 1229 1000 haec
1264 930 1484 1003 ostendebat.
1536 925 1605 1003 ⁹m
1638 933 1720 1004 dicit

222 1054 303 1125 mihi
328 1052 414 1124 Vide
440 1072 484 1122 ne
510 1048 651 1120 leceris:
679 1069 878 1121 conservus
904 1058 982 1120 tuus
1016 1069 1093 1119 sum
1128 1058 1164 1120 et
1189 1049 1330 1120 fratrum
1363 1060 1499 1122 tuorum
1527 1052 1719 1151 propheta-

223 1195 298 1244 rum
326 1183 363 1244 et
387 1192 509 1242 eorum
545 1167 603 1262 qui
636 1179 783 1240 servant
815 1169 925 1240 verba
957 1166 1032 1237 libri
1066 1166 1183 1238 huius:
1219 1169 1325 1242 deum
1352 1169 1472 1242 adora.
1525 1161 1551 1206 ⁴⁰
1567 1169 1610 1240 Et
1636 1171 1720 1242 dicit

223 1291 306 1362 mihi
331 1292 384 1361 Ne
410 1288 603 1382 signaveris
629 1288 742 1360 verba
770 1286 975 1384 prophetiae
1001 1285 1077 1356 libri
1104 1285 1219 1360 huius:
1248 1299 1386 1384 tempus
1413 1290 1504 1360 enim
1522 1309 1635 1382 prope
1653 1301 1716 1360 est.

225 1405 246 1447 ¹¹
263 1412 329 1496 Qui
355 1419 458 1482 nocet
483 1416 611 1480 noceat
636 1407 770 1494 adhuc,
804 1416 840 1478 et
872 1405 989 1500 quiin
1023 1405 1187 1477 sordibus
1214 1417 1269 1480 est
1294 1409 1477 1481 sordescat
1503 1407 1631 1494 adhuc,
1660 1402 1717 1478 'et

224 1532 332 1602 iustus
358 1529 520 1602 iustitiam
547 1527 649 1599 iaciat
675 1528 802 1613 adhuc,
830 1537 866 1598 et
892 1511 1030 1598 sanctus
1056 1526 1289 1599 sanctificetur
1315 1513 1438 1602 adbuc.
1490 1519 1619 1598 ”Ecce
1652 1548 1716 1598 ve-

224 1651 281 1720 nio
310 1650 387 1734 cito,
416 1659 452 1718 et
478 1668 616 1719 merces
642 1669 725 1720 mea
751 1669 888 1720 mecum
915 1656 979 1732 est,
1006 1645 1159 1718 reddere
1185 1648 1370 1742 unicuique
1396 1646 1586 1720 secundum
1608 1667 1718 1740 opera

226 1787 299 1840 sua.
353 1758 378 1804 ⁴³
395 1768 470 1860 Ego
498 1760 531 1838 λ
559 1777 594 1838 et
621 1761 671 1851 ll),
700 1767 831 1860 primus
859 1777 894 1838 et
920 1766 1138 1851 novissimus,
1166 1767 1371 1861 principium
1398 1778 1433 1838 et
1458 1767 1542 1839 finis.
1582 1756 1718 1838 ⁴⁴Beati

225 1889 283 1980 qui
309 1889 427 1960 labant
461 1886 569 1958 stolas
603 1907 701 1972 suas,
735 1895 772 1957 ut
801 1881 863 1957 'sit
894 1895 1053 1979 potestas
1085 1907 1208 1958 eorum
1241 1887 1275 1958 in
1307 1887 1400 1980 ligno
1427 1887 1519 1958 vitae
1547 1895 1583 1958 et
1607 1886 1718 1980 portis

225 2007 351 2078 intrent
377 2007 411 2076 in
438 2005 621 2077 civitatem.
674 1997 701 2044 ⁴5
712 2005 810 2076 Foris
836 2025 941 2076 canes
969 2015 1005 2076 et
1030 2005 1177 2078 venefici
1204 2015 1239 2078 et
1265 2007 1428 2100 impudici
1459 2017 1494 2078 et
1520 2005 1717 2078 homicidae

226 2137 261 2196 et
287 2125 390 2197 idolis
417 2125 611 2196 servientes
639 2137 674 2195 et
700 2125 814 2195 omnis
840 2126 898 2217 qui
925 2135 1018 2196 amat
1044 2134 1078 2195 ct
1104 2127 1184 2197 lacit
1210 2125 1436 2198 mendacium.
1476 2117 1503 2162 ⁴⁶
1518 2127 1594 2218 Ego
1620 2127 1717 2199 lesus

226 2246 303 2316 misi
329 2245 490 2336 angelum
518 2266 643 2328 meum,
675 2237 869 2314 'testificari
896 2245 998 2316 vobis
1025 2244 1113 2316 baec
1140 2245 1174 2316 in
1200 2245 1365 2316 ecclesiis.
1409 2245 1484 2338 Ego
1512 2267 1588 2317 sum
1616 2245 1719 2318 radix

226 2375 397 2456 otgerius
427 2365 553 2448 David,
588 2365 686 2436 stella
720 2363 902 2458 splendida
935 2375 970 2436 et
1002 2365 1176 2436 matutina.
1229 2356 1256 2400 ⁴⁷
1273 2365 1316 2436 llt
1348 2363 1485 2458 spiritus
1519 2374 1556 2436 et
1589 2387 1719 2458 sponsa

226 2483 343 2554 dicunt
369 2485 463 2555 Veni.
507 2485 550 2554 Et
576 2483 634 2576 qrri
661 2481 756 2554 audit
782 2483 875 2556 dicat
900 2483 995 2554 Veni.
1049 2484 1115 2570 Qui
1143 2485 1211 2556 sitit
1236 2485 1360 2570 veniat,
1389 2483 1446 2576 qui
1473 2483 1545 2554 vult
1571 2485 1719 2579 accipiat

227 2623 353 2694 aquam
388 2604 480 2674 vitae
513 2603 631 2695 gratis.
684 2593 709 2638 ⁴⁸
727 2603 911 2674 Contestor
943 2624 1011 2695 ego
1047 2603 1140 2674 omui
1174 2603 1325 2676 audienti
1360 2603 1472 2674 verba
1510 2603 1717 2696 prophetiae

227 2721 303 2792 libri
329 2721 439 2792 huius.
480 2723 515 2792 Si
543 2722 618 2816 quis
644 2722 848 2815 apposuerit
874 2721 920 2792 ad
946 2721 1044 2807 haec,
1072 2725 1216 2816 apponit
1241 2724 1329 2796 deus
1355 2743 1461 2818 super
1483 2721 1577 2794 illum
1595 2723 1718 2818 plagas

228 2841 374 2934 scriptas
401 2840 435 2910 in
461 2843 550 2913 libro
577 2841 662 2912 isto:
707 2831 734 2877 ⁴⁹
751 2851 786 2911 et
812 2842 841 2912 si
868 2843 945 2934 quis
972 2842 1177 2914 deminuerit
1203 2843 1249 2914 ds
1276 2842 1393 2915 verbis
1419 2841 1625 2934 prophetiae
1651 2843 1717 2914 hu-

228 2959 290 3044 ius,
319 2960 452 3031 anleret
478 2959 565 3030 deus
592 2968 727 3052 partem
754 2959 829 3030 eius
857 2959 903 3030 de
929 2961 1023 3052 ligno
1049 2963 1140 3034 vitae
1167 2963 1272 3034 etde
1299 2962 1436 3034 civitate
1463 2971 1583 3034 sancta
1609 2961 1717 3034 etde

228 3079 282 3150 his
316 3101 407 3172 quae
440 3079 567 3171 scripta
600 3087 679 3148 sunt
710 3078 742 3146 in
777 3077 866 3148 libro
900 3078 978 3148 isto.
1038 3071 1064 3116 ²⁰
1079 3081 1168 3152 Dicit
1200 3081 1258 3175 qui
1292 3079 1522 3151 testimonium
1558 3081 1718 3174 perhibet

229 3198 373 3270 istorum
398 3199 519 3282 Etiam,
546 3196 649 3269 venio
683 3195 761 3266 cito.
805 3195 932 3281 Amen,
960 3197 1057 3280 veni,
1092 3197 1233 3270 domine
1268 3199 1353 3270 lesu.
1406 3190 1561 3271 ”Gratia
1587 3199 1716 3273 domini

229 3319 337 3388 nostri
363 3319 440 3388 lesu
468 3317 589 3388 Christi
616 3337 694 3386 cum
722 3315 898 3400 omnibus,
926 3337 1038 3386 amen.
1071 3353 1074 3362 .

491 3485 664 3550 sxrucrr
690 3487 798 3549 tussa
824 3469 1083 3549 aroclnrrsrs
1111 3484 1248 3550 sanem
1274 3485 1453 3550 romnus

681 3603 871 3667 urosrom
891 3605 940 3666 sn
962 3601 1264 3668 numanusmr..

832 3737 910 3802 DEO
938 3735 1112 3803 castrus,

955 3871 991 3970 Ο

913 3997 1027 4097 PRO

950 4139 989 4236 A

925 4271 1016 4372 llll.
