4102 6128
660 435 904 532 svaudunum
931 437 1132 501 SECUNDUM
1157 439 1359 504 unrrtmun
1450 523 1452 533 .
1709 436 1756 510 53

277 647 335 740 qni
368 647 460 718 circa
500 643 718 718 undecimam
757 639 883 711 boram
924 653 1106 728 venerant,
1148 656 1356 739 acceperunt
1395 646 1545 739 singulos
1580 641 1765 722 denarios

278 759 304 804 ⁴⁰
320 767 501 838 Venientes
536 773 650 836 autem
687 770 723 834 et
754 761 855 854 primi
894 761 1046 833 arbitrati
1080 774 1157 834 sunt
1190 767 1284 858 quod
1316 767 1391 860 plus
1418 777 1534 838 essent
1560 771 1752 863 accepturi:

279 895 488 979 acceperunt
513 894 627 956 autem
654 891 690 953 et
714 881 779 976 ipsi
804 881 961 973 singulos
995 883 1164 956 denarios.
1215 877 1240 950 ,Η
1258 886 1300 956 Et
1326 887 1532 980 accipientes
1558 911 1753 962 murmura-

279 1007 362 1078 bant
379 1007 546 1078 adversus
572 1013 707 1099 patrem
723 1001 868 1073 familias
895 996 1090 1076 ⁴‘dicentes
1115 1005 1156 1075 Hi
1182 1006 1357 1077 novissimi
1382 1029 1449 1080 una
1474 1007 1561 1080 bora
1588 1010 1752 1096 lecerunt,
1837 1009 1841 1024 “

280 1136 316 1199 et
340 1147 444 1222 pares
470 1119 546 1196 illos
571 1123 673 1196 nobis
699 1123 807 1194 iecisti
840 1123 898 1216 qui
924 1125 1136 1218 portavimus
1161 1125 1298 1219 pondus
1324 1127 1397 1198 diei·
1426 1136 1460 1200 et
1485 1139 1636 1223 aestus„
1668 1124 1694 1169 ¹³
1709 1130 1755 1202 At

179 1227 183 1236 ’
279 1249 334 1320 ille
359 1246 576 1341 respondens
602 1244 659 1316 uni
692 1265 813 1316 eorum
846 1244 933 1316 dixit
964 1243 1099 1332 Amice,
1132 1267 1201 1318 non
1231 1247 1319 1318 facio
1352 1249 1411 1319 tibi
1436 1249 1611 1321 iniuriam:
1639 1264 1754 1322 nonne

202 1367 206 1384 '
281 1389 327 1439 ex
353 1367 495 1440 denario
531 1365 721 1437 convenisti
746 1367 911 1436 meeum?
957 1355 983 1402 ⁴³
1000 1365 1094 1438 Tolle
1120 1367 1216 1460 quod
1247 1376 1340 1438 tuum
1374 1379 1427 1439 est
1459 1379 1494 1440 et
1525 1370 1637 1443 vade:
1671 1373 1753 1444 volo

282 1497 395 1560 autem
422 1497 457 1560 et
482 1485 561 1558 huic
587 1486 775 1558 novissimo
803 1485 888 1557 dare
915 1485 1002 1556 sient
1028 1496 1062 1557 et
1087 1487 1155 1557 tibi.
1206 1479 1315 1559 15Αιιι
1349 1490 1522 1561 nonlicet
1548 1489 1632 1561 mibi
1658 1493 1754 1584 quod

281 1611 360 1681 volo
386 1609 529 1682 lacere‘l
554 1606 609 1676 An
635 1607 755 1679 oculus
788 1615 865 1678 tuus
893 1627 1039 1698 nequam
1072 1617 1125 1678 est
1158 1607 1237 1700 quia
1264 1629 1331 1701 ego
1357 1609 1470 1681 bonus
1497 1613 1603 1681 sum‘l
1654 1603 1682 1648 ⁴⁶
1697 1611 1754 1684 Sic

282 1737 380 1800 erunt
404 1727 581 1800 novissimi
609 1727 715 1820 primi,
744 1736 779 1797 et
804 1726 903 1820 primi
928 1725 1120 1799 novissimi:
1148 1729 1239 1798 multi
1266 1739 1343 1800 sunt
1370 1709 1459 1801 edim
1492 1730 1626 1815 vocati,
1652 1733 1755 1825 pauci

282 1858 394 1920 autem
420 1849 529 1920 electi.
581 1839 607 1882 ⁴⁷
620 1837 710 1896 (Μ)
723 1847 765 1916 Ht
791 1845 983 1919 ascendens
1013 1848 1108 1918 lesus
1140 1848 1386 1943 Hierosolymis
1420 1851 1584 1923 assumsit
1615 1851 1753 1924 duode-

282 1969 347 2040 cim
374 1967 561 2062 diseipulos
588 1976 725 2040 secreto
753 1975 788 2037 et
813 1967 859 2038 ait
884 1967 947 2039 illis
989 1959 1015 2006 ¹⁸
1030 1969 1121 2039 Ecce
1148 1967 1367 2040 ascendimus
1392 1971 1683 2066 Hierosolymam,
1717 1983 1754 2044 et

243 2135 245 2140 .
283 2089 368 2161 filius
393 2088 541 2162 hominis
567 2087 723 2158 tradetur
748 2087 957 2181 principibus
983 2087 1202 2160 sacerdotum
1237 2096 1272 2158 et
1305 2089 1441 2175 scribis,
1476 2098 1512 2161 et
1538 2091 1752 2186 condemua-

282 2211 365 2282 bunt
390 2231 467 2283 eum
495 2217 617 2292 morte,
670 2200 697 2246 ⁴⁹
718 2217 754 2278 et
779 2207 915 2279 tradent
940 2230 1019 2280 eum
1046 2209 1206 2302 gentibus
1236 2207 1282 2280 ad
1309 2209 1543 2282 deludendum
1569 2221 1605 2283 et
1630 2211 1751 2304 dagol-

281 2329 416 2403 landum
443 2341 478 2402 et
505 2327 790 2420 cmcifigendum,
823 2338 860 2400 et
894 2329 991 2401 tertia
1024 2329 1081 2402 die
1105 2338 1271 2422 resurget.
1330 2319 1459 2376 mm)
1478 2329 1572 2401 Tunc
1603 2315 1752 2404 accessit

281 2450 327 2523 ad
353 2473 429 2523 eum
456 2458 569 2522 mater
595 2447 740 2518 liliorum
766 2448 941 2522 Zebedaei
971 2471 1048 2522 oum
1075 2449 1150 2522 tiliis
1176 2449 1246 2522 suis
1280 2449 1430 2522 adorans
1463 2449 1504 2521 et‘
1529 2461 1653 2545 petens
1686 2453 1748 2525 ali-
1775 2513 1779 2520 .

282 2571 363 2664 quid
388 2571 432 2644 ab
460 2591 515 2642 eo.
567 2559 590 2605 ²⁴
608 2568 673 2654 Qui
699 2567 787 2639 dixit
812 2569 844 2640 ei
871 2569 960 2656 Quid
986 2569 1065 2642 vis‘l
1090 2568 1146 2642 Ait
1171 2569 1215 2640 illi
1241 2569 1303 2641 llic
1329 2581 1365 2668 ut
1391 2569 1536 2643 sedeant
1552 2571 1586 2644 hi
1604 2572 1674 2644 duo
1692 2571 1749 2644 lilii

280 2690 348 2762 mei
372 2713 458 2764 uuus
486 2689 533 2762 ad
560 2688 740 2761 dexteram
767 2699 860 2762 tuam
887 2701 922 2761 et
948 2711 1034 2762 unus
1060 2689 1106 2762 ad
1132 2690 1301 2762 sinistram
1327 2692 1361 2761 in
1387 2711 1495 2784 regno
1521 2701 1607 2764 tuo:
1635 2685 1664 2734 ¹⁸
1678 2693 1748 2764 lle-

279 2805 455 2904 spondens
482 2818 597 2882 autem
623 2810 721 2880 lesus
749 2810 835 2882 dixit
859 2811 1005 2882 Nescitis
1031 2811 1113 2904 quid
1138 2811 1273 2904 petatis.
1327 2811 1475 2884 Potestis
1507 2813 1629 2885 bibere
1663 2812 1748 2886 cali-

280 2951 356 3002 cem
389 2953 492 3025 quem
528 2949 595 3021 ego
629 2929 797 3002 bibitums
832 2933 934 3003 sum?
966 2932 1088 3002 Dicrmt
1120 2932 1319 3004 Possumus.
1373 2925 1399 2970 ¹³
1414 2931 1471 3002 Ait
1502 2932 1565 3004 illis
1601 2933 1746 3005 Calicem

281 3049 419 3144 quidem
453 3071 570 3122 meum
601 3051 744 3137 bibetis;
780 3050 905 3123 sedere
938 3061 1052 3124 autem
1086 3050 1132 3122 ad
1162 3052 1341 3124 dexteram
1375 3073 1488 3124 meam
1515 3062 1551 3124 et
1575 3054 1746 3126 sinistram

280 3191 349 3242 non
368 3181 422 3244 est
433 3193 551 3244 meum
574 3170 659 3242 dare
677 3171 788 3257 vobis,
816 3171 881 3243 sed
904 3172 1027 3265 quibus
1047 3181 1204 3265 paratum
1225 3183 1279 3245 est
1294 3194 1315 3244 a
1333 3182 1431 3266 patre
1449 3193 1538 3244 meo.
1565 3162 1593 3211 ’⁸
1605 3163 1693 3222 (Μ)
1705 3173 1748 3244 Et

282 3291 459 3364 audientes
487 3291 611 3362 decem
638 3289 801 3384 indignati
827 3301 905 3362 sunt
930 3291 976 3362 de
1002 3291 1139 3363 duobus
1166 3293 1333 3366 iratribus.
1384 3283 1517 3364 ”lesus
1541 3302 1654 3364 autem
1680 3313 1744 3364 vo·

282 3412 370 3483 eavit
395 3433 458 3484 eos
484 3409 529 3483 ad
557 3433 597 3482 se
623 3421 658 3482 et
684 3411 730 3483 ait
756 3412 854 3484 Scitis
880 3411 959 3504 quia
984 3410 1156 3504 principes
1182 3413 1332 3506 gentium
1365 3411 1581 3498 dominantur
1614 3433 1743 3494 eorum,

282 3532 398 3625 etqui
424 3533 574 3603 maiores
608 3541 686 3602 sunt
718 3541 926 3626 potestatem
960 3542 1123 3602 exercent
1155 3533 1190 3603 in
1222 3554 1293 3604 eos.
1345 3522 1459 3602 ¹'Nou
1492 3529 1538 3602 ita
1570 3530 1635 3601 erit
1658 3530 1745 3600 inter

280 3671 360 3738 vos,
388 3651 452 3723 sed
485 3652 690 3745 quicumque
722 3649 868 3723 voluerit
899 3652 985 3724 inter
1018 3673 1083 3723 vos
1116 3653 1225 3724 maior
1258 3651 1340 3737 fieri,
1375 3650 1417 3722 sit
1441 3659 1558 3722 vester
1582 3651 1743 3734 minister,

279 3761 306 3808 ²²
319 3782 354 3842 et
386 3773 444 3864 qui
469 3772 614 3844 voluerit
638 3772 724 3843 inter
750 3793 814 3844 vos
840 3771 969 3866 primus
997 3791 1086 3856 esse,
1114 3772 1177 3843 erit
1202 3782 1318 3845 vester
1343 3791 1479 3842 semus:
1515 3759 1644 3824 ”ml
1658 3772 1744 3850 sicut

280 3889 366 3964 lilius
391 3891 539 3964 hominis
564 3913 634 3964 non
659 3893 751 3964 veuit
776 3892 965 3977 ministrari,
992 3891 1057 3963 sed
1084 3892 1274 3964 ministrare
1300 3901 1334 3963 et
1360 3891 1445 3962 dare
1471 3890 1618 3963 animam
1645 3913 1742 3964 suam

280 4011 528 4084 redemtionem
554 4035 618 4107 pro
645 4013 767 4086 multis.
819 4003 953 4062 ΝΜ)
966 4013 1008 4083 Et
1039 4011 1294 4104 egredientibus
1328 4011 1389 4083 illis
1422 4011 1466 4083 ab
1497 4011 1655 4083 Hiericho
1683 4033 1741 4083 se-

281 4141 357 4203 cuta
383 4141 438 4204 est
462 4153 540 4203 eum
577 4135 677 4206 turba
710 4133 824 4204 multa.
875 4124 902 4171 ³⁰
917 4133 960 4203 Et
993 4153 1077 4204 ecoe
1109 4131 1180 4205 duo
1213 4133 1307 4205 caeci
1334 4131 1497 4204 sedentes
1522 4153 1625 4204 secus
1649 4133 1740 4203 viam

279 4251 457 4324 audierunt
482 4253 562 4346 quia
587 4255 684 4326 lesus
711 4254 877 4338 transiret,
905 4263 941 4324 et
966 4255 1198 4327 clamavenmt
1224 4251 1377 4324 dicentes
1394 4251 1548 4339 Domine,
1575 4253 1741 4324 miserere
1791 4255 1792 4258 ’

278 4371 402 4456 nostri,
439 4371 496 4443 filii
529 4375 648 4448 David.
699 4367 723 4412 ³¹
739 4375 852 4446 Turba
885 4383 999 4446 autem
1032 4370 1231 4465 increpabat
1263 4393 1325 4446 eos
1352 4384 1389 4445 ut
1413 4383 1574 4446 tacerent
1626 4371 1672 4444 At
1695 4372 1741 4442 illi

214 4481 216 4486 ’
278 4491 388 4584 magis
414 4493 607 4567 clamabant
631 4495 786 4568 dicentes
813 4495 967 4580 Domine,
994 4494 1161 4564 miserere
1178 4498 1293 4580 nostri,
1321 4495 1378 4566 filii
1390 4493 1510 4567 David.
1561 4485 1640 4566 ”Er
1665 4503 1736 4564 ste-

278 4613 317 4684 tit
340 4613 437 4688 lesus
463 4625 498 4688 et
523 4617 659 4689 vocavit
685 4637 758 4702 eos,
786 4626 822 4688 et
852 4615 898 4687 ait
931 4615 1020 4702 Quid
1051 4613 1151 4686 vultis
1184 4624 1221 4686 ut
1250 4615 1373 4688 faciam
1405 4615 1530 4687 vobis?
1580 4605 1740 4684 8³llicrmt

278 4733 321 4804 illi
347 4735 509 4823 Domine,
542 4733 579 4810 rit
612 4738 805 4832 aperiantur
836 4737 924 4809 oculi
956 4736 1073 4807 nostri.
1124 4724 1321 4808 ³‘llisertus
1355 4745 1468 4807 autem
1495 4756 1615 4806 eorum
1641 4735 1737 4806 lesus

277 4855 388 4948 tetigit
413 4857 532 4930 oculos
559 4879 696 4932 eorum:
733 4868 767 4930 et
793 4857 970 4929 confestim
996 4855 1155 4928 viderunt
1180 4865 1215 4926 et
1241 4857 1349 4928 secuti
1375 4865 1453 4927 srmt
1478 4877 1566 4927 eum.

828 4977 898 5064 XX,
930 4980 974 5050 l0
1030 5016 1074 5028 -
1130 4975 1187 5048 3l.
