4242 6118
694 403 943 470 bvhNGEtlml
974 405 1184 470 SECUNDUM
1211 409 1337 474 LUChll
1696 411 1767 478 ΗΒ

1450 517 1538 526 ⁴——

265 615 342 686 stoli
369 620 593 708 narraverunt
619 610 664 679 illi
691 627 935 701 quaecumque
967 607 1142 680 lecerunt:
1189 602 1266 660 (Μ)
1285 623 1320 682 et
1346 614 1506 686 assumtis
1531 615 1596 685 illis
1624 615 1770 685 secessit

266 753 426 804 seorsum
453 731 626 802 inlocum
654 728 832 800 desertum
860 727 917 818 qui
950 733 1010 794 est
1026 725 1224 800 Bethsaida.
1261 724 1283 768 ¹¹
1300 733 1403 817 Quod
1422 755 1500 804 cum
1518 733 1771 826 cognovissent
1819 730 1822 745 '

266 852 398 934 turbae,
427 858 569 922 secutae
597 859 677 920 sunt
703 849 812 919 illum:
842 856 878 917 et
905 843 1057 935 excepit
1084 846 1169 930 illos,
1198 859 1234 919 et
1261 851 1466 944 loquebatur
1493 853 1557 922 illis
1584 852 1631 924 de
1657 873 1769 944 regno

266 971 341 1053 dei,
370 978 406 1040 et
441 990 505 1041 eos
541 968 598 1061 qui
634 988 722 1072 cura
749 965 959 1058 indigebant
995 964 1150 1036 sanabat.
1196 947 1414 1044 1ηωὶῃᾶΙ)ιέε
1450 980 1566 1042 autem
1600 977 1778 1074 coeperat

266 1089 461 1161 declinare:
490 1099 526 1158 et
552 1087 762 1160 aecedentes
789 1083 985 1158 duodecim
1013 1080 1175 1156 dixerunt
1207 1087 1251 1158 illi
1284 1090 1423 1163 Dimitte
1452 1091 1588 1174 turbas,
1617 1101 1654 1160 ut
1681 1112 1769 1162 eun-
1875 1071 1878 1080 ¹

266 1219 320 1280 tes
346 1209 380 1278 in
408 1207 551 1278 castella
583 1207 752 1300 villasque
786 1226 876 1298 quae
912 1203 1010 1274 cirea
1045 1214 1123 1274 sunt
1157 1202 1341 1280 devertunt
1374 1221 1410 1282 et
1445 1209 1620 1280 inveniant
1654 1231 1767 1296 escas,

152 1298 177 1386 .'
267 1328 346 1420 quia
379 1327 435 1398 hic
468 1327 503 1396 in
536 1327 615 1398 loco
651 1327 795 1399 deserto
830 1345 964 1397 sumus.
1019 1312 1118 1394 13Αἰι
1153 1335 1268 1397 autem
1303 1329 1347 1400 ad
1382 1330 1461 1400 illos
1496 1329 1567 1397 Vos
1595 1327 1677 1399 date
1704 1331 1768 1402 illis

267 1445 489 1518 manducare.
534 1445 580 1516 At
605 1446 649 1516 illi
677 1445 840 1518 dixerunt
865 1446 944 1515 Non
979 1453 1056 1513 sunt
1082 1443 1183 1514 nobis
1216 1445 1293 1538 plus
1328 1470 1434 1540 quam
1468 1447 1621 1538 quinique
1657 1469 1768 1541 panes

267 1574 302 1636 et
335 1564 405 1638 duo
434 1565 565 1658 pisces,
601 1565 665 1636 uisi
692 1566 781 1636 sorte
813 1586 878 1636 nos
905 1583 1029 1636 eamus
1063 1571 1098 1633 et
1134 1583 1291 1636 emamus
1322 1568 1354 1636 in
1392 1587 1537 1638 omnem
1572 1565 1661 1638 banc
1694 1579 1767 1641 tur-

266 1685 487 1759 hamescas.
541 1674 566 1720 ¹⁴
582 1685 688 1758 Erant
714 1693 829 1756 autem
863 1684 936 1754 lere
963 1682 1027 1752 viri
1054 1681 1206 1774 quinque
1233 1685 1333 1756 milia.
1387 1686 1446 1756 Ait
1482 1693 1599 1756 autem
1633 1687 1679 1758 ad
1711 1689 1766 1761 di-

267 1803 418 1896 scipulos
445 1823 531 1876 suos
557 1804 673 1874 Facite
699 1804 775 1874 illos
807 1801 1030 1874 discumbere
1064 1821 1130 1894 per
1162 1804 1320 1874 convivia
1355 1807 1635 1897 quinquagenos.
1687 1799 1767 1880 ¹⁵Et

267 1924 313 1994 ita
338 1923 510 2006 lecerunt,
546 1933 582 1994 et
608 1922 829 1994 discumbere
861 1923 1014 1992 lecerunt
1048 1941 1181 1990 omnes.
1234 1913 1260 1956 ⁴⁶
1276 1923 1440 2017 Acceptis
1468 1933 1586 1994 autem
1614 1928 1765 2020 quinque

269 2042 412 2134 panibus
440 2053 475 2114 et
509 2041 646 2113 duobus
673 2042 825 2134 piscibus
859 2039 1015 2134 respexit
1041 2038 1076 2108 in
1102 2040 1234 2110 eaelum
1270 2051 1305 2112 et
1331 2043 1517 2114 benedixit
1542 2043 1605 2114 illis
1632 2055 1668 2115 et
1693 2049 1763 2119 sre-

269 2162 325 2253 gil,
353 2172 386 2232 et
412 2161 585 2234 distribuit
620 2159 796 2254 discipulis
830 2159 900 2230 suis
931 2168 968 2228 ut
1002 2167 1172 2250 ponerent
1206 2169 1285 2231 ante
1318 2162 1448 2233 turbas.
1505 2154 1530 2197 ⁴⁷
1548 2161 1590 2234 El
1617 2167 1763 2238 mandu-

269 2291 433 2354 caverunt
466 2300 590 2352 omnes
623 2289 658 2350 et
691 2279 831 2350 saturati
865 2287 960 2349 sunt:
999 2287 1033 2347 et
1068 2277 1239 2350 sublatum
1272 2293 1325 2350 est
1359 2280 1458 2371 quod
1496 2285 1663 2376 superfuit
1688 2287 1762 2372 illis,

269 2404 539 2494 fragmentorum
567 2397 705 2491 cophini
732 2396 929 2470 duodecim.
983 2387 1008 2432 ⁴⁸
1021 2384 1097 2446 (Μ)
1116 2396 1158 2466 Et
1190 2399 1316 2470 lactum
1344 2408 1398 2468 est
1431 2421 1512 2470 eum
1546 2405 1641 2474 solus
1668 2419 1760 2480 esset

270 2541 382 2605 erana,
409 2529 509 2592 erant
534 2537 612 2590 eum
638 2518 694 2588 illo
722 2527 758 2588 et
783 2515 958 2609 discipuli:
993 2523 1028 2585 et
1054 2514 1276 2608 interrogavit
1303 2517 1379 2587 illos
1413 2517 1536 2591 dicens
1564 2525 1675 2608 Quem
1703 2549 1760 2598 me
1884 2597 1888 2602 .

270 2640 386 2712 dicunt
410 2659 492 2712 esse
519 2638 666 2710 turbae?
711 2629 799 2706 19Αι
824 2636 870 2706 illi
896 2633 1154 2727 responderunt
1181 2645 1216 2706 et
1242 2633 1403 2706 dixerunt
1427 2637 1617 2714 iohannem
1644 2645 1760 2738 bapti-

270 2768 368 2843 stam,
397 2760 451 2830 alii
477 2767 593 2830 autem
621 2756 767 2839 liobam,
796 2755 851 2826 alii
877 2755 957 2847 quia
991 2755 1163 2848 propheta
1195 2775 1284 2826 unus
1318 2753 1363 2824 de
1399 2758 1574 2849 prioribus
1601 2766 1759 2836 surrexit.

269 2871 296 2916 ²⁰
312 2879 405 2948 Dixit
425 2883 547 2949 'autem
572 2876 636 2948 illis
662 2877 733 2947 Vos
761 2884 874 2946 autem
903 2895 1007 2966 quem
1034 2895 1091 2946 me
1119 2895 1198 2946 esse
1225 2871 1361 2944 dicitis?
1388 2874 1622 2970 Respondens
1641 2884 1760 2955 Simon

270 2997 392 3068 Petrus
419 2997 505 3070 dixit
532 2995 700 3066 Christum
727 2995 793 3066 dei.
846 2987 869 3030 ²¹
885 2983 963 3038 (Μ)
981 2991 1026 3064 At
1052 2993 1107 3065 ille
1134 2994 1317 3086 increpans
1344 2993 1421 3066 illos
1448 3001 1618 3095 praecipit
1644 3025 1688 3073 ne
1707 3003 1762 3073 cui

271 3116 427 3188 dicerent
452 3116 530 3199 hoc,
574 3108 601 3152 Ὦ
618 3114 737 3188 dicens
764 3113 844 3204 quia
872 3120 1010 3205 oportet
1036 3111 1139 3184 filium
1167 3111 1313 3184 hominis
1339 3113 1445 3185 multa
1470 3119 1541 3209 pati
1574 3130 1609 3190 et
1635 3143 1759 3215 repro-

271 3235 346 3306 bari
373 3255 393 3306 a
421 3234 616 3306 senioribus
643 3244 678 3304 et
704 3233 913 3326 principibus
941 3231 1163 3306 sacerdotum
1192 3243 1228 3303 et
1254 3231 1376 3304 scribis
1403 3244 1438 3304 et
1465 3237 1576 3308 occidi
1604 3247 1639 3308 et
1661 3239 1760 3310 tertia

271 3353 328 3424 die
361 3373 555 3444 resurgere.
607 3343 723 3400 ”imi
741 3351 886 3422 Dicebat
921 3359 1037 3424 autem
1071 3353 1116 3424 ad
1153 3371 1275 3424 omnes
1308 3351 1342 3421 Si
1378 3353 1454 3444 quis
1486 3357 1559 3426 vult
1588 3368 1669 3447 post
1702 3378 1759 3428 me

270 3472 398 3556 venire,
426 3472 577 3564 abneget
603 3491 642 3542 se
668 3471 780 3565 ipsum
808 3481 843 3542 et
869 3470 964 3541 tollat
990 3492 1129 3544 crucem
1156 3493 1255 3543 suam
1283 3470 1410 3542 cotidie
1438 3483 1472 3542 et
1501 3484 1666 3565 sequatur
1690 3497 1757 3546 me.

269 3581 296 3628 ²⁵
314 3591 379 3676 Qui
406 3592 496 3662 enim
523 3589 670 3662 voluerit
695 3589 845 3661 animam
872 3609 971 3664 suam
999 3590 1133 3664 salvam
1161 3591 1284 3675 lacere,
1312 3591 1437 3683 perdet
1462 3592 1568 3662 illam:
1597 3597 1760 3688 namqui

271 3710 460 3801 perdiderit
487 3709 636 3782 animam
664 3730 763 3780 suam
790 3721 934 3804 propter
960 3732 1026 3795 me,
1055 3712 1187 3784 salvam
1221 3711 1322 3784 laciet
1355 3710 1456 3781 illam.
1507 3703 1534 3747 ²³
1553 3712 1642 3796 Quid
1669 3714 1758 3784 enim

219 3887 228 3902 .
271 3828 406 3921 prolicit
433 3829 539 3900 homo
567 3830 595 3900 si
622 3829 770 3900 lucretur
796 3829 992 3902 universum
1020 3831 1202 3916 mundum,
1231 3853 1270 3902 se
1298 3839 1414 3902 autem
1441 3831 1554 3922 ipsum
1581 3832 1707 3924 perdat
1724 3843 1759 3904 et

271 3947 513 4018 detrimentum
540 3949 592 4018 sui
620 3948 748 4020 faeiat?
792 3939 907 3994 ”imi
921 3949 1008 4024 Nam
1038 3951 1097 4042 qui
1124 3971 1181 4022 me
1216 3949 1394 4021 erubuerit
1427 3957 1461 4018 et
1494 3970 1594 4022 meos
1621 3972 1757 4024 senno·
1890 4047 1895 4052 ἢ

270 4077 343 4150 nes,
373 4067 462 4138 hune
488 4066 577 4137 filius
604 4067 752 4138 hominis
779 4067 962 4154 erubescit,
991 4092 1068 4142 oum
1096 4069 1230 4142 venerit
1260 4069 1295 4137 in
1327 4068 1508 4140 maiestate
1541 4090 1604 4140 sua
1632 4079 1666 4142 et
1694 4092 1758 4163 pan·

270 4187 330 4258 tris
345 4196 393 4258 et
420 4195 618 4258 sanctorum
647 4186 858 4278 angelorum.
911 4180 1126 4258 ”lm->bico
1154 4197 1268 4260 autem
1296 4187 1414 4272 vobis,
1442 4209 1526 4260 vere
1553 4191 1758 4282 suntaliqui

271 4305 326 4393 hic
353 4314 483 4378 stantes
510 4306 568 4398 qui
594 4327 662 4376 non
691 4307 877 4397 gustabunt
903 4317 1050 4379 mortem
1078 4308 1192 4379 donec
1217 4306 1359 4378 videant
1385 4329 1530 4400 regnum
1558 4308 1625 4380 dei.
1652 4299 1756 4378 28Fa-

270 4434 361 4496 ctum
390 4436 444 4498 est
471 4433 587 4498 autem
614 4435 695 4518 post
721 4426 809 4497 haec
835 4427 945 4498 verba
972 4427 1044 4498 lere
1072 4427 1147 4498 dies
1175 4437 1273 4510 octo,
1302 4435 1337 4496 et
1369 4427 1532 4498 assumsit
1557 4427 1695 4498 Petrum
1724 4437 1759 4497 et

270 4545 434 4616 iacobum
461 4556 497 4615 et
521 4545 696 4616 lohannen
723 4553 757 4616 et
784 4545 940 4618 ascendit
964 4547 999 4616 in
1026 4557 1179 4618 montem
1207 4556 1243 4616 ut
1269 4556 1395 4616 oraret.
1447 4538 1474 4582 *³
1490 4547 1532 4616 Et
1558 4547 1684 4616 lactum
1704 4557 1758 4618 est

271 4664 497 4736 demoraret
529 4666 666 4758 species
699 4666 812 4736 vultus
846 4666 919 4738 eius
953 4667 1061 4738 altera
1095 4677 1130 4736 et
1163 4666 1307 4738 vestitus
1339 4665 1412 4736 eius
1445 4667 1542 4738 albus
1575 4666 1756 4756 refulgens.

269 4774 295 4819 ³⁰
312 4783 355 4854 Et
381 4805 466 4856 ecoe
493 4784 563 4856 duo
590 4785 654 4855 viri
680 4785 909 4876 loquebantur
936 4809 1014 4857 cunr
1041 4809 1102 4858 co:
1140 4795 1238 4858 erant
1273 4793 1388 4856 autem
1421 4783 1538 4856 bloses
1566 4794 1600 4855 et
1626 4786 1756 4870 Helias,
1790 4797 1793 4803 “

269 4895 291 4937 ³¹
308 4903 371 4974 visi
399 4904 432 4974 in
464 4905 661 4988 maiestate,
697 4914 732 4975 et
764 4905 928 4978 dicebant
962 4927 1148 4980 excessum
1182 4905 1256 4976 eius
1290 4923 1394 4994 quem
1422 4904 1656 4995 completurus
1682 4917 1758 4978 erat
1817 4937 1822 4944 ·

269 5021 302 5092 in
329 5023 551 5095 Hierusalem.
605 5017 632 5062 ³²
649 5024 771 5095 Petrus
798 5047 883 5096 vero
911 5037 946 5096 et
974 5027 1031 5118 qui
1062 5049 1140 5096 cum
1172 5025 1229 5094 illo
1265 5021 1401 5114 gravati
1432 5031 1530 5090 erant
1556 5043 1696 5096 somno:
1725 5037 1758 5096 et

270 5142 471 5236 evigilantes
498 5144 657 5218 viderunt
683 5145 901 5218 maiestatem
929 5147 1002 5218 eius
1030 5155 1064 5215 et
1090 5145 1180 5216 diros
1207 5143 1301 5214 viros
1335 5139 1393 5232 qui
1420 5137 1556 5212 stabant
1585 5164 1661 5214 curn
1690 5145 1755 5214 illo.

849 5265 902 5348 lX,
934 5269 972 5334 ll
1013 5304 1054 5315 -
1112 5267 1169 5338 32.
1229 5303 1233 5312 ·

1097 5399 1098 5402 ’
1374 5379 1451 5446 liilt
