4242 6118
682 411 931 476 uvANoettuu
959 412 1164 475 SECUNDUM
1191 410 1319 476 tuctu
1686 413 1751 486 l2l

250 528 315 538 n.—
1296 519 1519 528 -—--—---.........-

249 621 411 716 quoniam
445 617 587 710 quidem
622 616 688 710 ipsi
721 635 787 687 eos
821 613 1049 698 occiderunt,
1084 636 1150 686 vos
1184 624 1301 686 aute'm
1328 614 1521 688 aedificatis
1548 629 1670 692 eorum
1699 641 1759 690 se-

136 735 139 740 ’
250 739 401 834 pulchra.
453 727 480 774 ⁴⁹
493 725 587 784 “ml
607 735 799 828 Propterea
836 741 873 800 et
911 733 1084 827 sapientia
1117 733 1175 805 dei
1209 734 1297 807 dixit
1328 735 1459 806 Mittam
1496 736 1543 808 ad
1569 739 1646 813 illos
1672 761 1759 833 pro-

251 860 374 954 phetas
400 866 436 927 et
462 855 654 949 apostolos,
683 862 792 923 etex
820 849 888 920 illis
916 851 1083 924 occident
1110 862 1144 923 et
1161 863 1432 946 persequantur,
1477 847 1504 894 ⁵⁰
1516 867 1554 927 ut
1570 859 1761 951 inquiratur

253 977 394 1070 sanguis
427 974 576 1046 omnium
615 971 869 1067 prophetarum
906 972 964 1064 qui
1002 973 1132 1044 ellnsus
1166 983 1220 1044 est
1256 994 1277 1043 a
1315 974 1559 1048 constitutione
1592 979 1760 1052 mundia

253 1096 478 1190 generatione
510 1093 593 1178 ista,
646 1085 711 1180 ⁵¹a
742 1089 915 1182 sanguine
949 1091 1042 1162 Abel
1077 1111 1188 1184 usque
1231 1092 1277 1164 ad
1319 1093 1524 1185 sanguinem
1558 1097 1757 1183 Zachariae,
1854 1161 1859 1174 .

254 1217 311 1310 qui
338 1214 438 1308 periit
462 1213 550 1282 inter
577 1212 687 1283 altare
715 1219 750 1280 et
777 1209 926 1282 aedem:
961 1211 1011 1283 ita
1047 1209 1126 1282 dico
1158 1210 1275 1294 vobis,
1304 1212 1500 1303 requiretur
1525 1213 1570 1284 ab
1597 1215 1664 1286 hac
1691 1227 1757 1306 gc*

254 1333 442 1408 neratione.
495 1322 521 1366 ⁵²
534 1320 625 1376 (⁴³⁵³
640 1331 713 1402 Vae
738 1330 842 1402 vobis
868 1331 958 1426 legis
988 1331 1122 1425 peritis,
1152 1330 1232 1421 quia
1260 1329 1384 1400 tulistis
1411 1331 1547 1402 clavem
1575 1333 1755 1406 scientiae:

173 1467 176 1478 ·
256 1455 319 1547 ipsi
345 1473 414 1524 non
442 1447 616 1534 introistis,
645 1460 681 1521 ct
706 1471 771 1522 eos
797 1451 856 1544 qui
882 1450 1094 1524 introiebant
1120 1447 1356 1541 prohibuistis.
1401 1442 1429 1486 ⁸⁵³
1442 1441 1545 1494 (Μ’)
1565 1451 1649 1524 Cum
1668 1453 1757 1526 haec

255 1572 300 1644 ad
326 1572 402 1642 illos
429 1569 578 1654 diceret,
606 1579 799 1662 coeperunt
832 1569 1011 1642 Pharisaei
1037 1579 1073 1640 et
1099 1569 1187 1660 legis
1215 1569 1316 1661 periti
1350 1568 1504 1659 graviter
1530 1568 1687 1644 insistere
1720 1581 1757 1646 'et

256 1713 297 1762 os
323 1691 398 1761 eius
425 1689 627 1782 opprimere
654 1688 700 1759 d'e
728 1688 855 1772 multis,
899 1682 926 1727 ⁵⁴
943 1688 1144 1762 insidiantes
1172 1697 1207 1758 et
1233 1696 1445 1781 quaerentes
1472 1709 1599 1780 capere
1627 1692 1756 1790 aliquid

256 1833 302 1880 ex
330 1831 392 1880 ore
419 1809 494 1880 eius
521 1818 558 1878 ut
585 1819 790 1880 accusarent
816 1827 905 1879 eum.

972 2083 1039 2152 XII.

332 2282 473 2360 'Multis
500 2296 618 2358 autem
646 2287 758 2358 turbis
785 2286 1094 2370 circumstantibus,
1122 2287 1168 2358 ita
1194 2296 1232 2357 ut
1258 2309 1297 2360 se
1324 2288 1473 2359 invicem
1501 2291 1751 2382 conculcarent,
1849 2293 1852 2300 '

256 2407 372 2500 coepit
397 2406 515 2477 dicere
542 2404 589 2478 ad
615 2404 810 2498 discipulos
837 2427 921 2478 suos
966 2393 1056 2452 (Μ)
1076 2402 1263 2477 Adtendite
1291 2427 1311 2476 a
1345 2408 1516 2480 sarmento
1544 2410 1752 2485 Pharisaeo-

256 2549 341 2610 rum,
369 2525 465 2618 qnod
499 2535 553 2596 est
587 2523 798 2618 hypocrisis.
850 2513 974 2571 'ml
995 2523 1083 2594 Nihil
1118 2517 1234 2598 autem
1270 2535 1429 2617 opertum
1465 2539 1519 2600 est
1552 2531 1648 2622 quod
1683 2552 1753 2604 non

258 2645 437 2728 reveletur,
464 2625 585 2736 neque¹
606 2643 853 2716 absconditum
880 2641 977 2734 quod
1003 2663 1073 2714 non
1100 2645 1242 2716 sciatur:
1293 2637 1488 2736 ³quoniam
1521 2650 1672 2740 quaein
1698 2662 1751 2722 te-

257 2765 373 2835 nebris
399 2762 544 2845 dixiatis‚
572 2762 607 2832 in
632 2762 762 2834 lumine
790 2761 956 2845 dicentur,
985 2771 1020 2832 et
1046 2763 1143 2855 quod
1169 2765 1204 2834 in
1230 2783 1350 2834 aurem
1377 2766 1482 2838 locuti
1518 2769 1602 2840 estis
1628 2769 1663 2840 in
1689 2793 1751 2842 cu-

256 2882 390 2964 biculis,
417 2881 676 2973 praedicabitur
702 2883 737 2952 in
763 2881 871 2952 tectis.
915 2871 1028 2952 *Dico
1056 2893 1172 2954 autem
1198 2881 1302 2952 vobis
1329 2884 1448 2956 amicis
1476 2887 1580 2972 meis,
1608 2910 1654 2961 ne
1680 2899 1752 2961 ter-

258 3001 403 3084 reamini
438 3001 482 3072 ab
516 3000 570 3072 his
605 3001 663 3092 qui
697 2999 859 3072 occidunt
892 3020 1021 3093 corpus
1054 3012 1089 3071 et
1121 3009 1202 3094 post
1233 3001 1321 3071 haec
1346 3023 1418 3074 non
1451 3003 1580 3076 habent
1606 3009 1753 3103 amplius

262 3119 364 3214 qnod,
384 3119 518 3190 iaciant.
571 3113 790 3192 ⁵0stendam
817 3129 933 3192 autern
966 3119 1066 3190 vohis
1093 3140 1197 3212 quem
1226 3120 1389 3192 timeatis:
1424 3123 1543 3195 timete
1577 3145 1658 3198 eum
1694 3127 1751 3218 qui

260 3248 448 3332 postquam
475 3237 771 3321 occiderithabet
796 3247 1012 3333 potestatem¹
1033 3240 1169 3310 mittere
1196 3239 1230 3308 in
1256 3238 1468 3329 gehennam:
1504 3243 1551 3312 ita
1578 3243 1659 3316 dico
1685 3265 1744 3316 vo-

260 3358 325 3442 bis,
352 3357 444 3428 hunc
468 3358 597 3430 timete.
640 3349 794 3429 ⁶Nonne
820 3359 971 3458 quinque
1002 3379 1167 3450 passeres
1199 3357 1341 3428 veniunt
1373 3357 1577 3452 depondio?
1604 3372 1640 3432 et
1665 3383 1752 3433 unus

262 3498 309 3548 ex
335 3477 399 3546 illis
425 3497 496 3548 non
522 3487 576 3548 est
600 3478 635 3548 in
662 3477 837 3548 oblivione
864 3497 983 3548 coram
1011 3477 1091 3550 dec.
1142 3469 1245 3546 qSed
1277 3485 1313 3546 et
1346 3479 1457 3570 capilli
1490 3479 1611 3572 capitis
1645 3481 1750 3552 vestri

263 3617 387 3667 omnes
410 3597 582 3668 numerati
609 3606 696 3668 sunt.
739 3596 863 3668 Nolite·
879 3617 970 3687 ergo,
993 3597 1133 3668 umere:
1161 3595 1275 3666 multis
1301 3598 1504 3690 passeribus
1520 3599 1639 3692 plures
1657 3599 1750 3672 estis.

261 3707 376 3786 ⁸Dico
404 3715 658 3798 autamvohis
687 3714 798 3785 omnis
826 3714 1034 3806 quicumque
1061 3716 1242 3786 consessus
1268 3715 1367 3786 luerit
1391 3717 1426 3788 in
1452 3739 1509 3789 rne
1537 3739 1657 3790 coram
1685 3719 1751 3788 ho-

263 3834 420 3916 minibus,
447 3841 483 3902 et
508 3831 596 3917 lilius
621 3833 770 3906 hominis
798 3831 1015 3904 confitebitur
1040 3835 1074 3905 in
1091 3835 1148 3906 illo
1167 3854 1286 3905 coram
1307 3837 1439 3928 angelis
1459 3837 1532 3908 dei:
1559 3827 1681 3888 vtttt2t
1694 3837 1752 3930 qui

263 3962 379 4024 autem
406 3954 587 4044 negaverit
613 3973 669 4022 me
704 3973 825 4026 coram
859 3953 1071 4037 hominibus,
1106 3953 1336 4045 denegabitur
1362 3976 1482 4027 coram
1517 3956 1649 4048 angelis
1683 3957 1750 4028 dei.
1871 3945 1878 3960 “

262 4063 392 4118 ⁴⁰<W¹³²l
411 4071 455 4142 lit
481 4072 593 4142 omnis
628 4073 685 4164 qui
718 4071 800 4144 dicit
833 4073 981 4144 verbum
1014 4072 1049 4142 in
1079 4071 1184 4143 filium
1217 4072 1381 4158 hominis,
1414 4075 1605 4146 remittetur
1630 4076 1691 4146 illi:
1719 4077 1752 4146 ei
1890 4065 1895 4072 ’

264 4201 379 4262 antem
407 4190 516 4282 quiin
534 4175 688 4284 spiritum
707 4201 863 4262 sanctum
881 4191 1175 4284 blasphemaverit
1191 4213 1261 4263 non
1279 4193 1479 4264 remittetur.
1518 4185 1540 4228 ⁴¹
1556 4185 1647 4240 (ω)
1666 4194 1750 4265 Cum

264 4319 378 4380 autem
405 4306 660 4388 inducentvos
687 4311 721 4381 iu
749 4331 949 4404 synagogas
976 4309 1083 4382 etad
1109 4312 1329 4403 magistratus
1355 4321 1391 4381 et
1416 4319 1617 4405 potestates,
1645 4313 1750 4384 nolite

264 4429 398 4512 solliciti
425 4448 506 4498 esse
542 4429 687 4520 qualiter
722 4439 780 4500 aut
806 4431 889 4522 quid
921 4429 1165 4523 respondeatis
1191 4440 1250 4502 aut
1276 4429 1358 4523 quid
1385 4429 1524 4502 dicatis:
1568 4422 1595 4468 ⁴²
1612 4431 1750 4524 spiritus

263 4549 354 4618 enim
382 4557 522 4620 sanctus
548 4546 690 4620 docebit
715 4571 781 4620 vos
798 4549 841 4630 ,in
867 4549 943 4641 ipsa
969 4549 1056 4620 hora
1082 4571 1172 4641 quae
1197 4557 1358 4641 oporteat
1384 4549 1512 4620 dicere.
1539 4541 1565 4585 ⁴³
1578 4539 1679 4596 “mil
1693 4550 1750 4620 Ait

263 4666 546 4758 autemquidam
575 4667 608 4738 ei
634 4667 680 4740 de
708 4665 809 4738 turba
835 4667 1013 4758 Magister,
1048 4669 1104 4742 dic
1137 4668 1230 4738 iratri
1263 4688 1345 4738 meo
1378 4677 1415 4738 ut
1446 4666 1579 4738 diudnt
1611 4687 1747 4737 mecum

263 4784 501 4857 hereditatem.
555 4774 638 4857 “At
670 4787 725 4856 ille
761 4785 848 4858 dixit
880 4787 911 4856 ei
946 4787 1076 4871 Home,
1109 4787 1186 4879 quis
1201 4875 1205 4880 Ι
1219 4805 1276 4856 me
1310 4785 1484 4856 constituit
1515 4784 1663 4855 iudicem
1691 4795 1749 4855 aut

264 4903 453 4976 divisorem
488 4925 592 4999 supra
626 4907 716 4976 vcs‘l
768 4896 795 4984 ⁴⁵
812 4904 974 4996 Dixitque
1009 4904 1056 4977 ad
1089 4906 1165 4976 illos
1199 4903 1322 4976 Videte
1356 4913 1391 4973 et
1425 4913 1549 4974 cavete
1582 4903 1627 4974 ab
1656 4905 1748 4974 omni

265 5023 422 5094 avaritia:
450 5025 529 5116 quia
557 5045 626 5096 non
653 5024 686 5092 in
713 5021 924 5094 abundantia
956 5025 1159 5116 cuiusquam
1191 5023 1261 5094 vita
1294 5022 1369 5092 eius
1403 5031 1457 5092 est
1491 5043 1538 5093 ex
1569 5022 1622 5093 his
1657 5043 1748 5115 quae
1803 5115 1807 5122 1

263 5142 430 5235 possidet.
484 5134 510 5179 ’θ
527 5143 620 5214 Dixit
646 5151 760 5214 autem
788 5141 1040 5214 similitudinem
1068 5141 1114 5214 ad
1140 5141 1216 5212 illos
1244 5140 1363 5213 dicens
1391 5141 1545 5214 Hominis
1569 5143 1762 5215 cuiusdam¹

810 5261 863 5346 Xl,
893 5259 939 5330 ta
971 5261 1111 5344 -‚Xll,
1143 5261 1199 5330 to.

1394 5383 1438 5449 ld
