4146 6120
701 221 880 286 EPISTULA
905 221 957 284 ΑΙ)
984 219 1183 285 HEBRAEOS
1610 221 1684 290 365

207 431 336 502 cientes
369 436 404 498 et
434 428 636 512 salutantes,
670 436 705 497 et
730 425 934 498 confitentes
967 426 1046 518 quia
1072 425 1245 520 peregrini
1273 434 1309 498 et
1334 426 1493 519 hospites
1518 437 1598 500 sunt
1623 451 1685 500 su-

207 573 271 645 pra
304 561 438 622 terram.
491 537 517 584 ⁴⁴
535 548 600 634 Qui
633 546 722 618 enim
756 545 844 618 haec
876 545 1007 630 dicunt,
1044 544 1235 638 significant
1266 569 1306 618 se
1332 547 1477 640 patriam
1504 548 1684 642 inquirere.

207 663 287 740 15Ει
312 669 341 740 si
366 666 505 760 quidem
531 667 617 738 illius
644 665 880 738 meminissent
905 665 951 738 dc
978 687 1046 758 qua
1073 665 1240 751 exierunt,
1268 667 1445 740 habebant
1461 665 1577 758 utique
1596 673 1681 736 tem·

207 811 272 884 pus
295 787 508 861 revertendi:
547 779 676 858 ¹⁶nuno
699 795 813 858 autem
837 786 1015 858 meliorem
1040 786 1215 880 adpetunt,
1243 786 1278 859 id
1297 797 1352 859 est
1368 789 1563 860 caelestem.
1601 785 1685 857 Ideo

208 933 277 982 non
304 907 520 982 contimditur
545 906 633 979 deus
667 905 784 977 vocari
816 905 905 978 deus
938 926 1077 976 eorum:
1113 907 1248 999 paravit
1281 907 1373 978 enim
1407 909 1470 980 illis
1503 907 1684 978 civitatem.

208 1023 234 1066 ¹⁷
251 1029 334 1102 Fide
362 1029 482 1100 obtulit
505 1025 681 1099 Abrabam
707 1025 821 1110 Isaac,
849 1047 926 1098 cum
953 1034 1193 1120 temptaretur,
1221 1035 1255 1096 ct
1281 1027 1491 1120 unigenitum
1518 1025 1686 1098 offerebat

209 1150 265 1242 qui
292 1157 495 1242 susceperat
520 1147 823 1241 repromissiones,
864 1137 891 1184 ¹⁸
903 1144 948 1218 ad
975 1167 1079 1238 quem
1107 1144 1235 1217 dictum
1262 1158 1316 1219 est
1342 1147 1421 1240 quia
1447 1148 1481 1218 in
1498 1148 1594 1218 lsaac
1619 1165 1685 1216 vo-

209 1270 341 1342 cabitur
374 1269 434 1340 tibi
466 1287 603 1352 semem
643 1258 669 1304 ¹⁹
686 1266 855 1338 arbitrans
886 1267 966 1358 quia
998 1275 1034 1338 et
1059 1288 1080 1336 a
1106 1265 1248 1338 mortuis
1281 1267 1448 1338 suscitare
1479 1273 1686 1360 potensest
1767 1241 1775 1262 ⁸

209 1390 314 1475 deus,
342 1389 435 1461 unde
462 1409 540 1458 eum
568 1395 604 1458 el
628 1387 662 1458 in
689 1385 854 1480 parabola
881 1386 1023 1480 accepit.
1074 1375 1102 1422 ²⁰
1118 1385 1201 1457 Fide
1229 1395 1264 1458 et
1289 1387 1336 1459 de
1363 1388 1481 1459 suturis
1507 1381 1687 1456 benedixit

208 1512 304 1584 lsaac
328 1509 433 1582 lacob
459 1518 494 1578 et
518 1508 619 1580 Esau.
661 1499 684 1546 ²⁴
699 1505 783 1580 Fide
807 1506 911 1578 lacob
937 1505 1090 1577 moriens
1117 1505 1269 1597 singulos
1295 1505 1442 1578 filiorum
1468 1505 1595 1598 loseph
1620 1503 1686 1574 be-

208 1630 354 1715 nedixit,
389 1638 426 1700 et
459 1628 615 1700 adoravit
646 1626 815 1718 fastigium
848 1627 968 1719 virgae
1001 1626 1083 1698 eius.
1134 1617 1161 1664 ¹²
1177 1623 1261 1697 Fide
1292 1627 1419 1720 loseph
1452 1625 1606 1698 moriens
1640 1621 1686 1694 de
1722 1685 1725 1698 .

208 1750 421 1844 proiectione
448 1747 592 1822 liliorum
618 1747 747 1820 israhel
773 1740 983 1818 memoratus
1010 1755 1063 1816 est
1088 1755 1123 1816 et
1149 1745 1195 1818 de
1223 1745 1361 1818 ossibus
1395 1748 1467 1819 suis
1501 1743 1685 1815 mandavit.

207 1861 329 1940 ”Fide
354 1869 471 1944 Moses
496 1878 597 1940 natus
624 1868 812 1938 occultatus
838 1876 892 1938 est
917 1867 1092 1938 mensibus
1117 1865 1226 1938 tribus
1253 1867 1499 1960 aparentibus
1526 1863 1613 1948 suis,
1642 1885 1685 1932 eo

208 1989 304 2082 quod
321 1988 489 2061 vidissent
506 1987 688 2080 eligantem
706 1988 878 2070 infantem,
906 1997 941 2058 ct
957 2009 1026 2057 non
1043 1986 1226 2058 timuerunt
1248 1986 1342 2079 regis
1364 1985 1523 2059 edictum.
1563 1971 1590 2020 '⁴
1601 1981 1685 2054 Fide

208 2109 324 2181 Moses
358 2109 499 2202 grandis
532 2110 641 2180 lactus
673 2107 815 2200 negavit
848 2127 887 2176 sc
921 2126 999 2177 esse
1032 2105 1153 2178 lilium¹
1170 2105 1259 2178 filiae
1290 2105 1496 2188 Pharaonis,
1536 2095 1686 2194 ”magis

209 2229 340 2322 eligens
368 2227 482 2321 adfligi
508 2249 585 2298 oum
613 2228 742 2321 populo
769 2226 826 2298 dei
853 2245 955 2318 quam
982 2227 1183 2320 temporalis
1208 2225 1342 2320 peccati
1369 2226 1501 2296 habere
1526 2222 1685 2294 iucundi·
1749 2249 1751 2254 ¹

208 2361 328 2435 tatem,
368 2343 395 2386 ἥ
411 2349 565 2422 maiores
598 2347 733 2420 divitias
760 2345 945 2418 aestimans
971 2345 1136 2418 thesauro
1162 2345 1412 2440 Aegyptiorum
1438 2344 1684 2438 improperium
1750 2395 1754 2402 -

209 2471 345 2542 Christi:
380 2469 571 2570 aspiciebat
604 2467 695 2538 enim
721 2465 755 2537 in
780 2465 1100 2538 remunerationem.
1153 2459 1178 2506 ’ἶ
1195 2465 1279 2538 Fide
1305 2464 1451 2558 reliquid
1476 2463 1684 2558 Aegyptum,

207 2611 275 2662 non
303 2589 433 2661 veritus
461 2587 711 2662 animositatem
739 2587 849 2679 regis:
882 2585 1084 2658 invisibilem
1113 2588 1202 2658 enim
1229 2597 1404 2679 tamquam
1429 2585 1553 2657 videns
1580 2567 1685 2656 susti-

207 2711 287 2781 nuit.
339 2699 461 2779 ”Fide
488 2707 676 2780 celebravit
701 2707 834 2800 pascha
861 2715 897 2776 et
923 2707 1099 2798 sanguinis
1125 2705 1344 2790 effosionem,
1371 2727 1415 2776 ne
1442 2706 1499 2797 qui
1525 2706 1686 2776 vastabat

208 2829 377 2920 primitiva
410 2836 568 2920 tangeret
598 2849 670 2898 eos.
722 2817 748 2862 ²⁹
765 2826 850 2897 Fide
882 2827 1088 2898 transierunt
1122 2847 1217 2898 mare
1250 2825 1392 2898 rubrum
1419 2835 1594 2917 tamqnam
1622 2847 1685 2916 per

208 2947 339 3018 aridam
368 2955 512 3030 terram,
540 2945 635 3038 qnod
661 2947 796 3038 experti
823 2945 984 3038 Aegyptii
1011 2921 1168 3016 devorati
1194 2956 1282 3016 sunt
1334 2936 1361 2982 ³³
1378 2943 1462 3016 Fide
1488 2943 1576 3014 muri
1602 2944 1684 3014 llic-

208 3066 303 3138 richo
329 3073 478 3149 ruerunt,
505 3064 669 3136 circumiti
694 3063 828 3136 dierum
855 3074 999 3158 septem.
1025 3056 1049 3102 ³¹
1063 3063 1147 3136 Fide
1172 3065 1267 3137 Raab
1294 3065 1459 3136 meretrix
1484 3085 1555 3135 non
1582 3057 1683 3156 'per-

207 3187 268 3258 ibit
294 3209 372 3258 cum
402 3183 600 3269 incredulis,
627 3183 806 3276 excipiens
833 3185 1074 3278 exploratores
1107 3207 1185 3258 cum
1211 3205 1309 3279 pace.
1353 3175 1435 3257 ³2llt
1461 3185 1543 3278 quid
1571 3185 1683 3257 adhuc

208 3307 349 3378 dicam‘l
401 3301 545 3376 Deficiet
570 3302 659 3374 enim
694 3323 750 3374 me
783 3313 919 3398 tempus
952 3315 1168 3377 enarrantem
1202 3305 1248 3378 de
1275 3305 1418 3378 Gedeon
1443 3307 1555 3380 Baruc
1582 3307 1682 3376 Sam-

208 3447 273 3499 son
299 3425 417 3520 lepthe
443 3423 554 3496 David
589 3433 624 3495 et
650 3424 813 3496 Samuhel
848 3439 884 3496 et
915 3425 1074 3520 prolatis,
1113 3418 1141 3464 ³³
1157 3427 1215 3520 qui
1247 3447 1312 3520 per
1344 3424 1450 3499 fidem
1483 3425 1684 3497 devicerunt

207 3569 332 3641 regna,
367 3545 501 3640 operati
525 3554 604 3616 sunt
628 3543 816 3646 iustitiam,
843 3545 960 3640 adepti
995 3556 1074 3618 sunt
1099 3547 1402 3640 repromissiones,
1438 3547 1684 3620 obturaverunt

208 3689 270 3742 ora
296 3667 452 3752 leonum,
491 3653 519 3702 ³⁸
535 3665 775 3738 extincxerunt
800 3665 964 3759 impetum
991 3667 1087 3760 ignis,
1115 3668 1308 3761 effugerunt
1325 3668 1436 3740 aciem
1454 3667 1568 3762 gladii,
1596 3655 1682 3738 con-

206 3791 387 3862 valuerunt
412 3786 458 3858 de
484 3783 686 3872 infirmitate,
714 3785 821 3857 lortcs
846 3787 926 3858 iacti
952 3797 1030 3858 sunt
1055 3788 1090 3858 in
1113 3788 1216 3874 bello,
1243 3796 1356 3860 castra
1381 3797 1558 3860 verterunt
1581 3798 1682 3860 exte-

206 3931 333 3981 rorum.
372 3901 628 4001 ³5deceperunt
652 3906 816 3978 mulieres
843 3907 889 3980 dc
914 3907 1166 3980 resurrectione
1194 3917 1349 3982 mortuos
1368 3929 1467 3981 suos:
1495 3909 1550 3981 alii
1568 3919 1683 3981 antem

207 4028 341 4100 distenti
369 4037 457 4112 sunt,
484 4050 553 4100 non
579 4027 807 4121 suscipientes
833 4028 1117 4122 redemptionem,
1145 4040 1182 4100 ut
1206 4029 1384 4102 meliorem
1410 4030 1600 4101 invenirent
1624 4050 1683 4100 re-

121 4207 125 4212 .
206 4148 471 4220 surrectionem:
509 4139 604 4218 ³8alii
630 4169 716 4221 vero
742 4149 889 4222 ludibria
916 4159 951 4221 et
976 4149 1126 4222 verbera
1152 4149 1296 4246 experti,
1323 4151 1463 4243 insuper
1489 4159 1524 4220 et
1549 4149 1683 4220 vincula

207 4281 243 4340 et
261 4287 438 4351 carceres,
477 4259 655 4360 ³¹lapidati
683 4279 770 4354 sunt,
798 4269 884 4341 secti
910 4280 996 4355 sunt,
1024 4273 1180 4366 temptati
1207 4281 1293 4355 sunt,
1319 4269 1352 4340 in
1380 4269 1553 4342 occisione
1580 4265 1682 4362 gladii

207 4387 332 4460 mortui
358 4396 446 4472 sunt,
474 4387 714 4460 circumierunt
739 4390 773 4460 in
799 4389 945 4475 melotis,
973 4391 1007 4460 in
1034 4392 1179 4484 pellibus
1207 4390 1363 4485 caprinis,
1391 4399 1544 4484 egentes,
1572 4411 1682 4480 angu-

206 4507 475 4594 stiati-adflicti,
513 4498 540 4546 ³⁸
553 4509 678 4601 quibus
705 4509 830 4603 dignus
856 4531 927 4582 non
953 4520 1027 4582 erat
1053 4510 1210 4596 mundus,
1238 4512 1272 4581 in
1299 4510 1537 4583 solitudinibus
1562 4529 1681 4580 erran-

207 4641 259 4702 tes
286 4641 321 4701 et
347 4628 520 4701 montibus
548 4639 583 4700 et
608 4631 780 4725 speluncis
806 4639 840 4701 et
867 4631 900 4700 in
927 4631 1083 4702 cavernis
1114 4642 1237 4704 terrae.
1289 4623 1317 4669 ³⁹
1332 4631 1374 4704 Et
1405 4633 1439 4703 hi
1471 4652 1594 4702 omnes
1627 4639 1681 4701 te-

207 4749 401 4821 stimonium
429 4748 510 4821 fidei
536 4750 672 4844 probati
698 4773 768 4823 non
794 4761 1003 4844 acceperunt
1029 4751 1351 4844 repromissionem,
1390 4742 1417 4790 ‘⁰
1430 4751 1499 4824 deo
1525 4773 1590 4844 pro
1617 4771 1683 4820 no-

206 4871 260 4942 his
287 4869 406 4941 melius
433 4869 560 4962 aliquid
586 4871 806 4963 providente,
834 4878 940 4942 utne
968 4871 1041 4942 sine
1068 4871 1168 4944 nobis
1195 4881 1530 4956 consummarentur.

793 4991 845 5076 Xl,
877 4991 921 5062 tl
953 5031 998 5044 -
1029 4989 1086 5062 lo.
