4242 6118
707 337 952 432 uvnncuuuu
979 369 1183 432 snouuuuu
1209 365 1336 432 lucau
1698 372 1770 443 ⁴29

271 477 339 488 ...1-

269 575 425 678 clamans
452 565 670 642 dixitPater
695 570 891 654 Abraham,
919 573 1086 644 miserere
1114 573 1182 642 mei
1210 581 1245 642 et
1277 572 1372 642 mitte
1406 573 1573 643 Lazarum
1607 576 1771 648 ut.intiu.-t

268 703 352 788 gual
387 699 584 762 extremum
614 689 709 780 digiti
737 691 790 761 sui
827 690 860 758 in
892 711 1018 782 aquam
1053 702 1090 762 ut
1124 691 1303 783 refrigeret
1338 692 1489 784 linguam
1522 713 1655 780 meam,
1689 697 1778 788 quia·

267 812 403 884 crucior
430 812 465 882 iu
492 807 559 878 bac
585 806 734 882 damma.
788 808 816 851 ²5
834 809 877 878 Et
903 809 990 880 dixit
1017 811 1061 882 illi
1086 809 1264 882 Abraham
1291 811 1371 895 Filii,
1398 813 1586 884 recordare
1613 817 1693 908 quia
1710 838 1770 887 re-

267 933 395 1026 cepisti·
416 931 515 1002 bona
542 929 576 997 in
601 929 671 1000 vita
699 940 756 1001 tua
784 939 820 1000 et
848 928 998 1002 Lazarus
1025 930 1180 1002 similiter
1206 933 1311 1002 mala:
1339 953 1429 1003 nuuc
1456 941 1572 1004 autem
1599 934 1654 1008 hic
1681 958 1769 1008 cou-

266 1054 406 1136 sclatur,
437 1062 474 1122 tu
501 1069 587 1140 uero
615 1050 787 1120 cruciaris.
843 1039 929 1118 11111
955 1050 989 1118 in
1015 1049 1069 1119 bis
1096 1051 1255 1123 omnibus
1283 1052 1371 1146 inter
1404 1073 1470 1123 vos
1493 1063 1539 1124 ,et
1569 1076 1632 1124 nos
1659 1056 1779 1128 cbaos
1870 1083 1874 1090 ·

266 1193 429 1262 maguum
458 1167 632 1240 lirmatum
659 1180 722 1253 est
751 1178 789 1240 ut
817 1167 851 1236 bi
880 1168 938 1260 qui
974 1169 1093 1240 volunt
1118 1167 1197 1238 hinc
1232 1167 1379 1240 transire
1413 1171 1460 1242 ad
1493 1193 1559 1242 vos
1585 1196 1654 1245 non
1681 1196 1770 1269 pos-

267 1293 340 1376 sint,
368 1309 487 1380 neque
512 1288 596 1360 inde
622 1288 690 1360 buc
717 1299 944 1360 transmeare.
997 1280 1083 1357 11111
1108 1289 1155 1360 ait
1180 1287 1279 1378 Rogo
1307 1309 1396 1380 ergo.
1420 1300 1463 1376 te,
1491 1301 1599 1384 pater,
1627 1303 1664 1363 ut
1690 1294 1770 1366 mit-

266 1421 320 1482 tas
347 1431 427 1480 eum
449 1408 489 1477 iu
516 1409 661 1480 domurn
689 1409 799 1502 patris
818 1408 901 1492 mei,
946 1400 973 1446 11
990 1409 1105 1481 babeo
1124 1409 1214 1479 enim
1233 1408 1385 1500 quinque
1402 1411 1535 1496 iratres,
1564 1421 1599 1482 ut
1626 1422 1771 1487 testetur

268 1531 331 1600 illis
359 1526 405 1600 ne¹
430 1537 465 1598 et
496 1527 565 1620 ipsi
593 1528 731 1598 veniant
756 1529 791 1597 in
820 1528 935 1600 locum
962 1529 1052 1600 bunc
1079 1537 1364 1600 tormentorum..
1392 1519 1419 1566 11
1435 1529 1477 1600 Et
1504 1531 1550 1600 ait
1582 1533 1626 1602 illi
1652 1533 1775 1606 Abra-¹

270 1649 350 1720 bam
376 1647 511 1718 liabent
539 1647 662 1719 Mosen
689 1657 724 1718 et
749 1647 951 1740 propbetas,
980 1647 1121 1720 audiant
1146 1649 1233 1720 illos.
1287 1638 1314 1684 ³⁰
1331 1645 1376 1718 Αι
1401 1648 1457 1719 ille
1485 1648 1572 1720 dixit
1597 1651 1674 1724 Non
1700 1675 1768 1746 pa-

270 1777 322 1838 ter
347 1765 536 1850 Abrabam,
564 1765 630 1837 sed
657 1767 686 1836 si
713 1767 790 1858 quis
818 1788 864 1836 ex
899 1768 1043 1838 mortuis
1076 1767 1152 1840 ierit
1186 1768 1231 1840 ad
1267 1789 1346 1850 eos,
1380 1769 1771 1866 paenitentiamagent:

253 1880 292 1986 '³'
312 1885 368 1956 Ait
394 1895 508 1956 autem
537 1885 582 1956 illi
610 1886 645 1955 Si
670 1886 792 1958 Mosen
824 1897 861 1958 et
893 1887 1084 1980 prophetas
1120 1909 1190 1960 non
1221 1887 1378 1971 audirmt,
1416 1909 1531 1982 neque
1559 1890 1588 1960 si
1615 1891 1692 1984 quis
1719 1914 1765 1965 ex
1806 1877 1809 1883 ’

225 2071 228 2079 ,
270 2007 413 2079 mortuis
440 2005 631 2078 smrexerit
656 2005 807 2077 credent.
1757 2031 1762 2038 ·

967 2283 1062 2353 XVll.

347 2478 463 2555 1111111
480 2487 524 2558 Et
550 2487 596 2558 ad
623 2487 811 2581 discipulos
838 2509 922 2558 suos
949 2489 995 2558 ait
1020 2487 1224 2581 inpossibile
1251 2499 1306 2558 est
1333 2498 1369 2559 ut
1395 2511 1464 2560 non
1490 2491 1631 2562 veniant
1655 2513 1758 2565 scan-

269 2605 356 2690 dala,
384 2627 452 2678 vae
479 2616 594 2677 autem
621 2607 666 2676 illi
693 2628 888 2702 perquem
915 2608 1087 2680 veniuutz·
1116 2601 1260 2678 2utilius
1287 2619 1342 2679 est
1368 2609 1413 2680 illi
1439 2610 1467 2680 si
1495 2611 1599 2704 lapis
1618 2611 1767 2684 molaris.

268 2725 451 2817 inponatur
477 2727 568 2797 circa
594 2726 719 2798 collum
747 2727 822 2798 eius
850 2737 885 2798 et
911 2727 1097 2820 proiciatur
1123 2728 1158 2796 iu
1192 2747 1304 2811 mare,
1341 2749 1444 2820 quam
1480 2740 1516 2798 ut
1549 2730 1759 2804 scandalizet

266 2867 371 2916 unum
399 2846 444 2917 de
471 2845 602 2939 pusillis
628 2846 710 2918 istis.
762 2837 881 2894 1111111
903 2845 1080 2918 Attendite
1106 2846 1218 2916 vobis.
1252 2845 1287 2914 Si
1314 2847 1513 2938 peccaverit
1538 2850 1763 2936 inmortuus·

266 2965 407 3058 increpa
432 2966 534 3049 illum,
563 2975 611 3056 et
625 2966 654 3035 si
680 2965 924 3058 paenitentiam
951 2965 1070 3056 egerit,
1097 2964 1230 3036 dimitte
1256 2963 1317 3034 illi:
1362 2956 1532 3038 1111111161
1565 2970 1606 3040 si.
1626 2972 1757 3064 septies

266 3085 299 3154 in
326 3085 384 3156 dic
411 3085 609 3178 peccaverit
634 3085 668 3154 in
694 3096 729 3156 te
756 3095 791 3156 et
817 3086 946 3178 septies
972 3085 1006 3154 iu
1040 3077 1098 3154 die
1133 3103 1323 3154 conversus
1356 3085 1456 3156 luerit
1488 3085 1533 3156 ad
1569 3097 1604 3159 te
1637 3089 1756 3162 dicens

266 3204 421 3278 Paenitet
454 3226 526 3289 me,
554 3203 702 3280 dimitte¹
720 3205 773 3274 illi.
825 3196 997 3273 11(1111111111
1039 3202 1202 3275 dixerunt
1239 3203 1387 3295 apostoli
1426 3202 1569 3276 domiuo
1606 3205 1756 3300 Adauge

241 3323 367 3395 ,nobis
401 3323 517 3396 fidem.
570 3316 694 3394 “Dixit
726 3333 842 3393 autem
877 3321 1037 3393 dominus
1072 3322 1107 3391 Si
1143 3321 1319 3403 haberetis
1350 3320 1455 3392 fidem
1489 3323 1576 3394 sicut
1608 3347 1755 3418 ganum

265 3444 403 3537 sinapis,
418 3443 591 3514 diceretis
618 3443 697 3514 buic
729 3442 845 3512 arbori
878 3462 978 3512 moro
1013 3439 1200 3512 Eradicare
1232 3449 1268 3510 et
1299 3441 1566 3533 transplantare.
1584 3444 1622 3514 in·
1645 3465 1757 3530 mare·

265 3572 300 3632 et
327 3562 511 3635 oboediret
536 3563 647 3635 vobis.
699 3551 828 3606 11111111)
843 3560 927 3646 Quis
954 3569 1070 3632 autem
1096 3566 1250 3630 vestrum
1278 3559 1411 3632 babens
1438 3581 1579 3632 servum
1596 3575 1757 3636 arantem
1872 3550 1873 3553 ¹

264 3692 322 3752 aut
347 3691 558 3774 pascentem,
586 3683 644 3774 qui
670 3701 832 3772 regresso
864 3681 909 3771 de
942 3701 1028 3772 agro
1063 3679 1155 3752 dicet
1185 3679 1230 3748 illi
1265 3679 1384 3750 Statim
1416 3679 1523 3750 transi
1557 3681 1750 3754 recumbe?

262 3793 329 3872 ⁸et
353 3823 423 3874 uon
450 3801 543 3874 dicet
568 3802 600 3872 ei
618 3801 706 3871 Para
732 3799 828 3892 quod
855 3821 987 3884 cenem,
1015 3809 1050 3870 et
1076 3799 1262 3891 praecinge
1289 3809 1324 3870 te
1351 3808 1385 3868 et
1403 3799 1556 3870 ministra
1581 3800 1663 3871 mibi
1681 3801 1749 3872 do-

262 3943 327 3992 nec
352 3923 560 3994 manducem
587 3931 623 3994 et
648 3921 775 4005 bibam,
804 3929 946 4015 etpost
971 3920 1059 3990 baec
1085 3927 1122 3988 tu
1147 3915 1374 3989 manducabis
1392 3927 1426 3988 et
1443 3916 1569 3990 bibes‘l
1613 3911 1749 3990 ⁹Num-

263 4041 344 4132 quid
371 4042 517 4133 gratiam
545 4043 652 4114 habet
677 4061 782 4112 servo
809 4039 863 4124 illi,
891 4039 971 4132 quia
1003 4038 1082 4110 lecit
1116 4035 1297 4129 quaesibi
1329 4035 1584 4129 imperaverat?
1629 4030 1655 4076 11
1671 4039 1750 4110 Νοιι

261 4169 355 4252 puto.
401 4161 457 4231 Sic
484 4171 519 4232 et
544 4184 622 4247 vcs-
648 4181 726 4231 cum
752 4159 899 4229 feceritis
927 4160 1042 4230 omnia
1069 4177 1159 4250 quae
1185 4165 1375 4248 praecepta
1402 4165 1480 4227 sunt
1506 4157 1616 4240 vobis,
1645 4157 1747 4228 dicite

262 4280 359 4350 Servi
391 4280 525 4352 inutiles
560 4301 694 4352 sumus:
729 4277 824 4370 quod
858 4276 1041 4349 debuimus
1071 4277 1188 4348 lacere
1223 4274 1371 4344 lecimus.
1424 4267 1508 4346 11111
1540 4277 1667 4346 lactum
1694 4285 1750 4346 est

260 4397 343 4468 dum
370 4399 435 4470 iret
460 4401 495 4470 iu
521 4399 744 4482 Hierusalem,
772 4397 960 4468 transiebat
991 4416 1055 4490 per
1086 4393 1237 4466 mediam
1272 4394 1462 4466 Samariam
1489 4404 1523 4466 et
1550 4394 1746 4468 Galilaeam.

259 4509 285 4554 11
300 4517 344 4587 Et
377 4539 454 4589 oum
490 4517 730 4611 ingrederetur
762 4516 942 4609 quoddam
976 4515 1168 4598 castellum,
1204 4524 1427 4586 occurrerunt
1459 4515 1492 4584 ei
1507 4575 1510 4582 ,
1528 4513 1653 4586 decem
1684 4514 1755 4584 viri·

259 4637 403 4729 leprosi,
438 4637 497 4730 qui
531 4647 695 4709 steterunt
729 4655 749 4705 a
781 4637 903 4728 longe,
955 4627 982 4672 ⁴³
1000 4645 1035 4706 et
1049 4636 1271 4706 levaverunt
1311 4653 1438 4706 vocem
1480 4631 1635 4706 dicentes
1668 4633 1755 4704 lesu·

258 4765 474 4849 praeceptor,
503 4759 678 4828 miserere.
695 4755 812 4827 nostri.
866 4745 891 4792 11
910 4756 1007 4840 Quos
1033 4764 1070 4826 ut
1085 4753 1188 4846 'vidit
1217 4752 1303 4824 dixit
1329 4754 1377 4824 lte
1404 4751 1575 4824 ostendite
1601 4773 1666 4823 vos
1685 4773 1751 4824 sa-;

228 4873 468 4956 cerdatibus.
512 4876 555 4946 Et
581 4877 707 4947 iactum
733 4882 788 4944 est
814 4873 898 4947 dum
924 4875 1024 4958 irent,
1060 4872 1215 4944 mundati
1249 4879 1353 4942 sunt..
1392 4862 1420 4906 11
1437 4869 1529 4942 Unus
1556 4879 1672 4944 autem
1698 4891 1745 4943 en

256 4993 320 5064 illis
346 5004 383 5066 ut
408 4993 495 5066 vidit
521 4995 601 5087 quia
627 4993 810 5066 mundatus
838 5002 900 5078 est,
927 5013 1110 5086 regressus
1138 4973 1192 5062 est
1218 5011 1296 5061 cum
1330 5011 1460 5082 magua
1491 5009 1581 5062 voce
1608 4989 1748 5082 magni:

256 5110 511 5198 nemeaeum,
556 5105 634 5184 ⁴⁶et
660 5113 784 5184 cecidit
810 5113 992 5208 infaciem
1020 5121 1100 5182 autc
1134 5110 1246 5203 pedes·
1281 5109 1355 5182 cius
1390 5108 1518 5200 gratias
1554 5129 1676 5202 agens:
1708 5117 1759 5180 et*

778 5232 859 5316 xvi,
889 5235 937 5305 25
969 5267 1013 5280 —
1041 5229 1136 5314 XVII,
1168 5232 1224 5300 16.

1389 5337 1437 5414 17
