4102 6128
333 414 381 486 co
699 413 960 483 ,camon-:uun
987 411 1188 474 sucuvouu
1214 369 1419 474 manuam

826 519 958 526 ...φ-...-
991 518 1192 526 -—.---.--—--
1258 519 1329 526 ...-

1014 643 1016 650 v
1048 649 1091 720 IX

414 851 514 904 ’Μ’
532 859 574 930 Et
598 855 793 929 ascendens
824 857 858 927 in
891 856 1083 928 naviculam
1115 856 1361 941 transfretavit,
1398 865 1434 927 et
1459 854 1552 926 venit
1584 853 1619 924 in
1644 853 1816 926 civitatem

307 1004 447 1053 venam.
499 973 567 1050 Ἦ
594 999 678 1049 ecce
705 977 899 1048 offerebant
925 977 957 1048 ei
983 975 1209 1070 paralyticum
1231 975 1405 1066 jacentem
1431 975 1465 1045 in
1491 975 1598 1046 lecto:
1634 985 1669 1046 et
1696 974 1817 1047 videns

336 1103 432 1174 lesus
458 1099 562 1171 fidem
589 1097 722 1168 illorum
748 1097 835 1169 dixit
860 1095 1052 1191 paralytico
1080 1094 1223 1167 Confido
1248 1094 1314 1182 filii,
1342 1095 1557 1168 remittuntur
1583 1093 1641 1167 tibi
1668 1105 1815 1190 peccata

337 1231 403 1295 tuo.
456 1216 528 1291 ³Et
554 1240 638 1290 ecce
664 1218 804 1311 quidam
832 1217 878 1290 de
904 1217 1025 1290 scribis
1051 1215 1213 1288 dixerunt
1227 1215 1315 1288 intra
1342 1236 1381 1287 se
1399 1215 1461 1286 llic
1483 1215 1710 1309 blasphemat.
1749 1205 1840 1288 ‘Etr‘

242 1380 248 1386 ·
339 1365 418 1414 cum
452 1339 596 1412 vidisset
629 1340 725 1410 lesus
760 1337 987 1430 cogitationes
1019 1357 1149 1422 eorum,
1186 1335 1272 1408 dixit
1298 1337 1341 1407 Ut
1373 1335 1456 1429 quid
1482 1335 1641 1430 cogitatis
1666 1339 1757 1409 mala
1783 1337 1817 1408 in

338 1463 501 1534 cordibus
528 1458 677 1532 vestris‘l
728 1451 850 1544 ⁵Quid
878 1467 932 1530 est
957 1455 1095 1542 facilius,
1123 1456 1240 1529 dicere
1257 1455 1474 1528 Dimittuntur
1499 1457 1559 1528 tibi
1576 1467 1730 1550 peccata,
1759 1468 1818 1528 aut

337 1583 455 1654 dicere
482 1583 592 1673 Surge
619 1589 654 1650 et
680 1579 845 1652 ambula?
897 1569 967 1649 ⁶Ut
991 1576 1108 1649 sciatis
1135 1589 1251 1650 autem
1275 1576 1438 1671 quoniam
1465 1575 1551 1649 lilius
1580 1577 1725 1648 bominis
1752 1577 1817 1648 ha·

338 1705 399 1774 bet
433 1697 642 1796 potestatem
672 1699 706 1770 in
739 1711 834 1771 terra
864 1697 1055 1771 dimittendi
1088 1707 1251 1792 peccata.
1286 1709 1364 1770 tunc
1395 1698 1442 1770 ait
1477 1699 1668 1794 paralytico
1695 1699 1816 1790 Surge,

337 1825 419 1896 tolle
446 1825 571 1894 lectum
611 1831 705 1890 tuum
738 1831 773 1892 et
805 1819 898 1892 vade
929 1820 964 1890 in
996 1817 1138 1890 domum
1181 1830 1284 1891 tuam.
1333 1811 1407 1890 lllt
1440 1818 1650 1890 surrexitet
1675 1819 1759 1890 abiit
1783 1818 1817 1890 in

245 2021 248 2026 ,
339 1945 481 2016 domurn
508 1963 617 2014 suam.
669 1935 684 1980 ⁸
700 1940 863 2012 videntes
889 1949 1005 2012 autem
1025 1939 1148 2010 turbae
1165 1939 1349 2011 timuerunt
1366 1949 1402 2010 et
1418 1937 1695 2032 glorificaverunt
1712 1940 1815 2012 deum

339 2063 410 2158 qui.
423 2061 519 2134 dedit
544 2071 752 2156 potestatem
786 2061 890 2132 talem
917 2057 1120 2130 hominibus.
1171 2052 1274 2108 ΜΗ)
1287 2061 1330 2132 llt
1362 2083 1440 2131 cum
1473 2059 1631 2130 transiret
1654 2059 1736 2131 inde
1761 2061 1813 2132 le·

337 2205 413 2268 sus,
441 2181 525 2254 vidit
556 2181 731 2252 hominem
765 2179 947 2252 sedentem
978 2177 1010 2248 in
1044 2180 1198 2266 teloneo,
1233 2179 1422 2252 blatthemn
1453 2179 1609 2265 nomine,
1637 2191 1673 2252 et
1699 2180 1749 2254 ait
1772 2180 1817 2252 illi

340 2306 493 2398 Sequere
517 2322 594 2374 me.
645 2302 689 2373 Et
721 2322 868 2394 surgens
899 2307 1038 2374 secutus
1073 2309 1129 2372 est
1158 2323 1248 2373 eum.
1299 2291 1417 2350 '⁰⁰²²'
1428 2301 1472 2372 Et
1504 2302 1631 2374 lactum
1664 2311 1719 2373 est
1743 2302 1816 2374 clis-

339 2424 523 2495 cumbente
551 2445 595 2496 eo
622 2425 656 2494 in
682 2422 800 2507 domo,
828 2441 912 2492 ecce
938 2419 1033 2490 multi
1058 2421 1230 2514 publicani
1256 2431 1291 2494 et
1316 2431 1522 2516 peccatores
1547 2421 1725 2494 venientes
1742 2422 1844 2495 dis·-

340 2543 549 2616 cumbebant
575 2565 653 2614 cum
678 2543 756 2615 lesu
782 2551 817 2614 et
842 2539 1016 2635 discipulis
1043 2541 1125 2612 eius.
1161 2533 1184 2578 ¹¹
1199 2543 1242 2614 Et
1266 2542 1425 2615 videntes
1451 2541 1627 2614 Pharisaei
1652 2541 1818 2614 dicebant

339 2665 512 2759 discipulis
539 2664 612 2749 eius
640 2664 756 2749 Quare
783 2684 861 2734 cum
887 2660 1077 2756 publicanis
1108 2672 1144 2733 et
1169 2663 1412 2756 peccatoribus
1438 2663 1625 2736 manducat
1650 2659 1817 2754 magister

338 2785 482 2856 vester?
535 2775 650 2828 ΜΗ)
663 2785 708 2856 At
733 2785 829 2854 lesus
855 2782 1000 2854 audiens
1026 2781 1073 2852 ait
1097 2781 1175 2852 Non
1201 2793 1256 2854 est
1282 2806 1370 2878 opus
1387 2783 1579 2856 valentibus
1595 2781 1733 2854 medico
1752 2782 1817 2854 sed

339 2906 432 2978 male
467 2903 682 2976 habentibus.
735 2895 761 2942 ¹³
777 2903 906 2974 Euntes
940 2911 1055 2974 autem
1091 2901 1211 2974 discite
1246 2903 1329 2998 quid
1361 2915 1414 2976 est
1439 2902 1708 2976 Misericordiam
1734 2903 1817 2974 volo

339 3037 374 3097 et
399 3047 470 3096 non
496 3023 707 3096 sacrificium.
747 3025 824 3096 Non
850 3023 940 3095 enim
967 3023 1045 3094 veni
1062 3043 1191 3099 vocare
1217 3025 1325 3096 iustos
1343 3025 1406 3097 sed
1430 3035 1646 3119 peccatores.
1685 3013 1817 3094 “Tunc
1934 3037 1936 3040 ·

338 3155 561 3218 accesserunt
586 3143 632 3216 ad
659 3165 738 3215 eum
772 3143 927 3236 discipuli
960 3143 1119 3214 lobannis
1154 3143 1310 3216 dicentes
1337 3145 1454 3247 Quare
1486 3167 1552 3216 nos
1578 3154 1615 3215 et
1639 3143 1817 3216 Pharisaei

337 3267 527 3337 ieiunemus
553 3267 757 3358 frequenter,
785 3262 939 3358 discipuli
965 3275 1081 3336 autem
1108 3263 1154 3336 tui
1179 3287 1250 3336 non
1274 3265 1449 3337 ieiunant?
1493 3257 1520 3300 ¹⁵
1534 3265 1578 3336 Et
1602 3263 1649 3336 ait
1673 3263 1738 3338 illis
1761 3265 1816 3336 le·

338 3409 397 3458 sus
424 3385 596 3479 Numquid
622 3394 767 3479 possunt
793 3383 850 3456 filii
884 3385 1003 3478 sponsi
1029 3386 1149 3479 lugere
1175 3385 1339 3480 quamdiu
1364 3407 1443 3458 cum
1469 3384 1531 3456 illis
1558 3393 1613 3456 est
1637 3389 1815 3479 sponsus?

337 3506 482 3578 Venient
508 3515 623 3577 autem
657 3505 733 3577 dies
759 3527 837 3578 curn
873 3506 1046 3578 auferetur
1072 3505 1117 3579 ab
1153 3508 1203 3578 eis
1235 3527 1400 3602 sponsus,
1434 3518 1470 3577 et
1503 3515 1582 3576 tunc
1607 3504 1814 3578 ieiunobnnt

338 3619 363 3663 ⁴⁶
375 3627 487 3698 Nemo
517 3635 631 3696 autem
665 3626 798 3697 inmittit
824 3626 1085 3699 commissuram
1119 3627 1223 3720 panni
1248 3627 1345 3700 rudis
1370 3627 1405 3697 in
1429 3626 1670 3698 vestimentum
1697 3637 1814 3699 vetus:

338 3746 422 3828 tollit
449 3746 538 3817 enim
564 3745 808 3840 plenitudinem
835 3747 909 3818 eius
936 3769 957 3818 a
982 3747 1197 3832 vestimento,
1225 3758 1261 3818 et
1276 3747 1376 3841 peior
1392 3748 1543 3819 scissura
1561 3745 1606 3817 tit.
1655 3737 1681 3782 ¹⁷
1693 3747 1815 3840 Neque

339 3867 471 3938 mittunt
496 3866 611 3938 unum
637 3889 765 3939 novum
791 3867 826 3937 in
852 3877 945 3938 utres
971 3879 1128 3939 veteres:
1155 3867 1306 3961 alioquin
1331 3877 1532 3961 rumpuntur
1557 3876 1667 3950 utres,
1701 3877 1736 3938 ct
1760 3867 1814 3939 vi-

339 3979 418 4058 num
446 3987 629 4058 effunditur
655 3997 690 4059 et
715 3997 810 4060 utres
836 3997 997 4080 pereunt;
1024 3987 1089 4059 sed
1115 3986 1232 4058 unum
1259 4009 1387 4061 novum
1415 3988 1449 4058 in
1475 3997 1569 4058 utres
1597 4007 1710 4058 novos
1735 3987 1814 4060 mit-

338 4118 419 4192 tunt,
448 4118 483 4178 et
509 4109 615 4180 ambo
642 4115 899 4180 conservantur.
943 4099 969 4144 ⁴⁸
982 4096 1057 4154 Μ)
1071 4109 1164 4179 Haec
1190 4108 1247 4180 illo
1274 4098 1435 4203 loquente
1453 4107 1500 4180 ad
1518 4128 1591 4191 eos,
1618 4128 1703 4179 ecoe
1721 4108 1815 4203 prin-
1896 4171 1906 4180 .

338 4251 422 4323 ceps
455 4251 542 4300 unus
574 4229 720 4300 accessit
752 4239 788 4300 et
818 4227 991 4300 adorabat
1025 4251 1104 4302 eum
1137 4227 1255 4300 dicens
1289 4229 1370 4300 Filia
1400 4249 1480 4300 mea
1513 4227 1620 4299 modo
1656 4227 1815 4300 defuncta

338 4359 406 4418 est:
434 4349 498 4420 sed
525 4350 602 4420 veni
635 4349 762 4444 inpone
789 4369 926 4420 manum
959 4369 1065 4442 super
1096 4369 1191 4435 eam,
1228 4359 1263 4421 et
1287 4349 1389 4422 vivet.
1442 4338 1469 4384 ⁴⁹
1480 4347 1523 4420 Et
1549 4369 1694 4440 surgens
1720 4351 1815 4423 lesus

338 4467 550 4563 sequebatur
576 4491 655 4540 eum
682 4479 716 4541 et
738 4467 893 4562 discipuli
911 4467 993 4540 eius.
1045 4461 1073 4506 '⁰
1084 4469 1126 4540 llt
1145 4491 1228 4542 ecce
1246 4471 1367 4542 mulier
1384 4489 1475 4561 quae
1493 4469 1668 4561 sanguinis
1685 4469 1814 4540 lluxum

337 4588 532 4681 patiebatur
564 4587 748 4662 duodecim
785 4587 881 4662 aunis
914 4588 1062 4661 accessit
1092 4600 1187 4662 retro
1219 4601 1254 4662 et
1286 4591 1394 4684 tetigit
1426 4587 1596 4660 fimbriam
1623 4589 1814 4662 vestimenti

164 4721 178 4752 ²
231 4807 236 4818 Ι
338 4709 427 4780 eius:
454 4700 637 4782 ”dicebat
664 4711 754 4782 onim
781 4710 866 4782 intra
895 4729 934 4780 se
961 4707 996 4780 Si
1022 4710 1169 4802 tetigero
1197 4721 1326 4782 tantum
1352 4710 1594 4782 vestimentum
1620 4709 1704 4794 eius,
1720 4709 1814 4780 salva

339 4850 410 4898 ero.
464 4820 549 4901 ”At
574 4831 669 4904 lesus
696 4853 886 4904 conversus
913 4839 948 4901 et
972 4829 1096 4902 videns
1122 4853 1200 4902 eam
1228 4831 1314 4904 dixit
1347 4829 1491 4903 Confide
1524 4829 1606 4914 filia,
1641 4828 1732 4900 fides
1758 4837 1815 4900 tna

338 4959 373 5018 te
399 4949 530 5020 salvam
557 4951 645 5023 lecit.
696 4953 739 5024 Et
764 4953 861 5026 salva
887 4953 976 5024 lacta
1004 4961 1058 5022 est
1083 4951 1204 5022 mulier
1230 4973 1277 5023 ex
1302 4951 1357 5024 illa
1385 4951 1482 5023 hora.
1534 4941 1562 4988 ’³
1577 4949 1620 5019 llt
1645 4971 1724 5020 cum
1750 4969 1814 5020 ve-

337 5069 445 5139 nisset
476 5069 571 5146 lesus
604 5071 637 5141 in
672 5072 814 5145 domurn
848 5071 1009 5166 principis
1042 5082 1078 5142 et
1102 5070 1246 5144 vidisset
1278 5072 1433 5144 tibicines
1460 5082 1496 5142 et
1527 5071 1663 5142 turbam
1690 5069 1815 5141 tumul-

339 5199 508 5274 tuantem,
536 5189 676 5264 dicebat
720 5183 746 5232 ²⁴
762 5193 944 5264 Recedite:
977 5213 1045 5264 non
1080 5203 1133 5264 est
1160 5193 1250 5264 enim
1283 5201 1419 5266 mortua
1445 5189 1560 5286 puella
1586 5189 1651 5262 sed
1678 5189 1814 5262 dormit.

915 5311 1013 5396 1x,r
1073 5353 1124 5366 -
1176 5311 1236 5389 2l.
