4254 6130
370 315 443 388 tto
797 319 1036 382 svammuuv
1063 293 1415 384 sncuvouu'uuean
1673 369 1682 392 .

368 524 437 596 boc
463 524 611 596 bomine.
663 511 788 570 ⁵l³⁰⁴·¹⁰·¹
807 521 853 594 At
884 523 928 594 illi
954 523 1213 631 invalescebant
1249 524 1405 626 dicentes
1445 523 1648 598 Commovot
1680 524 1845 617 poprdnm

369 643 501 718 docens
526 665 592 737 per
619 643 814 716 nniversam
839 643 1002 718 Iudaeam
1030 654 1066 718 et
1091 644 1257 738 incipiens
1283 667 1304 718 a
1333 644 1484 718 Galilaea
1511 663 1622 736 nsque
1648 644 1725 714 bue.
1758 635 1844 714 ⁶Pi-

304 778 308 786 ’
368 764 455 836 latua
482 772 596 834 autom
622 763 768 836 audiens
794 749 979 836 Galilaearn
1006 763 1228 858 interrogavit
1254 765 1283 838 si
1309 766 1415 838 bomo
1444 765 1614 838 Galilaeae
1641 773 1746 848 esset,
1784 757 1846 835 ⁷ct

368 894 405 954 ut
431 884 595 976 cognovit
626 883 722 974 quod
747 883 794 955 de
821 883 969 956 bandis
1000 894 1174 978 potestate
1205 893 1315 970 esset,
1350 886 1482 958 remisit
1516 879 1618 958 'eum
1653 884 1700 958 ad
1732 885 1844 958 Hero-

369 1003 458 1086 dom
487 1004 544 1094 qui
571 1003 708 1096 etipse
733 1004 982 1098 Hierosolymis
1009 1015 1086 1078 erat
1111 1004 1174 1076 illis
1207 1003 1341 1078 diebus.
1393 997 1583 1078 ⁸Herodes
1618 1016 1734 1078 autem
1765 1005 1843 1078 viso

368 1123 444 1194 lesu
471 1122 611 1215 gavisus
637 1133 691 1194 est
716 1124 831 1196 valde:
860 1134 935 1198 erat
959 1122 1049 1196 eninr
1076 1124 1218 1217 cupiens
1244 1145 1291 1196 ex
1316 1126 1424 1198 multo
1442 1135 1599 1220 tempore
1619 1125 1737 1200 videre
1755 1147 1844 1210 eum,

369 1264 413 1314 eo
448 1243 541 1335 qnod
577 1242 712 1314 audiret
744 1245 850 1316 mulla
884 1244 929 1315 da
962 1243 1034 1328 illo,
1070 1253 1105 1314 et
1131 1245 1297 1336 sperabat
1323 1245 1458 1338 signam
1485 1246 1625 1339 aliquod
1650 1245 1774 1320 videre
1799 1246 1844 1318 ab

369 1384 413 1432 eo
440 1362 521 1437 fieri.
572 1354 839 1456 ⁹lnlerrogabat
866 1373 981 1436 autem
1006 1363 1099 1434 illum
1126 1364 1239 1436 multis
1267 1366 1505 1438 sermonibus:
1532 1365 1667 1459 etipse
1693 1366 1773 1438 nihil
1799 1366 1844 1438 illi

368 1481 613 1576 respondebat
667 1475 693 1522 ¹⁰
707 1475 793 1533 (ml
813 1486 957 1558 Stabant
983 1483 1084 1558 etiam
1110 1483 1285 1578 principes
1312 1485 1532 1558 sacerdotum
1551 1495 1586 1556 et
1603 1487 1740 1560 scribae
1758 1507 1843 1558 eon-

369 1612 499 1678 stanter
525 1614 727 1678 accusantes
754 1626 842 1678 enm.
895 1595 917 1640 ⁴¹
933 1595 1034 1650 ‘ml
1053 1579 1190 1696 Sprevit
1215 1615 1330 1678 autem
1362 1605 1454 1680 illum
1480 1605 1639 1678 Herodes
1673 1629 1752 1678 cnm
1778 1627 1844 1678 ex-

370 1723 478 1800 ercitu
504 1746 578 1808 suo,
606 1735 641 1796 et
666 1725 780 1798 inlusit
809 1725 965 1799 indutum
996 1733 1096 1796 veste
1132 1725 1226 1810 alba,
1261 1735 1296 1800 el
1328 1725 1460 1800 remisit
1485 1726 1532 1800 ad
1557 1727 1711 1800 Pilatum.
1763 1718 1788 1766 ⁴²
1805 1727 1847 1798 St

368 1844 446 1916 lacti
473 1854 552 1914 sunt
576 1845 677 1916 amici
702 1844 860 1919 Herodes
887 1852 922 1916 el
947 1843 1073 1916 Pilatus
1098 1844 1134 1918 in
1159 1846 1237 1938 ipsa
1262 1845 1337 1918 die:
1363 1867 1444 1918 nam
1470 1857 1573 1918 antea
1598 1847 1723 1920 inimici
1750 1857 1849 1920 erant

369 1963 415 2036 ad
440 1964 596 2054 ipvicem.
648 1955 776 2012 ”ml
795 1964 921 2038 Pilatus
947 1973 1063 2036 autem
1091 1966 1291 2038 convocatis
1318 1964 1528 2059 principibus
1564 1967 1786 2040 sacerdotum
1812 1977 1848 2037 et

369 2084 626 2177 magistratibus
663 2093 700 2156 et
731 2085 835 2177 plebe
883 2077 909 2124 ⁴⁴
926 2083 1012 2160 dna
1045 2084 1091 2156 nd
1124 2085 1199 2158 illos
1225 2085 1404 2180 optulistis
1438 2085 1521 2158 mibi
1556 2086 1647 2160 bunc
1672 2087 1847 2160 bominem

370 2205 468 2296 qnasi
495 2214 708 2278 avertentem
734 2205 909 2298 populum,
938 2214 973 2276 et
999 2226 1083 2276 eece
1110 2226 1178 2297 ego
1205 2227 1324 2279 eoram
1350 2205 1452 2276 vobis
1478 2207 1696 2300 interrogans
1722 2208 1848 2280 nullam

370 2346 512 2398 causam
529 2325 642 2398 luveni
658 2324 694 2396 in
711 2325 849 2396 bomine
875 2325 942 2398 isto
958 2347 1007 2398 ex
1034 2325 1087 2396 bis
1113 2325 1148 2396 in
1166 2325 1387 2417 quibuscum
1406 2328 1587 2400 accusatis.
1626 2319 1653 2364 ⁴⁵
1665 2319 1766 2374 Μ)
1778 2327 1851 2400 Sed

370 2467 484 2538 neque
510 2445 686 2518 Herodes:
712 2467 793 2520 nam
821 2445 936 2518 remisi
969 2468 1035 2518 vna
1061 2445 1107 2518 ad
1132 2445 1239 2530 ibam,
1275 2457 1312 2518 et
1344 2465 1429 2518 ecce
1462 2447 1542 2518 nibil
1569 2447 1711 2540 dignum
1737 2458 1851 2520 morte

371 2576 485 2639 actum
513 2575 568 2638 est
593 2566 634 2638 ei
688 2555 812 2612 ⁴⁶<³⁰⁹·²·¹
830 2566 1058 2640 Emendatum
1090 2588 1176 2659 ergo
1208 2566 1301 2638 illum
1333 2565 1510 2640 obmittam
1561 2559 1587 2602 ¹⁷
1603 2568 1760 2640 Necesse
1785 2589 1849 2640 aa·

371 2695 441 2760 tem
464 2686 620 2758 babebat
652 2684 824 2758 dimittere
856 2686 907 2758 eia
937 2709 1002 2781 per
1032 2687 1128 2762 diem
1162 2687 1287 2758 tesam
1320 2708 1434 2758 unam
1491 2679 1516 2724 ⁴⁸
1529 2677 1619 2735 (ΜΗ)
1636 2687 1852 2760 Exclamavit

371 2816 486 2878 aulem
514 2807 612 2904 simul
639 2805 801 2878 vmiversa
826 2808 926 2880 turba
953 2809 1072 2882 dicem
1100 2808 1194 2880 Tolle
1221 2807 1327 2890 bunc,
1365 2816 1401 2878 et
1425 2806 1558 2880 dimitte
1590 2807 1691 2880 nobis
1715 2807 1850 2880 Barab-

371 2927 454 3000 ban:
499 2918 525 2964 ⁴⁹
542 2925 600 3020 qui
630 2937 705 2997 erat
735 2936 878 3020 propter
910 2927 1113 3002 seditionem
1140 2927 1317 3020 quondam
1349 2927 1473 3000 laetam
1499 2927 1533 2998 in
1559 2927 1696 3002 civitate
1722 2937 1757 2998 et
1783 2929 1849 3000 bo-

372 3047 545 3122 micidium
572 3047 700 3120 missus
720 3047 758 3118 in
791 3069 978 3122 carcerem.
1030 3039 1156 3096 mim)
1170 3049 1295 3120 lterum
1328 3055 1443 3120 autem
1478 3047 1605 3123 Pilatus
1637 3049 1770 3120 locutus
1797 3056 1852 3120 est

373 3167 420 3242 aa
445 3169 522 3240 illos
556 3168 677 3240 volens
707 3167 881 3240 dimittere
906 3169 1028 3242 lesam.
1082 3159 1106 3204 ²¹
1126 3167 1171 3240 At
1196 3167 1240 3238 illi
1266 3161 1536 3240 sucdamabant'
1549 3167 1703 3242 dicentes
1730 3168 1848 3238 Cruci-

372 3288 450 3380 fige,
478 3285 640 3380 crucifige
666 3288 768 3362 illum.
818 3279 945 3336 ΨΜ
962 3289 1021 3360 llla
1052 3299 1166 3362 antem
1202 3287 1303 3360 tellio
1338 3285 1424 3360 dixit
1457 3286 1504 3360 ad
1539 3287 1613 3360 illos
1639 3287 1732 3373 Quid
1758 3289 1851 3360 enim

373 3399 453 3482 mali
478 3409 557 3480 lecit
582 3409 671 3480 ista‘l
698 3409 823 3481 nubam
849 3429 992 3482 oausam
1018 3409 1137 3482 mortis
1163 3408 1276 3483 inveni
1302 3407 1334 3477 in
1359 3429 1420 3478 eo:
1447 3407 1630 3500 corripiam
1656 3429 1740 3500 ergo
1758 3409 1851 3480 ibum

242 3583 247 3602 ,
374 3541 409 3602 et
435 3530 611 3602 dimittam.
644 3519 771 3574 mm)
788 3527 833 3600 At
857 3527 902 3600 illi
928 3529 1101 3602 instabant
1124 3528 1270 3600 vocibus
1298 3527 1431 3620 magnis
1454 3528 1667 3621 postulantes
1685 3539 1722 3600 ut
1740 3528 1851 3602 cnaei*

374 3649 553 3740 ligaretur,
589 3659 625 3722 et
654 3649 912 3722 invalescebant
946 3671 1055 3724 voces
1086 3671 1225 3732 eornm,
1269 3637 1295 3686 ²⁴
1309 3635 1396 3694 (Μ)
1414 3657 1450 3720 et
1483 3647 1608 3720 Pilatus
1642 3647 1850 3722 adiudieavit

374 3769 448 3842 beri
483 3769 681 3860 petitionem
715 3789 851 3842 eorum:
895 3760 922 3807 ²⁵
938 3769 1065 3842 dimisit
1099 3779 1214 3842 autem
1246 3769 1309 3842 illis
1343 3789 1422 3842 enm
1454 3768 1511 3860 qni
1536 3777 1679 3862 propter
1705 3769 1849 3840 homici-

375 3889 468 3962 dium
499 3899 534 3960 et
568 3890 773 3964 seditionem
807 3889 933 3962 missus
967 3891 1078 3964 iuerat
1111 3889 1146 3964 in
1179 3909 1371 3974 carcerem,
1406 3909 1509 3981 quem
1536 3891 1708 3983 petebant,
1735 3891 1848 3962 lesum

374 4030 459 4081 vero
488 4007 626 4080 tradidit
651 3997 815 4080 voluntati
841 4029 971 4080 eornm.
1022 4000 1211 4082 2⁸1³'‘'l'lllt
1237 4031 1316 4082 cum
1342 4009 1510 4080 ducerent
1535 4031 1624 4094 eum,
1650 4011 1850 4104 apprehen-

374 4129 498 4200 derunt
524 4129 699 4202 Simonem
726 4128 899 4222 quendam
927 4130 1160 4224 Cyrenensem
1185 4129 1380 4200 venientem
1412 4128 1577 4214 devilia,
1612 4139 1647 4200 et
1672 4131 1849 4224 imposue-

306 4269 312 4281 ·
375 4260 452 4322 runt
482 4249 526 4320 illi
559 4271 697 4320 crucem
731 4259 875 4342 portare
911 4260 993 4342 post
1025 4249 1148 4324 losum.
1200 4240 1341 4294 ”smmi
1360 4247 1576 4342 Sequebatur
1608 4259 1722 4322 autem
1757 4251 1848 4322 illum

373 4371 478 4442 multa
504 4369 604 4440 turba
631 4371 748 4462 populi
775 4379 809 4440 et
835 4370 1023 4453 mulierum,
1051 4390 1141 4462 quae
1167 4369 1376 4462 plangebant
1401 4379 1437 4440 et
1462 4370 1733 4442 lamentabantur
1760 4393 1848 4442 cum.

346 4482 406 4592 fl.
418 4491 614 4566 Conversus
650 4501 764 4562 antem
796 4489 841 4562 ad
879 4489 953 4562 illas
986 4489 1081 4564 lesus
1114 4489 1201 4562 dixit
1231 4488 1334 4562 Filiae
1368 4489 1595 4570 Hierusalem,
1631 4492 1734 4562 nolite
1767 4491 1850 4563 llere

376 4631 573 4704 superma,
601 4611 666 4684 aad
692 4625 798 4705 snper
824 4633 889 4682 vos
915 4611 1009 4704 ipsas
1036 4610 1115 4682 llete
1141 4619 1175 4680 et
1200 4629 1305 4702 super
1329 4609 1420 4682 'ilios
1446 4621 1600 4686 vestros:
1644 4601 1671 4648 ²⁹
1688 4613 1852 4704 quoniam

375 4749 458 4804 cccc
483 4731 623 4804 venient
649 4731 725 4806 dies
752 4733 785 4804 in
819 4731 945 4824 andrus
978 4729 1092 4802 dicent
1124 4730 1254 4802 Beatae
1289 4730 1439 4816 steriles,
1472 4741 1507 4802 et
1532 4740 1672 4802 ventres
1697 4733 1758 4826 qai
1782 4754 1852 4806 non

375 4861 577 4942 genuerunt,
605 4862 639 4923 et
664 4853 774 4926 ubera
799 4873 891 4945 quae
917 4873 986 4922 non
1009 4851 1230 4922 lactaverunt.
1265 4841 1291 4886 ³⁰
1304 4851 1398 4927 Tunc
1423 4851 1583 4944 incipient
1606 4849 1724 4924 dicere
1749 4874 1851 4924 mon-

376 4971 466 5044 tibus
493 4971 622 5044 Cadeto
648 4995 752 5067 snper
778 4992 853 5056 nos,
882 4981 917 5042 et
942 4969 1086 5042 cutibus
1112 4970 1253 5064 Operita
1270 4993 1352 5044 nna:
1396 4963 1419 5010 ³¹
1440 4971 1519 5065 qvaia
1545 4971 1574 5044 si
1592 4971 1626 5044 in
1643 4971 1741 5044 viridi
1759 4972 1850 5064 ligno

376 5091 466 5166 baec
491 5093 632 5178 laniunt,
668 5093 701 5164 in
719 5092 826 5164 arido
853 5091 935 5184 quid
969 5091 1055 5162 liet‘l
1098 5082 1224 5138 ³²l³¹⁷·'·³
1243 5091 1462 5164 Ducebantur
1496 5102 1612 5166 antem
1637 5091 1755 5164 etalii
1781 5091 1852 5166 duo

950 5213 1059 5296 XXlll,
1089 5215 1110 5284 5
1141 5251 1186 5266 -
1216 5213 1274 5284 32.
