<?xml version="1.0" encoding="UTF-8"?>
<!DOCTYPE html PUBLIC "-//W3C//DTD XHTML 1.0 Transitional//EN"
    "http://www.w3.org/TR/xhtml1/DTD/xhtml1-transitional.dtd">
<html xmlns="http://www.w3.org/1999/xhtml" xml:lang="en" lang="en">
 <head>
  <title>
</title>
<meta http-equiv="Content-Type" content="text/html;charset=utf-8" />
  <meta name='ocr-system' content='tesseract 3.04.00' />
  <meta name='ocr-capabilities' content='ocr_page ocr_carea ocr_par ocr_line ocrx_word'/>
</head>
<body>
  <div class='ocr_page' id='page_1' title='image "./novumtestamentu02tiscgoog_0140.png"; bbox 0 0 4242 6118; ppageno 0'>
   <div class='ocr_carea' id='block_1_1' title="bbox 695 456 1796 526">
    <p class='ocr_par' dir='ltr' id='par_1_1' title="bbox 695 456 1796 526">
     <span class='ocr_line' id='line_1_1' title="bbox 695 456 1796 526; baseline 0.003 -5"><span class='ocrx_word' id='word_1_1' title='bbox 695 456 938 522; x_wconf 76' lang='lat' dir='ltr'>EVANGELlUld</span> <span class='ocrx_word' id='word_1_2' title='bbox 966 461 1170 524; x_wconf 80' lang='lat' dir='ltr'><strong>SECUNDUM</strong></span> <span class='ocrx_word' id='word_1_3' title='bbox 1196 459 1352 524; x_wconf 75' lang='lat' dir='ltr'>MARCUM</span> <span class='ocrx_word' id='word_1_4' title='bbox 1715 457 1763 526; x_wconf 84' lang='grc'>89</span> <span class='ocrx_word' id='word_1_5' title='bbox 1785 491 1796 514; x_wconf 73' lang='grc' dir='ltr'><em>ι</em></span> 
     </span>
    </p>
   </div>
   <div class='ocr_carea' id='block_1_2' title="bbox 266 655 1836 1485">
    <p class='ocr_par' dir='ltr' id='par_1_2' title="bbox 266 655 1836 1485">
     <span class='ocr_line' id='line_1_2' title="bbox 267 655 1836 765; baseline -0.005 -22"><span class='ocrx_word' id='word_1_6' title='bbox 267 691 415 765; x_wconf 79' lang='lat' dir='ltr'>reguum</span> <span class='ocrx_word' id='word_1_7' title='bbox 444 665 523 750; x_wconf 91' lang='lat' dir='ltr'>dei,</span> <span class='ocrx_word' id='word_1_8' title='bbox 551 677 586 737; x_wconf 92' lang='lat' dir='ltr'>et</span> <span class='ocrx_word' id='word_1_9' title='bbox 613 665 780 738; x_wconf 79' lang='lat' dir='ltr'>audacter</span> <span class='ocrx_word' id='word_1_10' title='bbox 806 661 934 735; x_wconf 91' lang='lat' dir='ltr'>introiit</span> <span class='ocrx_word' id='word_1_11' title='bbox 960 665 1006 736; x_wconf 89' lang='lat' dir='ltr'>ad</span> <span class='ocrx_word' id='word_1_12' title='bbox 1032 665 1177 736; x_wconf 85' lang='lat' dir='ltr'><strong>Pilatum</strong></span> <span class='ocrx_word' id='word_1_13' title='bbox 1204 673 1240 734; x_wconf 89' lang='lat' dir='ltr'>et</span> <span class='ocrx_word' id='word_1_14' title='bbox 1265 665 1349 758; x_wconf 89' lang='lat' dir='ltr'>petit</span> <span class='ocrx_word' id='word_1_15' title='bbox 1375 688 1501 762; x_wconf 92' lang='lat' dir='ltr'>corpus</span> <span class='ocrx_word' id='word_1_16' title='bbox 1527 669 1614 741; x_wconf 91' lang='lat' dir='ltr'>lesu.</span> <span class='ocrx_word' id='word_1_17' title='bbox 1665 655 1692 704; x_wconf 69' lang='lat'>⁴⁸</span> <span class='ocrx_word' id='word_1_18' title='bbox 1709 665 1765 736; x_wconf 89' lang='lat' dir='ltr'>Pi·</span> <span class='ocrx_word' id='word_1_19' title='bbox 1832 753 1836 758; x_wconf 21' lang='grc' dir='ltr'>Ι</span> 
     </span>
     <span class='ocr_line' id='line_1_3' title="bbox 267 783 1765 879; baseline -0.005 -15"><span class='ocrx_word' id='word_1_20' title='bbox 267 795 355 866; x_wconf 86' lang='lat' dir='ltr'>latus</span> <span class='ocrx_word' id='word_1_21' title='bbox 383 797 505 860; x_wconf 91' lang='lat' dir='ltr'>autern</span> <span class='ocrx_word' id='word_1_22' title='bbox 532 788 720 860; x_wconf 89' lang='lat' dir='ltr'>mirabatur</span> <span class='ocrx_word' id='word_1_23' title='bbox 747 783 776 854; x_wconf 90' lang='lat' dir='ltr'>si</span> <span class='ocrx_word' id='word_1_24' title='bbox 809 783 880 854; x_wconf 85' lang='lat' dir='ltr'>iam</span> <span class='ocrx_word' id='word_1_25' title='bbox 908 783 1048 870; x_wconf 91' lang='lat' dir='ltr'>obisset,</span> <span class='ocrx_word' id='word_1_26' title='bbox 1077 795 1112 855; x_wconf 92' lang='lat' dir='ltr'>et</span> <span class='ocrx_word' id='word_1_27' title='bbox 1139 783 1308 857; x_wconf 90' lang='lat' dir='ltr'>accersito</span> <span class='ocrx_word' id='word_1_28' title='bbox 1342 790 1541 862; x_wconf 74' lang='lat' dir='ltr'>centurione</span> <span class='ocrx_word' id='word_1_29' title='bbox 1570 790 1765 879; x_wconf 79' lang='lat' dir='ltr'>iuterroga-</span> 
     </span>
     <span class='ocr_line' id='line_1_4' title="bbox 266 895 1765 997; baseline -0.005 -13"><span class='ocrx_word' id='word_1_30' title='bbox 266 915 315 984; x_wconf 93' lang='lat' dir='ltr'>vit</span> <span class='ocrx_word' id='word_1_31' title='bbox 340 933 421 983; x_wconf 90' lang='lat' dir='ltr'>eum</span> <span class='ocrx_word' id='word_1_32' title='bbox 450 909 481 980; x_wconf 89' lang='lat' dir='ltr'>si</span> <span class='ocrx_word' id='word_1_33' title='bbox 509 909 580 979; x_wconf 88' lang='lat' dir='ltr'>iam</span> <span class='ocrx_word' id='word_1_34' title='bbox 608 915 765 980; x_wconf 91' lang='lat' dir='ltr'>mortuus</span> <span class='ocrx_word' id='word_1_35' title='bbox 793 913 899 974; x_wconf 90' lang='lat' dir='ltr'>esset.</span> <span class='ocrx_word' id='word_1_36' title='bbox 950 895 1032 975; x_wconf 68' lang='lat' dir='ltr'>“Et</span> <span class='ocrx_word' id='word_1_37' title='bbox 1058 927 1138 976; x_wconf 91' lang='lat' dir='ltr'>curn</span> <span class='ocrx_word' id='word_1_38' title='bbox 1165 907 1389 997; x_wconf 78' lang='lat' dir='ltr'>cognovisset</span> <span class='ocrx_word' id='word_1_39' title='bbox 1415 931 1436 980; x_wconf 94' lang='lat' dir='ltr'>a</span> <span class='ocrx_word' id='word_1_40' title='bbox 1461 909 1670 992; x_wconf 85' lang='lat' dir='ltr'>centurione,</span> <span class='ocrx_word' id='word_1_41' title='bbox 1698 905 1765 978; x_wconf 93' lang='lat' dir='ltr'>do-</span> 
     </span>
     <span class='ocr_line' id='line_1_5' title="bbox 266 1011 1816 1124; baseline -0.005 -19"><span class='ocrx_word' id='word_1_42' title='bbox 266 1033 360 1106; x_wconf 91' lang='lat' dir='ltr'>navit</span> <span class='ocrx_word' id='word_1_43' title='bbox 385 1051 519 1124; x_wconf 93' lang='lat' dir='ltr'>corpus</span> <span class='ocrx_word' id='word_1_44' title='bbox 547 1027 685 1122; x_wconf 89' lang='lat' dir='ltr'>loseph.</span> <span class='ocrx_word' id='word_1_45' title='bbox 736 1011 1155 1118; x_wconf 68' lang='lat' dir='ltr'>“⁰⁸¹·‘10sephautem</span> <span class='ocrx_word' id='word_1_46' title='bbox 1182 1036 1355 1099; x_wconf 88' lang='lat' dir='ltr'>mercatus</span> <span class='ocrx_word' id='word_1_47' title='bbox 1382 1029 1563 1102; x_wconf 88' lang='lat' dir='ltr'>sindonem</span> <span class='ocrx_word' id='word_1_48' title='bbox 1590 1039 1625 1100; x_wconf 90' lang='lat' dir='ltr'>et</span> <span class='ocrx_word' id='word_1_49' title='bbox 1651 1027 1759 1120; x_wconf 90' lang='lat' dir='ltr'>depo·</span> <span class='ocrx_word' id='word_1_50' title='bbox 1813 1045 1816 1050; x_wconf 74' lang='grc'>’</span> 
     </span>
     <span class='ocr_line' id='line_1_6' title="bbox 267 1143 1768 1243; baseline -0.005 -17"><span class='ocrx_word' id='word_1_51' title='bbox 267 1176 353 1226; x_wconf 89' lang='lat' dir='ltr'>neus</span> <span class='ocrx_word' id='word_1_52' title='bbox 387 1173 467 1222; x_wconf 91' lang='lat' dir='ltr'>eum</span> <span class='ocrx_word' id='word_1_53' title='bbox 503 1147 654 1220; x_wconf 90' lang='lat' dir='ltr'>involvit</span> <span class='ocrx_word' id='word_1_54' title='bbox 686 1143 849 1230; x_wconf 75' lang='lat' dir='ltr'>sindone,</span> <span class='ocrx_word' id='word_1_55' title='bbox 889 1155 925 1216; x_wconf 91' lang='lat' dir='ltr'>et</span> <span class='ocrx_word' id='word_1_56' title='bbox 961 1145 1078 1238; x_wconf 90' lang='lat' dir='ltr'>posuit</span> <span class='ocrx_word' id='word_1_57' title='bbox 1109 1165 1190 1216; x_wconf 90' lang='lat' dir='ltr'>eum</span> <span class='ocrx_word' id='word_1_58' title='bbox 1227 1145 1261 1216; x_wconf 93' lang='lat' dir='ltr'>in</span> <span class='ocrx_word' id='word_1_59' title='bbox 1292 1159 1515 1221; x_wconf 91' lang='lat' dir='ltr'>monumento</span> <span class='ocrx_word' id='word_1_60' title='bbox 1556 1148 1652 1243; x_wconf 86' lang='lat' dir='ltr'>quod</span> <span class='ocrx_word' id='word_1_61' title='bbox 1693 1157 1768 1218; x_wconf 83' lang='lat' dir='ltr'>eret</span> 
     </span>
     <span class='ocr_line' id='line_1_7' title="bbox 269 1257 1766 1364; baseline -0.005 -16"><span class='ocrx_word' id='word_1_62' title='bbox 269 1275 424 1347; x_wconf 88' lang='lat' dir='ltr'>excisum</span> <span class='ocrx_word' id='word_1_63' title='bbox 452 1269 497 1342; x_wconf 90' lang='lat' dir='ltr'>de</span> <span class='ocrx_word' id='word_1_64' title='bbox 526 1277 645 1364; x_wconf 90' lang='lat' dir='ltr'>petra,</span> <span class='ocrx_word' id='word_1_65' title='bbox 674 1277 708 1339; x_wconf 89' lang='lat' dir='ltr'>et</span> <span class='ocrx_word' id='word_1_66' title='bbox 735 1264 891 1339; x_wconf 83' lang='lat' dir='ltr'>advolvit</span> <span class='ocrx_word' id='word_1_67' title='bbox 916 1265 1067 1360; x_wconf 79' lang='lat' dir='ltr'>lapidem</span> <span class='ocrx_word' id='word_1_68' title='bbox 1095 1265 1141 1338; x_wconf 89' lang='lat' dir='ltr'>ad</span> <span class='ocrx_word' id='word_1_69' title='bbox 1159 1265 1284 1337; x_wconf 91' lang='lat' dir='ltr'>ostium</span> <span class='ocrx_word' id='word_1_70' title='bbox 1306 1269 1527 1340; x_wconf 91' lang='lat' dir='ltr'>monumenti.</span> <span class='ocrx_word' id='word_1_71' title='bbox 1554 1257 1766 1340; x_wconf 58' lang='lat' dir='ltr'>‘&#39;mlida-</span> 
     </span>
     <span class='ocr_line' id='line_1_8' title="bbox 269 1385 1594 1485; baseline -0.008 -16"><span class='ocrx_word' id='word_1_72' title='bbox 269 1399 318 1468; x_wconf 90' lang='lat' dir='ltr'>ria</span> <span class='ocrx_word' id='word_1_73' title='bbox 345 1405 457 1468; x_wconf 90' lang='lat' dir='ltr'>autem</span> <span class='ocrx_word' id='word_1_74' title='bbox 482 1389 700 1484; x_wconf 80' lang='lat' dir='ltr'>Magdaleue</span> <span class='ocrx_word' id='word_1_75' title='bbox 728 1397 763 1458; x_wconf 90' lang='lat' dir='ltr'>et</span> <span class='ocrx_word' id='word_1_76' title='bbox 787 1385 895 1458; x_wconf 85' lang='lat' dir='ltr'>illaria</span> <span class='ocrx_word' id='word_1_77' title='bbox 921 1386 1045 1482; x_wconf 87' lang='lat' dir='ltr'>loseph</span> <span class='ocrx_word' id='word_1_78' title='bbox 1074 1385 1288 1480; x_wconf 85' lang='lat' dir='ltr'>aspiciebant</span> <span class='ocrx_word' id='word_1_79' title='bbox 1312 1390 1370 1461; x_wconf 93' lang='lat' dir='ltr'>ubi</span> <span class='ocrx_word' id='word_1_80' title='bbox 1396 1399 1594 1485; x_wconf 90' lang='lat' dir='ltr'>poneretur.</span> 
     </span>
    </p>
   </div>
   <div class='ocr_carea' id='block_1_3' title="bbox 982 1593 1065 1664">
    <p class='ocr_par' dir='ltr' id='par_1_3' title="bbox 982 1593 1065 1664">
     <span class='ocr_line' id='line_1_9' title="bbox 982 1593 1065 1664; baseline -0.012 0"><span class='ocrx_word' id='word_1_81' title='bbox 982 1593 1065 1664; x_wconf 77' lang='lat' dir='ltr'>xvi.</span> 
     </span>
    </p>
   </div>
   <div class='ocr_carea' id='block_1_4' title="bbox 147 1745 1820 5098">
    <p class='ocr_par' dir='ltr' id='par_1_4' title="bbox 147 1745 1820 5098">
     <span class='ocr_line' id='line_1_10' title="bbox 335 1745 1766 1842; baseline 0 -18"><span class='ocrx_word' id='word_1_82' title='bbox 335 1751 361 1795; x_wconf 47' lang='lat'>&#39;⁴</span> <span class='ocrx_word' id='word_1_83' title='bbox 376 1747 469 1802; x_wconf 61' lang='lat' dir='ltr'>‘ml</span> <span class='ocrx_word' id='word_1_84' title='bbox 485 1753 530 1824; x_wconf 84' lang='lat' dir='ltr'>Et</span> <span class='ocrx_word' id='word_1_85' title='bbox 558 1771 640 1820; x_wconf 89' lang='lat' dir='ltr'>oum</span> <span class='ocrx_word' id='word_1_86' title='bbox 666 1749 845 1820; x_wconf 87' lang='lat' dir='ltr'>transisset</span> <span class='ocrx_word' id='word_1_87' title='bbox 871 1745 1065 1828; x_wconf 87' lang='lat' dir='ltr'>sabbatum,</span> <span class='ocrx_word' id='word_1_88' title='bbox 1092 1747 1199 1817; x_wconf 88' lang='lat' dir='ltr'>lllaria</span> <span class='ocrx_word' id='word_1_89' title='bbox 1225 1749 1431 1842; x_wconf 79' lang='lat' dir='ltr'>Magdaleue</span> <span class='ocrx_word' id='word_1_90' title='bbox 1458 1759 1494 1820; x_wconf 92' lang='lat' dir='ltr'>et</span> <span class='ocrx_word' id='word_1_91' title='bbox 1518 1749 1625 1821; x_wconf 89' lang='lat' dir='ltr'>lllaria</span> <span class='ocrx_word' id='word_1_92' title='bbox 1651 1751 1766 1824; x_wconf 91' lang='lat' dir='ltr'>lacobi</span> 
     </span>
     <span class='ocr_line' id='line_1_11' title="bbox 276 1847 1765 1961; baseline -0.005 -11"><span class='ocrx_word' id='word_1_93' title='bbox 276 1889 311 1950; x_wconf 90' lang='lat' dir='ltr'>et</span> <span class='ocrx_word' id='word_1_94' title='bbox 337 1877 499 1949; x_wconf 91' lang='lat' dir='ltr'>Salomae</span> <span class='ocrx_word' id='word_1_95' title='bbox 527 1879 689 1942; x_wconf 90' lang='lat' dir='ltr'>emerunt</span> <span class='ocrx_word' id='word_1_96' title='bbox 715 1877 880 1952; x_wconf 90' lang='lat' dir='ltr'>aromata,</span> <span class='ocrx_word' id='word_1_97' title='bbox 907 1875 945 1937; x_wconf 93' lang='lat' dir='ltr'>ut</span> <span class='ocrx_word' id='word_1_98' title='bbox 961 1867 1140 1938; x_wconf 89' lang='lat' dir='ltr'>venientes</span> <span class='ocrx_word' id='word_1_99' title='bbox 1159 1881 1327 1961; x_wconf 84' lang='lat' dir='ltr'>ungerent</span> <span class='ocrx_word' id='word_1_100' title='bbox 1344 1847 1435 1941; x_wconf 86' lang='lat' dir='ltr'>eum.</span> <span class='ocrx_word' id='word_1_101' title='bbox 1462 1861 1584 1917; x_wconf 60' lang='grc' dir='ltr'>’Μ</span> <span class='ocrx_word' id='word_1_102' title='bbox 1604 1869 1646 1940; x_wconf 85' lang='lat' dir='ltr'>Et</span> <span class='ocrx_word' id='word_1_103' title='bbox 1662 1873 1765 1944; x_wconf 86' lang='lat' dir='ltr'>valde</span> 
     </span>
     <span class='ocr_line' id='line_1_12' title="bbox 147 1985 1764 2077; baseline -0.004 -5"><span class='ocrx_word' id='word_1_104' title='bbox 147 2029 152 2038; x_wconf 94' lang='lat'>·</span> <span class='ocrx_word' id='word_1_105' title='bbox 279 2021 379 2071; x_wconf 88' lang='lat' dir='ltr'>mane</span> <span class='ocrx_word' id='word_1_106' title='bbox 406 2017 475 2068; x_wconf 90' lang='lat' dir='ltr'>una</span> <span class='ocrx_word' id='word_1_107' title='bbox 502 1989 731 2063; x_wconf 88' lang='lat' dir='ltr'>sabbatorum</span> <span class='ocrx_word' id='word_1_108' title='bbox 756 1989 898 2060; x_wconf 90' lang='lat' dir='ltr'>veniunt</span> <span class='ocrx_word' id='word_1_109' title='bbox 924 1987 969 2058; x_wconf 91' lang='lat' dir='ltr'>ad</span> <span class='ocrx_word' id='word_1_110' title='bbox 995 1998 1265 2077; x_wconf 91' lang='lat' dir='ltr'>monumentum,</span> <span class='ocrx_word' id='word_1_111' title='bbox 1294 2001 1370 2062; x_wconf 89' lang='lat' dir='ltr'>orto</span> <span class='ocrx_word' id='word_1_112' title='bbox 1398 1991 1470 2060; x_wconf 92' lang='lat' dir='ltr'>iam</span> <span class='ocrx_word' id='word_1_113' title='bbox 1497 1991 1581 2076; x_wconf 88' lang='lat' dir='ltr'>sole,</span> <span class='ocrx_word' id='word_1_114' title='bbox 1634 1985 1764 2066; x_wconf 81' lang='lat' dir='ltr'>³etdi-</span> 
     </span>
     <span class='ocr_line' id='line_1_13' title="bbox 280 2107 1764 2203; baseline -0.003 -11"><span class='ocrx_word' id='word_1_115' title='bbox 280 2120 406 2191; x_wconf 90' lang='lat' dir='ltr'>cebant</span> <span class='ocrx_word' id='word_1_116' title='bbox 437 2113 483 2187; x_wconf 91' lang='lat' dir='ltr'>ad</span> <span class='ocrx_word' id='word_1_117' title='bbox 517 2111 666 2182; x_wconf 89' lang='lat' dir='ltr'>invicem</span> <span class='ocrx_word' id='word_1_118' title='bbox 701 2109 785 2194; x_wconf 89' lang='lat' dir='ltr'>Quis</span> <span class='ocrx_word' id='word_1_119' title='bbox 824 2109 980 2180; x_wconf 89' lang='lat' dir='ltr'>revolvet</span> <span class='ocrx_word' id='word_1_120' title='bbox 1012 2107 1115 2178; x_wconf 91' lang='lat' dir='ltr'>nobis</span> <span class='ocrx_word' id='word_1_121' title='bbox 1148 2109 1299 2203; x_wconf 89' lang='lat' dir='ltr'>lapidem</span> <span class='ocrx_word' id='word_1_122' title='bbox 1334 2111 1379 2181; x_wconf 90' lang='lat' dir='ltr'>ab</span> <span class='ocrx_word' id='word_1_123' title='bbox 1408 2109 1500 2181; x_wconf 93' lang='lat' dir='ltr'>ostio</span> <span class='ocrx_word' id='word_1_124' title='bbox 1527 2115 1764 2186; x_wconf 70' lang='lat' dir='ltr'>mouumenti‘.l</span> 
     </span>
     <span class='ocr_line' id='line_1_14' title="bbox 277 2225 1762 2328; baseline -0.001 -18"><span class='ocrx_word' id='word_1_125' title='bbox 277 2232 351 2310; x_wconf 75' lang='lat' dir='ltr'>*Et</span> <span class='ocrx_word' id='word_1_126' title='bbox 374 2234 605 2328; x_wconf 87' lang='lat' dir='ltr'>respicientes</span> <span class='ocrx_word' id='word_1_127' title='bbox 631 2229 749 2302; x_wconf 91' lang='lat' dir='ltr'>vident</span> <span class='ocrx_word' id='word_1_128' title='bbox 780 2229 974 2300; x_wconf 91' lang='lat' dir='ltr'>revolutum</span> <span class='ocrx_word' id='word_1_129' title='bbox 1000 2225 1166 2321; x_wconf 86' lang='lat' dir='ltr'>lapidem:</span> <span class='ocrx_word' id='word_1_130' title='bbox 1204 2241 1279 2301; x_wconf 90' lang='lat' dir='ltr'>erat</span> <span class='ocrx_word' id='word_1_131' title='bbox 1313 2231 1444 2323; x_wconf 91' lang='lat' dir='ltr'>quippe</span> <span class='ocrx_word' id='word_1_132' title='bbox 1477 2252 1625 2324; x_wconf 81' lang='lat' dir='ltr'>magnus</span> <span class='ocrx_word' id='word_1_133' title='bbox 1653 2235 1762 2309; x_wconf 89' lang='lat' dir='ltr'>valde.</span> 
     </span>
     <span class='ocr_line' id='line_1_15' title="bbox 274 2343 1761 2443; baseline -0.001 -12"><span class='ocrx_word' id='word_1_134' title='bbox 274 2353 347 2431; x_wconf 65' lang='grc' dir='ltr'>15Ει</span> <span class='ocrx_word' id='word_1_135' title='bbox 373 2359 587 2428; x_wconf 91' lang='lat' dir='ltr'>introeuntes</span> <span class='ocrx_word' id='word_1_136' title='bbox 624 2351 658 2420; x_wconf 93' lang='lat' dir='ltr'>iu</span> <span class='ocrx_word' id='word_1_137' title='bbox 691 2359 912 2421; x_wconf 88' lang='lat' dir='ltr'>monumento</span> <span class='ocrx_word' id='word_1_138' title='bbox 953 2346 1113 2418; x_wconf 90' lang='lat' dir='ltr'>viderunt</span> <span class='ocrx_word' id='word_1_139' title='bbox 1146 2371 1305 2421; x_wconf 76' lang='lat' dir='ltr'>iuvenem</span> <span class='ocrx_word' id='word_1_140' title='bbox 1338 2347 1521 2421; x_wconf 90' lang='lat' dir='ltr'>sedentem</span> <span class='ocrx_word' id='word_1_141' title='bbox 1551 2343 1587 2423; x_wconf 89' lang='lat' dir='ltr'>iu</span> <span class='ocrx_word' id='word_1_142' title='bbox 1619 2353 1761 2443; x_wconf 84' lang='lat' dir='ltr'>dextris,</span> 
     </span>
     <span class='ocr_line' id='line_1_16' title="bbox 277 2460 1761 2574; baseline -0.002 -21"><span class='ocrx_word' id='word_1_143' title='bbox 277 2485 482 2574; x_wconf 90' lang='lat' dir='ltr'>coopertum</span> <span class='ocrx_word' id='word_1_144' title='bbox 512 2471 602 2544; x_wconf 87' lang='lat' dir='ltr'>stola</span> <span class='ocrx_word' id='word_1_145' title='bbox 628 2469 784 2554; x_wconf 88' lang='lat' dir='ltr'>candida,</span> <span class='ocrx_word' id='word_1_146' title='bbox 812 2479 847 2540; x_wconf 91' lang='lat' dir='ltr'>et</span> <span class='ocrx_word' id='word_1_147' title='bbox 873 2469 1131 2562; x_wconf 89' lang='lat' dir='ltr'>obstupuerunt.</span> <span class='ocrx_word' id='word_1_148' title='bbox 1183 2460 1303 2519; x_wconf 58' lang='grc' dir='ltr'>ΗΜ)</span> <span class='ocrx_word' id='word_1_149' title='bbox 1334 2469 1400 2554; x_wconf 89' lang='lat' dir='ltr'>Qui</span> <span class='ocrx_word' id='word_1_150' title='bbox 1437 2469 1520 2541; x_wconf 91' lang='lat' dir='ltr'>dicit</span> <span class='ocrx_word' id='word_1_151' title='bbox 1550 2473 1615 2545; x_wconf 94' lang='lat' dir='ltr'>illis</span> <span class='ocrx_word' id='word_1_152' title='bbox 1648 2475 1761 2550; x_wconf 90' lang='lat' dir='ltr'>Nolite</span> 
     </span>
     <span class='ocr_line' id='line_1_17' title="bbox 278 2587 1762 2696; baseline -0.003 -23"><span class='ocrx_word' id='word_1_153' title='bbox 278 2615 534 2696; x_wconf 88' lang='lat' dir='ltr'>expavescere:</span> <span class='ocrx_word' id='word_1_154' title='bbox 571 2593 685 2662; x_wconf 90' lang='lat' dir='ltr'>lesum</span> <span class='ocrx_word' id='word_1_155' title='bbox 717 2589 879 2683; x_wconf 91' lang='lat' dir='ltr'>quaeritis</span> <span class='ocrx_word' id='word_1_156' title='bbox 912 2588 1127 2660; x_wconf 89' lang='lat' dir='ltr'>Nazarenum</span> <span class='ocrx_word' id='word_1_157' title='bbox 1159 2587 1375 2660; x_wconf 87' lang='lat' dir='ltr'>crucifixum:</span> <span class='ocrx_word' id='word_1_158' title='bbox 1412 2593 1576 2680; x_wconf 89' lang='lat' dir='ltr'>surrexit,</span> <span class='ocrx_word' id='word_1_159' title='bbox 1611 2609 1762 2669; x_wconf 90' lang='lat' dir='ltr'>nonest</span> 
     </span>
     <span class='ocr_line' id='line_1_18' title="bbox 280 2701 1760 2807; baseline -0.003 -14"><span class='ocrx_word' id='word_1_160' title='bbox 280 2723 354 2793; x_wconf 90' lang='lat' dir='ltr'>hio:</span> <span class='ocrx_word' id='word_1_161' title='bbox 383 2739 466 2790; x_wconf 88' lang='lat' dir='ltr'>ecce</span> <span class='ocrx_word' id='word_1_162' title='bbox 492 2716 591 2786; x_wconf 91' lang='lat' dir='ltr'>locus</span> <span class='ocrx_word' id='word_1_163' title='bbox 618 2711 676 2781; x_wconf 92' lang='lat' dir='ltr'>ubi</span> <span class='ocrx_word' id='word_1_164' title='bbox 703 2719 893 2805; x_wconf 88' lang='lat' dir='ltr'>posuerunt</span> <span class='ocrx_word' id='word_1_165' title='bbox 919 2729 1008 2780; x_wconf 89' lang='lat' dir='ltr'>eum.</span> <span class='ocrx_word' id='word_1_166' title='bbox 1058 2701 1161 2780; x_wconf 81' lang='lat' dir='ltr'>&#39;&#39;Sed</span> <span class='ocrx_word' id='word_1_167' title='bbox 1197 2709 1243 2781; x_wconf 91' lang='lat' dir='ltr'>ite</span> <span class='ocrx_word' id='word_1_168' title='bbox 1278 2709 1381 2781; x_wconf 86' lang='lat' dir='ltr'>dicite</span> <span class='ocrx_word' id='word_1_169' title='bbox 1417 2709 1593 2807; x_wconf 90' lang='lat' dir='ltr'>discipulis</span> <span class='ocrx_word' id='word_1_170' title='bbox 1625 2717 1699 2789; x_wconf 81' lang='lat' dir='ltr'>eim</span> <span class='ocrx_word' id='word_1_171' title='bbox 1726 2729 1760 2788; x_wconf 91' lang='lat' dir='ltr'>et</span> 
     </span>
     <span class='ocr_line' id='line_1_19' title="bbox 278 2829 1758 2931; baseline -0.002 -18"><span class='ocrx_word' id='word_1_172' title='bbox 278 2841 382 2913; x_wconf 87' lang='lat' dir='ltr'>Petro</span> <span class='ocrx_word' id='word_1_173' title='bbox 409 2837 489 2931; x_wconf 87' lang='lat' dir='ltr'>quia</span> <span class='ocrx_word' id='word_1_174' title='bbox 517 2829 696 2927; x_wconf 83' lang='lat' dir='ltr'>praecedit</span> <span class='ocrx_word' id='word_1_175' title='bbox 721 2853 786 2902; x_wconf 92' lang='lat' dir='ltr'>vos</span> <span class='ocrx_word' id='word_1_176' title='bbox 813 2831 847 2902; x_wconf 93' lang='lat' dir='ltr'>in</span> <span class='ocrx_word' id='word_1_177' title='bbox 874 2829 1075 2900; x_wconf 90' lang='lat' dir='ltr'>Galilacam:</span> <span class='ocrx_word' id='word_1_178' title='bbox 1102 2829 1150 2900; x_wconf 94' lang='lat' dir='ltr'>ibi</span> <span class='ocrx_word' id='word_1_179' title='bbox 1176 2849 1255 2900; x_wconf 92' lang='lat' dir='ltr'>eum</span> <span class='ocrx_word' id='word_1_180' title='bbox 1281 2829 1452 2916; x_wconf 87' lang='lat' dir='ltr'>videbitis,</span> <span class='ocrx_word' id='word_1_181' title='bbox 1481 2835 1568 2906; x_wconf 92' lang='lat' dir='ltr'>sicut</span> <span class='ocrx_word' id='word_1_182' title='bbox 1586 2835 1675 2909; x_wconf 84' lang='lat' dir='ltr'>dixit</span> <span class='ocrx_word' id='word_1_183' title='bbox 1692 2860 1758 2910; x_wconf 93' lang='lat' dir='ltr'>vo-</span> 
     </span>
     <span class='ocr_line' id='line_1_20' title="bbox 276 2947 1756 3042; baseline 0.003 -19"><span class='ocrx_word' id='word_1_184' title='bbox 276 2963 341 3033; x_wconf 67' lang='lat' dir='ltr'>bis.</span> <span class='ocrx_word' id='word_1_185' title='bbox 393 2947 511 3005; x_wconf 60' lang='grc' dir='ltr'>ΝΜ)</span> <span class='ocrx_word' id='word_1_186' title='bbox 525 2953 570 3024; x_wconf 83' lang='lat' dir='ltr'>At</span> <span class='ocrx_word' id='word_1_187' title='bbox 602 2951 679 3022; x_wconf 91' lang='lat' dir='ltr'>illae</span> <span class='ocrx_word' id='word_1_188' title='bbox 712 2960 879 3022; x_wconf 87' lang='lat' dir='ltr'>exeuntes</span> <span class='ocrx_word' id='word_1_189' title='bbox 911 2949 1070 3042; x_wconf 79' lang='lat' dir='ltr'>fugerunt</span> <span class='ocrx_word' id='word_1_190' title='bbox 1101 2947 1147 3020; x_wconf 89' lang='lat' dir='ltr'>de</span> <span class='ocrx_word' id='word_1_191' title='bbox 1186 2961 1425 3023; x_wconf 91' lang='lat' dir='ltr'>monumento:</span> <span class='ocrx_word' id='word_1_192' title='bbox 1460 2953 1634 3028; x_wconf 90' lang='lat' dir='ltr'>invaserat</span> <span class='ocrx_word' id='word_1_193' title='bbox 1667 2959 1756 3030; x_wconf 90' lang='lat' dir='ltr'>enirn</span> 
     </span>
     <span class='ocr_line' id='line_1_21' title="bbox 279 3069 1755 3168; baseline -0.003 -16"><span class='ocrx_word' id='word_1_194' title='bbox 279 3103 340 3152; x_wconf 88' lang='lat' dir='ltr'>eas</span> <span class='ocrx_word' id='word_1_195' title='bbox 373 3089 504 3150; x_wconf 90' lang='lat' dir='ltr'>tremor</span> <span class='ocrx_word' id='word_1_196' title='bbox 538 3081 574 3145; x_wconf 93' lang='lat' dir='ltr'>et</span> <span class='ocrx_word' id='word_1_197' title='bbox 605 3095 729 3168; x_wconf 90' lang='lat' dir='ltr'>pavor,</span> <span class='ocrx_word' id='word_1_198' title='bbox 765 3081 801 3144; x_wconf 89' lang='lat' dir='ltr'>et</span> <span class='ocrx_word' id='word_1_199' title='bbox 830 3071 957 3142; x_wconf 90' lang='lat' dir='ltr'>nemini</span> <span class='ocrx_word' id='word_1_200' title='bbox 992 3069 1175 3162; x_wconf 90' lang='lat' dir='ltr'>quicquam</span> <span class='ocrx_word' id='word_1_201' title='bbox 1219 3069 1397 3142; x_wconf 86' lang='lat' dir='ltr'>dixerunt:</span> <span class='ocrx_word' id='word_1_202' title='bbox 1451 3075 1617 3148; x_wconf 89' lang='lat' dir='ltr'>timebant</span> <span class='ocrx_word' id='word_1_203' title='bbox 1655 3079 1755 3150; x_wconf 92' lang='lat' dir='ltr'>enim.</span> 
     </span>
     <span class='ocr_line' id='line_1_22' title="bbox 277 3191 1755 3293; baseline -0.003 -21"><span class='ocrx_word' id='word_1_204' title='bbox 277 3193 456 3293; x_wconf 79' lang='lat' dir='ltr'>’surgens</span> <span class='ocrx_word' id='word_1_205' title='bbox 483 3205 598 3268; x_wconf 87' lang='lat' dir='ltr'>autem</span> <span class='ocrx_word' id='word_1_206' title='bbox 627 3213 729 3264; x_wconf 91' lang='lat' dir='ltr'>mane</span> <span class='ocrx_word' id='word_1_207' title='bbox 755 3191 864 3286; x_wconf 92' lang='lat' dir='ltr'>prima</span> <span class='ocrx_word' id='word_1_208' title='bbox 891 3191 1025 3262; x_wconf 91' lang='lat' dir='ltr'>sabbati</span> <span class='ocrx_word' id='word_1_209' title='bbox 1052 3191 1209 3284; x_wconf 78' lang='lat' dir='ltr'>apparunt</span> <span class='ocrx_word' id='word_1_210' title='bbox 1243 3192 1354 3284; x_wconf 87' lang='lat' dir='ltr'>primo</span> <span class='ocrx_word' id='word_1_211' title='bbox 1385 3193 1513 3266; x_wconf 88' lang='lat' dir='ltr'>Mariae</span> <span class='ocrx_word' id='word_1_212' title='bbox 1539 3197 1755 3291; x_wconf 81' lang='lat' dir='ltr'>Magdalene,</span> 
     </span>
     <span class='ocr_line' id='line_1_23' title="bbox 279 3301 1753 3414; baseline -0.005 -20"><span class='ocrx_word' id='word_1_213' title='bbox 279 3321 324 3394; x_wconf 93' lang='lat' dir='ltr'>de</span> <span class='ocrx_word' id='word_1_214' title='bbox 351 3341 419 3414; x_wconf 89' lang='lat' dir='ltr'>qua</span> <span class='ocrx_word' id='word_1_215' title='bbox 445 3319 597 3390; x_wconf 88' lang='lat' dir='ltr'>eiecerat</span> <span class='ocrx_word' id='word_1_216' title='bbox 625 3321 760 3407; x_wconf 91' lang='lat' dir='ltr'>septem</span> <span class='ocrx_word' id='word_1_217' title='bbox 787 3312 980 3383; x_wconf 89' lang='lat' dir='ltr'>daemonia.</span> <span class='ocrx_word' id='word_1_218' title='bbox 1034 3301 1129 3380; x_wconf 77' lang='lat' dir='ltr'>⁴⁰llla</span> <span class='ocrx_word' id='word_1_219' title='bbox 1154 3309 1288 3381; x_wconf 88' lang='lat' dir='ltr'>vadens</span> <span class='ocrx_word' id='word_1_220' title='bbox 1314 3315 1481 3385; x_wconf 91' lang='lat' dir='ltr'>nuntiavit</span> <span class='ocrx_word' id='word_1_221' title='bbox 1513 3315 1565 3387; x_wconf 92' lang='lat' dir='ltr'>bis</span> <span class='ocrx_word' id='word_1_222' title='bbox 1592 3319 1650 3410; x_wconf 91' lang='lat' dir='ltr'>qui</span> <span class='ocrx_word' id='word_1_223' title='bbox 1677 3341 1753 3389; x_wconf 88' lang='lat' dir='ltr'>cum</span> 
     </span>
     <span class='ocr_line' id='line_1_24' title="bbox 281 3423 1755 3528; baseline -0.006 -13"><span class='ocrx_word' id='word_1_224' title='bbox 281 3465 324 3514; x_wconf 89' lang='lat' dir='ltr'>eo</span> <span class='ocrx_word' id='word_1_225' title='bbox 352 3443 499 3525; x_wconf 79' lang='lat' dir='ltr'>buerant,</span> <span class='ocrx_word' id='word_1_226' title='bbox 535 3433 729 3528; x_wconf 83' lang='lat' dir='ltr'>lugentibus</span> <span class='ocrx_word' id='word_1_227' title='bbox 763 3441 798 3503; x_wconf 91' lang='lat' dir='ltr'>et</span> <span class='ocrx_word' id='word_1_228' title='bbox 828 3431 996 3503; x_wconf 89' lang='lat' dir='ltr'>llentibus.</span> <span class='ocrx_word' id='word_1_229' title='bbox 1049 3423 1072 3467; x_wconf 78' lang='lat'>⁴¹</span> <span class='ocrx_word' id='word_1_230' title='bbox 1091 3429 1133 3500; x_wconf 85' lang='lat' dir='ltr'>Et</span> <span class='ocrx_word' id='word_1_231' title='bbox 1163 3429 1208 3500; x_wconf 89' lang='lat' dir='ltr'>illi</span> <span class='ocrx_word' id='word_1_232' title='bbox 1243 3431 1423 3504; x_wconf 84' lang='lat' dir='ltr'>audientes</span> <span class='ocrx_word' id='word_1_233' title='bbox 1457 3435 1536 3525; x_wconf 89' lang='lat' dir='ltr'>quia</span> <span class='ocrx_word' id='word_1_234' title='bbox 1562 3435 1695 3508; x_wconf 90' lang='lat' dir='ltr'>viveret</span> <span class='ocrx_word' id='word_1_235' title='bbox 1720 3447 1755 3507; x_wconf 88' lang='lat' dir='ltr'>et</span> 
     </span>
     <span class='ocr_line' id='line_1_25' title="bbox 279 3544 1753 3640; baseline -0.004 -8"><span class='ocrx_word' id='word_1_236' title='bbox 279 3563 374 3634; x_wconf 80' lang='lat' dir='ltr'>visum</span> <span class='ocrx_word' id='word_1_237' title='bbox 401 3569 495 3631; x_wconf 89' lang='lat' dir='ltr'>esset</span> <span class='ocrx_word' id='word_1_238' title='bbox 523 3557 567 3628; x_wconf 92' lang='lat' dir='ltr'>ab</span> <span class='ocrx_word' id='word_1_239' title='bbox 594 3575 646 3640; x_wconf 92' lang='lat' dir='ltr'>ea,</span> <span class='ocrx_word' id='word_1_240' title='bbox 672 3576 742 3625; x_wconf 92' lang='lat' dir='ltr'>uon</span> <span class='ocrx_word' id='word_1_241' title='bbox 769 3552 997 3624; x_wconf 89' lang='lat' dir='ltr'>crediderunt.</span> <span class='ocrx_word' id='word_1_242' title='bbox 1048 3544 1075 3589; x_wconf 78' lang='lat'>⁴²</span> <span class='ocrx_word' id='word_1_243' title='bbox 1091 3549 1174 3621; x_wconf 89' lang='lat' dir='ltr'>Post</span> <span class='ocrx_word' id='word_1_244' title='bbox 1199 3549 1289 3622; x_wconf 89' lang='lat' dir='ltr'>baec</span> <span class='ocrx_word' id='word_1_245' title='bbox 1316 3561 1431 3624; x_wconf 87' lang='lat' dir='ltr'>autem</span> <span class='ocrx_word' id='word_1_246' title='bbox 1458 3551 1595 3626; x_wconf 89' lang='lat' dir='ltr'>duobus</span> <span class='ocrx_word' id='word_1_247' title='bbox 1630 3577 1677 3628; x_wconf 81' lang='lat' dir='ltr'>ex</span> <span class='ocrx_word' id='word_1_248' title='bbox 1703 3558 1753 3627; x_wconf 87' lang='lat' dir='ltr'>eis</span> 
     </span>
     <span class='ocr_line' id='line_1_26' title="bbox 280 3667 1752 3764; baseline -0.004 -11"><span class='ocrx_word' id='word_1_249' title='bbox 280 3679 531 3753; x_wconf 82' lang='lat' dir='ltr'>ambrdantibus</span> <span class='ocrx_word' id='word_1_250' title='bbox 561 3685 721 3748; x_wconf 90' lang='lat' dir='ltr'>ostensus</span> <span class='ocrx_word' id='word_1_251' title='bbox 748 3683 802 3745; x_wconf 89' lang='lat' dir='ltr'>est</span> <span class='ocrx_word' id='word_1_252' title='bbox 834 3675 868 3744; x_wconf 94' lang='lat' dir='ltr'>in</span> <span class='ocrx_word' id='word_1_253' title='bbox 900 3671 965 3744; x_wconf 90' lang='lat' dir='ltr'>alia</span> <span class='ocrx_word' id='word_1_254' title='bbox 999 3669 1127 3764; x_wconf 80' lang='lat' dir='ltr'>effigie,</span> <span class='ocrx_word' id='word_1_255' title='bbox 1163 3671 1321 3742; x_wconf 91' lang='lat' dir='ltr'>euntibus</span> <span class='ocrx_word' id='word_1_256' title='bbox 1356 3674 1389 3743; x_wconf 94' lang='lat' dir='ltr'>in</span> <span class='ocrx_word' id='word_1_257' title='bbox 1422 3673 1547 3745; x_wconf 92' lang='lat' dir='ltr'>villam.</span> <span class='ocrx_word' id='word_1_258' title='bbox 1599 3667 1682 3747; x_wconf 63' lang='lat' dir='ltr'>*lm</span> <span class='ocrx_word' id='word_1_259' title='bbox 1708 3677 1752 3747; x_wconf 93' lang='lat' dir='ltr'>illi</span> 
     </span>
     <span class='ocr_line' id='line_1_27' title="bbox 279 3783 1820 3910; baseline -0.004 -37"><span class='ocrx_word' id='word_1_260' title='bbox 279 3811 400 3873; x_wconf 89' lang='lat' dir='ltr'>euntes</span> <span class='ocrx_word' id='word_1_261' title='bbox 435 3797 674 3870; x_wconf 88' lang='lat' dir='ltr'>nuntiaverunt</span> <span class='ocrx_word' id='word_1_262' title='bbox 706 3795 847 3866; x_wconf 91' lang='lat' dir='ltr'>ceteris:</span> <span class='ocrx_word' id='word_1_263' title='bbox 882 3816 948 3866; x_wconf 89' lang='lat' dir='ltr'>nec</span> <span class='ocrx_word' id='word_1_264' title='bbox 980 3793 1043 3864; x_wconf 92' lang='lat' dir='ltr'>illis</span> <span class='ocrx_word' id='word_1_265' title='bbox 1076 3789 1304 3863; x_wconf 91' lang='lat' dir='ltr'>crediderunt.</span> <span class='ocrx_word' id='word_1_266' title='bbox 1347 3783 1580 3867; x_wconf 73' lang='lat' dir='ltr'>“Novissime</span> <span class='ocrx_word' id='word_1_267' title='bbox 1613 3818 1751 3868; x_wconf 90' lang='lat' dir='ltr'>recum·</span> <span class='ocrx_word' id='word_1_268' title='bbox 1812 3875 1820 3910; x_wconf 40' lang='grc'>1</span> 
     </span>
     <span class='ocr_line' id='line_1_28' title="bbox 279 3913 1751 4011; baseline -0.003 -17"><span class='ocrx_word' id='word_1_269' title='bbox 279 3921 440 3994; x_wconf 91' lang='lat' dir='ltr'>bentibus</span> <span class='ocrx_word' id='word_1_270' title='bbox 467 3919 530 3990; x_wconf 89' lang='lat' dir='ltr'>illis</span> <span class='ocrx_word' id='word_1_271' title='bbox 557 3917 717 3990; x_wconf 89' lang='lat' dir='ltr'>undecim</span> <span class='ocrx_word' id='word_1_272' title='bbox 744 3915 909 4011; x_wconf 91' lang='lat' dir='ltr'>apparuit,</span> <span class='ocrx_word' id='word_1_273' title='bbox 938 3925 973 3985; x_wconf 88' lang='lat' dir='ltr'>et</span> <span class='ocrx_word' id='word_1_274' title='bbox 1000 3913 1225 4007; x_wconf 88' lang='lat' dir='ltr'>exprobravit</span> <span class='ocrx_word' id='word_1_275' title='bbox 1251 3914 1522 3986; x_wconf 88' lang='lat' dir='ltr'>incredulitatem</span> <span class='ocrx_word' id='word_1_276' title='bbox 1556 3917 1688 3989; x_wconf 89' lang='lat' dir='ltr'>illorum</span> <span class='ocrx_word' id='word_1_277' title='bbox 1716 3929 1751 3988; x_wconf 86' lang='lat' dir='ltr'>et</span> 
     </span>
     <span class='ocr_line' id='line_1_29' title="bbox 281 4035 1749 4131; baseline -0.004 -17"><span class='ocrx_word' id='word_1_278' title='bbox 281 4043 439 4114; x_wconf 91' lang='lat' dir='ltr'>duritiam</span> <span class='ocrx_word' id='word_1_279' title='bbox 465 4039 590 4125; x_wconf 89' lang='lat' dir='ltr'>cordis,</span> <span class='ocrx_word' id='word_1_280' title='bbox 617 4038 696 4131; x_wconf 92' lang='lat' dir='ltr'>quia</span> <span class='ocrx_word' id='word_1_281' title='bbox 722 4037 775 4108; x_wconf 87' lang='lat' dir='ltr'>his</span> <span class='ocrx_word' id='word_1_282' title='bbox 802 4037 859 4130; x_wconf 92' lang='lat' dir='ltr'>qui</span> <span class='ocrx_word' id='word_1_283' title='bbox 884 4035 1043 4108; x_wconf 78' lang='lat' dir='ltr'>viderant</span> <span class='ocrx_word' id='word_1_284' title='bbox 1069 4055 1148 4105; x_wconf 94' lang='lat' dir='ltr'>eum</span> <span class='ocrx_word' id='word_1_285' title='bbox 1176 4036 1409 4106; x_wconf 87' lang='lat' dir='ltr'>resurrexisse</span> <span class='ocrx_word' id='word_1_286' title='bbox 1435 4058 1505 4106; x_wconf 92' lang='lat' dir='ltr'>uon</span> <span class='ocrx_word' id='word_1_287' title='bbox 1523 4037 1749 4110; x_wconf 88' lang='lat' dir='ltr'>crediderant.</span> 
     </span>
     <span class='ocr_line' id='line_1_30' title="bbox 277 4154 1749 4249; baseline -0.004 -15"><span class='ocrx_word' id='word_1_288' title='bbox 277 4155 303 4200; x_wconf 82' lang='lat'>¹⁵</span> <span class='ocrx_word' id='word_1_289' title='bbox 318 4163 361 4234; x_wconf 84' lang='lat' dir='ltr'>Et</span> <span class='ocrx_word' id='word_1_290' title='bbox 387 4161 475 4234; x_wconf 89' lang='lat' dir='ltr'>dixit</span> <span class='ocrx_word' id='word_1_291' title='bbox 500 4161 550 4231; x_wconf 91' lang='lat' dir='ltr'>eis</span> <span class='ocrx_word' id='word_1_292' title='bbox 576 4159 705 4230; x_wconf 85' lang='lat' dir='ltr'>Euntes</span> <span class='ocrx_word' id='word_1_293' title='bbox 731 4158 765 4229; x_wconf 93' lang='lat' dir='ltr'>in</span> <span class='ocrx_word' id='word_1_294' title='bbox 790 4154 955 4228; x_wconf 92' lang='lat' dir='ltr'>muudum</span> <span class='ocrx_word' id='word_1_295' title='bbox 980 4156 1175 4226; x_wconf 88' lang='lat' dir='ltr'>universum</span> <span class='ocrx_word' id='word_1_296' title='bbox 1200 4155 1400 4248; x_wconf 88' lang='lat' dir='ltr'>praedicate</span> <span class='ocrx_word' id='word_1_297' title='bbox 1424 4159 1639 4249; x_wconf 84' lang='lat' dir='ltr'>evangelium</span> <span class='ocrx_word' id='word_1_298' title='bbox 1658 4161 1749 4230; x_wconf 93' lang='lat' dir='ltr'>ornni</span> 
     </span>
     <span class='ocr_line' id='line_1_31' title="bbox 279 4273 1749 4372; baseline -0.004 -18"><span class='ocrx_word' id='word_1_299' title='bbox 279 4293 467 4355; x_wconf 86' lang='lat' dir='ltr'>creaturae.</span> <span class='ocrx_word' id='word_1_300' title='bbox 511 4273 538 4318; x_wconf 74' lang='lat'>⁴⁸</span> <span class='ocrx_word' id='word_1_301' title='bbox 556 4281 621 4366; x_wconf 87' lang='lat' dir='ltr'>Qui</span> <span class='ocrx_word' id='word_1_302' title='bbox 648 4277 833 4352; x_wconf 89' lang='lat' dir='ltr'>crediderit</span> <span class='ocrx_word' id='word_1_303' title='bbox 859 4287 893 4347; x_wconf 90' lang='lat' dir='ltr'>et</span> <span class='ocrx_word' id='word_1_304' title='bbox 919 4277 1110 4370; x_wconf 89' lang='lat' dir='ltr'>baptizatus</span> <span class='ocrx_word' id='word_1_305' title='bbox 1136 4275 1235 4346; x_wconf 88' lang='lat' dir='ltr'>luerit</span> <span class='ocrx_word' id='word_1_306' title='bbox 1260 4277 1375 4348; x_wconf 89' lang='lat' dir='ltr'>salvus</span> <span class='ocrx_word' id='word_1_307' title='bbox 1402 4278 1474 4363; x_wconf 90' lang='lat' dir='ltr'>en&#39;t,</span> <span class='ocrx_word' id='word_1_308' title='bbox 1501 4279 1662 4372; x_wconf 89' lang='lat' dir='ltr'>quivero</span> <span class='ocrx_word' id='word_1_309' title='bbox 1680 4301 1749 4350; x_wconf 93' lang='lat' dir='ltr'>non</span> 
     </span>
     <span class='ocr_line' id='line_1_32' title="bbox 281 4389 1747 4490; baseline -0.003 -15"><span class='ocrx_word' id='word_1_310' title='bbox 281 4403 467 4476; x_wconf 86' lang='lat' dir='ltr'>crediderit</span> <span class='ocrx_word' id='word_1_311' title='bbox 494 4399 786 4472; x_wconf 87' lang='lat' dir='ltr'>condemnabitur.</span> <span class='ocrx_word' id='word_1_312' title='bbox 806 4389 852 4434; x_wconf 73' lang='lat'>&#39;¹⁷</span> <span class='ocrx_word' id='word_1_313' title='bbox 869 4395 975 4490; x_wconf 83' lang='lat' dir='ltr'>Signa</span> <span class='ocrx_word' id='word_1_314' title='bbox 1006 4407 1119 4468; x_wconf 89' lang='lat' dir='ltr'>autem</span> <span class='ocrx_word' id='word_1_315' title='bbox 1147 4397 1294 4489; x_wconf 90' lang='lat' dir='ltr'>eosqui</span> <span class='ocrx_word' id='word_1_316' title='bbox 1330 4396 1539 4470; x_wconf 88' lang='lat' dir='ltr'>crediderint</span> <span class='ocrx_word' id='word_1_317' title='bbox 1568 4399 1656 4470; x_wconf 91' lang='lat' dir='ltr'>baec</span> <span class='ocrx_word' id='word_1_318' title='bbox 1689 4421 1747 4470; x_wconf 90' lang='lat' dir='ltr'>se—</span> 
     </span>
     <span class='ocr_line' id='line_1_33' title="bbox 277 4511 1747 4618; baseline -0.004 -22"><span class='ocrx_word' id='word_1_319' title='bbox 277 4535 431 4618; x_wconf 89' lang='lat' dir='ltr'>quentur,</span> <span class='ocrx_word' id='word_1_320' title='bbox 457 4523 492 4592; x_wconf 93' lang='lat' dir='ltr'>in</span> <span class='ocrx_word' id='word_1_321' title='bbox 518 4521 655 4593; x_wconf 89' lang='lat' dir='ltr'>nomine</span> <span class='ocrx_word' id='word_1_322' title='bbox 681 4541 761 4591; x_wconf 92' lang='lat' dir='ltr'>meo</span> <span class='ocrx_word' id='word_1_323' title='bbox 789 4517 971 4589; x_wconf 88' lang='lat' dir='ltr'>daemonia</span> <span class='ocrx_word' id='word_1_324' title='bbox 997 4517 1129 4602; x_wconf 92' lang='lat' dir='ltr'>eicient,</span> <span class='ocrx_word' id='word_1_325' title='bbox 1155 4517 1278 4609; x_wconf 77' lang='lat' dir='ltr'>linguis</span> <span class='ocrx_word' id='word_1_326' title='bbox 1294 4519 1476 4612; x_wconf 91' lang='lat' dir='ltr'>loquentur</span> <span class='ocrx_word' id='word_1_327' title='bbox 1491 4519 1600 4606; x_wconf 90' lang='lat' dir='ltr'>novis,</span> <span class='ocrx_word' id='word_1_328' title='bbox 1626 4511 1653 4556; x_wconf 80' lang='lat'>¹⁸</span> <span class='ocrx_word' id='word_1_329' title='bbox 1670 4541 1747 4590; x_wconf 93' lang='lat' dir='ltr'>ser-</span> 
     </span>
     <span class='ocr_line' id='line_1_34' title="bbox 275 4637 1747 4739; baseline -0.003 -24"><span class='ocrx_word' id='word_1_330' title='bbox 275 4653 397 4739; x_wconf 89' lang='lat' dir='ltr'>pentes</span> <span class='ocrx_word' id='word_1_331' title='bbox 438 4643 572 4728; x_wconf 87' lang='lat' dir='ltr'>tollent,</span> <span class='ocrx_word' id='word_1_332' title='bbox 608 4651 643 4713; x_wconf 91' lang='lat' dir='ltr'>et</span> <span class='ocrx_word' id='word_1_333' title='bbox 674 4641 704 4712; x_wconf 91' lang='lat' dir='ltr'>si</span> <span class='ocrx_word' id='word_1_334' title='bbox 736 4639 948 4711; x_wconf 80' lang='lat' dir='ltr'>mortiferum</span> <span class='ocrx_word' id='word_1_335' title='bbox 981 4637 1063 4732; x_wconf 89' lang='lat' dir='ltr'>quid</span> <span class='ocrx_word' id='word_1_336' title='bbox 1097 4637 1246 4708; x_wconf 89' lang='lat' dir='ltr'>biberint</span> <span class='ocrx_word' id='word_1_337' title='bbox 1276 4660 1346 4709; x_wconf 91' lang='lat' dir='ltr'>non</span> <span class='ocrx_word' id='word_1_338' title='bbox 1379 4659 1442 4709; x_wconf 89' lang='lat' dir='ltr'>eos</span> <span class='ocrx_word' id='word_1_339' title='bbox 1468 4639 1613 4725; x_wconf 86' lang='lat' dir='ltr'>nocebit,</span> <span class='ocrx_word' id='word_1_340' title='bbox 1642 4663 1747 4734; x_wconf 86' lang='lat' dir='ltr'>super</span> 
     </span>
     <span class='ocr_line' id='line_1_35' title="bbox 276 4747 1745 4858; baseline -0.003 -21"><span class='ocrx_word' id='word_1_341' title='bbox 276 4775 418 4858; x_wconf 78' lang='lat' dir='ltr'>egrotos</span> <span class='ocrx_word' id='word_1_342' title='bbox 451 4783 572 4833; x_wconf 91' lang='lat' dir='ltr'>manus</span> <span class='ocrx_word' id='word_1_343' title='bbox 598 4763 762 4856; x_wconf 90' lang='lat' dir='ltr'>inponent</span> <span class='ocrx_word' id='word_1_344' title='bbox 796 4769 831 4831; x_wconf 90' lang='lat' dir='ltr'>et</span> <span class='ocrx_word' id='word_1_345' title='bbox 856 4761 947 4832; x_wconf 90' lang='lat' dir='ltr'>bene</span> <span class='ocrx_word' id='word_1_346' title='bbox 979 4759 1165 4830; x_wconf 89' lang='lat' dir='ltr'>habebunt.</span> <span class='ocrx_word' id='word_1_347' title='bbox 1208 4747 1236 4794; x_wconf 77' lang='lat'>⁴⁹</span> <span class='ocrx_word' id='word_1_348' title='bbox 1250 4757 1293 4827; x_wconf 87' lang='lat' dir='ltr'>Et</span> <span class='ocrx_word' id='word_1_349' title='bbox 1310 4757 1469 4828; x_wconf 93' lang='lat' dir='ltr'>dominus</span> <span class='ocrx_word' id='word_1_350' title='bbox 1487 4759 1626 4852; x_wconf 90' lang='lat' dir='ltr'>quidem</span> <span class='ocrx_word' id='word_1_351' title='bbox 1647 4771 1745 4855; x_wconf 94' lang='lat' dir='ltr'>post-</span> 
     </span>
     <span class='ocr_line' id='line_1_36' title="bbox 275 4877 1744 4978; baseline -0.004 -22"><span class='ocrx_word' id='word_1_352' title='bbox 275 4907 377 4978; x_wconf 88' lang='lat' dir='ltr'>quam</span> <span class='ocrx_word' id='word_1_353' title='bbox 409 4885 543 4956; x_wconf 87' lang='lat' dir='ltr'>locutus</span> <span class='ocrx_word' id='word_1_354' title='bbox 572 4893 626 4953; x_wconf 92' lang='lat' dir='ltr'>est</span> <span class='ocrx_word' id='word_1_355' title='bbox 658 4881 725 4967; x_wconf 90' lang='lat' dir='ltr'>eis,</span> <span class='ocrx_word' id='word_1_356' title='bbox 758 4879 935 4952; x_wconf 90' lang='lat' dir='ltr'>adsumtus</span> <span class='ocrx_word' id='word_1_357' title='bbox 963 4889 1018 4950; x_wconf 89' lang='lat' dir='ltr'>est</span> <span class='ocrx_word' id='word_1_358' title='bbox 1049 4879 1084 4949; x_wconf 94' lang='lat' dir='ltr'>in</span> <span class='ocrx_word' id='word_1_359' title='bbox 1113 4877 1246 4948; x_wconf 88' lang='lat' dir='ltr'>caelum</span> <span class='ocrx_word' id='word_1_360' title='bbox 1278 4887 1313 4947; x_wconf 89' lang='lat' dir='ltr'>et</span> <span class='ocrx_word' id='word_1_361' title='bbox 1343 4877 1432 4950; x_wconf 91' lang='lat' dir='ltr'>sedit</span> <span class='ocrx_word' id='word_1_362' title='bbox 1463 4901 1483 4949; x_wconf 87' lang='lat' dir='ltr'>a</span> <span class='ocrx_word' id='word_1_363' title='bbox 1513 4877 1644 4951; x_wconf 88' lang='lat' dir='ltr'>dextris</span> <span class='ocrx_word' id='word_1_364' title='bbox 1678 4879 1744 4952; x_wconf 90' lang='lat' dir='ltr'>dei.</span> 
     </span>
     <span class='ocr_line' id='line_1_37' title="bbox 272 4997 1743 5098; baseline -0.002 -22"><span class='ocrx_word' id='word_1_365' title='bbox 272 5000 299 5044; x_wconf 80' lang='lat'>’⁰</span> <span class='ocrx_word' id='word_1_366' title='bbox 315 5007 362 5076; x_wconf 96' lang='lat' dir='ltr'>llli</span> <span class='ocrx_word' id='word_1_367' title='bbox 388 5015 502 5076; x_wconf 88' lang='lat' dir='ltr'>autem</span> <span class='ocrx_word' id='word_1_368' title='bbox 529 5003 672 5098; x_wconf 88' lang='lat' dir='ltr'>proiecti</span> <span class='ocrx_word' id='word_1_369' title='bbox 700 4999 987 5095; x_wconf 88' lang='lat' dir='ltr'>praedicaverunt</span> <span class='ocrx_word' id='word_1_370' title='bbox 1013 4999 1150 5091; x_wconf 89' lang='lat' dir='ltr'>ubique,</span> <span class='ocrx_word' id='word_1_371' title='bbox 1178 4997 1319 5068; x_wconf 88' lang='lat' dir='ltr'>domiuo</span> <span class='ocrx_word' id='word_1_372' title='bbox 1354 5009 1564 5091; x_wconf 90' lang='lat' dir='ltr'>cooperante</span> <span class='ocrx_word' id='word_1_373' title='bbox 1599 5011 1634 5072; x_wconf 91' lang='lat' dir='ltr'>et</span> <span class='ocrx_word' id='word_1_374' title='bbox 1667 5021 1743 5073; x_wconf 91' lang='lat' dir='ltr'>ser-</span> 
     </span>
    </p>
   </div>
   <div class='ocr_carea' id='block_1_5' title="bbox 272 5117 1219 5422">
    <p class='ocr_par' dir='ltr' id='par_1_5' title="bbox 272 5117 1219 5422">
     <span class='ocr_line' id='line_1_38' title="bbox 272 5117 1213 5215; baseline -0.012 -16"><span class='ocrx_word' id='word_1_375' title='bbox 272 5148 409 5199; x_wconf 88' lang='lat' dir='ltr'>monem</span> <span class='ocrx_word' id='word_1_376' title='bbox 437 5123 660 5198; x_wconf 85' lang='lat' dir='ltr'>confirmante</span> <span class='ocrx_word' id='word_1_377' title='bbox 687 5121 910 5215; x_wconf 85' lang='lat' dir='ltr'>sequentibus</span> <span class='ocrx_word' id='word_1_378' title='bbox 936 5121 1049 5213; x_wconf 79' lang='lat' dir='ltr'>signis.</span> <span class='ocrx_word' id='word_1_379' title='bbox 1093 5117 1213 5190; x_wconf 80' lang='lat' dir='ltr'>Amen.</span> 
     </span>
     <span class='ocr_line' id='line_1_39' title="bbox 804 5239 1219 5327; baseline -0.007 -15"><span class='ocrx_word' id='word_1_380' title='bbox 804 5241 872 5327; x_wconf 88' lang='lat' dir='ltr'>XV,</span> <span class='ocrx_word' id='word_1_381' title='bbox 901 5239 947 5313; x_wconf 82' lang='lat' dir='ltr'>ll</span> <span class='ocrx_word' id='word_1_382' title='bbox 975 5279 1027 5296; x_wconf 88' lang='lat'>-</span> <span class='ocrx_word' id='word_1_383' title='bbox 1052 5239 1132 5325; x_wconf 85' lang='lat' dir='ltr'>XVl,</span> <span class='ocrx_word' id='word_1_384' title='bbox 1160 5243 1219 5314; x_wconf 79' lang='grc'>20.</span> 
     </span>
     <span class='ocr_line' id='line_1_40' title="bbox 918 5354 1090 5422; baseline -0.023 0"><span class='ocrx_word' id='word_1_385' title='bbox 918 5354 1090 5422; x_wconf 81' lang='lat' dir='ltr'>EXPLICIT</span> 
     </span>
    </p>
   </div>
   <div class='ocr_carea' id='block_1_6' title="bbox 0 0 2126 6118">
    <p class='ocr_par' dir='ltr' id='par_1_6' title="bbox 0 0 2126 6118">
     <span class='ocr_line' id='line_1_41' title="bbox 0 0 2126 6118; baseline 0 0"><span class='ocrx_word' id='word_1_386' title='bbox 0 0 2126 6118; x_wconf 95' lang='lat' dir='ltr'> </span> 
     </span>
    </p>
   </div>
  </div>
 </body>
</html>
