4146 6120
857 399 1036 462 EPISTULA
1061 397 1113 463 Ab
1139 402 1400 464 ttltot'ltmtttt

384 504 1863 523 ffl-—M—m—Q*

1099 639 1133 708 tl.

453 835 511 892 “⁵³
528 842 683 912 Obsecro
710 841 810 934 igitur
826 843 937 934 primo
956 844 1106 914 omnium
1130 841 1204 922 fieri
1221 843 1490 930 obsecrationes,
1517 846 1702 932 orationes,
1730 859 1855 942 postu-

377 964 536 1048 lationes,
570 961 755 1053 gratiarnm
786 957 954 1046 actiones,
990 985 1054 1056 pro
1081 963 1240 1034 omnibus
1274 963 1485 1049 hominibus,
1529 959 1623 1058 ’pro
1650 968 1793 1061 regibus
1819 981 1857 1040 et

379 1083 536 1156 omnibus
563 1081 679 1174 quiin
705 1080 910 1152 sublimitate
936 1091 1023 1166 sunt,
1048 1092 1087 1164 nt
1111 1081 1260 1174 quietam
1287 1093 1322 1152 et
1347 1085 1559 1176 tranquillam
1577 1086 1682 1158 vitam
1709 1109 1856 1180 agamus

378 1207 412 1276 in
438 1203 530 1274 omni
556 1201 684 1294 pietate
710 1211 745 1270 et
770 1201 934 1272 castitate.
985 1195 1085 1272 3Ηοο
1110 1201 1200 1272 enim
1226 1202 1356 1273 bonnm
1384 1213 1437 1273 est
1463 1215 1499 1274 et
1525 1215 1707 1298 acceptum
1734 1231 1854 1280 coram

377 1323 558 1396 'salvatori
583 1331 702 1412 nostro
729 1321 814 1404 deo,
857 1309 942 1414 ‘qni
968 1343 1090 1392 omnes
1114 1321 1271 1393 homines
1296 1323 1368 1411 uult
1394 1324 1511 1394 salvos
1538 1325 1610 1394 lieri
1628 1336 1664 1396 et
1681 1327 1728 1398 ad
1754 1330 1855 1421 agni-

377 1445 504 1515 tionem
530 1441 682 1514 veritatis
713 1441 840 1511 venire.
891 1430 953 1489 ⁵<⁰l
972 1442 1064 1512 Unus
1095 1442 1185 1512 enim
1211 1440 1318 1526 deus,
1350 1465 1439 1514 nnus
1471 1454 1508 1514 et
1538 1445 1710 1517 mediator
1735 1447 1794 1518 dei
1820 1461 1856 1520 et

376 1563 562 1646 bominum,
589 1557 694 1632 homo
721 1561 872 1631 Christus
897 1561 1009 1646 lesus,
1052 1554 1141 1654 ⁶qni
1167 1559 1263 1632 dedit
1294 1562 1569 1656 redemptionem
1601 1567 1855 1662 semetipsum

377 1707 442 1778 pro
476 1679 652 1764 omnibns,
679 1681 909 1752 testimonium
943 1683 1156 1775 temporibus
1189 1683 1277 1766 suis,
1327 1675 1393 1753 '¹in
1419 1705 1489 1775 qno
1522 1685 1656 1777 positus
1681 1707 1759 1758 sum
1784 1709 1856 1782 ego

378 1803 598 1898 praedicator
623 1811 658 1872 et
684 1802 1078 1896 apostolus,ve1itatem
1104 1804 1193 1888 dico,
1219 1823 1290 1874 non
1316 1803 1472 1887 mentior,
1500 1802 1625 1874 doctor
1642 1807 1794 1898 gentium
1821 1812 1856 1880 in

381 1923 451 1996 lide
478 1932 514 1994 et
537 1921 694 1994 veritate.
737 1913 797 1970 W)
814 1923 900 1992 Volo
927 1943 1012 2014 ergo
1038 1923 1133 1993 viros
1158 1943 1260 1993 orare
1285 1922 1318 1990 in
1345 1923 1438 1992 omni
1463 1923 1542 1994 loco
1568 1924 1723 1998 levantes
1748 1949 1857 2022 puras

377 2065 500 2116 manus
526 2042 599 2112 sine
626 2041 676 2113 ira
702 2055 737 2114 et
762 2041 1030 2134 disceptatione;
1072 2034 1254 2114 ⁹similiter
1280 2053 1315 2112 et
1341 2043 1500 2113 mulieres
1526 2043 1560 2112 in
1586 2043 1705 2116 habitu
1731 2061 1856 2120 ornato

377 2186 454 2237 cum
483 2163 690 2236 verecundia
716 2172 751 2233 et
776 2161 964 2234 sobrietate
990 2173 1153 2235 ornantes
1179 2183 1228 2247 se,
1255 2185 1325 2235 non
1350 2163 1385 2232 in
1409 2164 1508 2234 tortis
1526 2164 1676 2236 crinibus
1693 2177 1752 2238 aut
1769 2189 1857 2240 anro

378 2295 437 2358 out
461 2282 653 2376 margaritis
683 2281 739 2354 vel
771 2293 871 2354 veste
902 2283 1092 2376 praetiosa,
1142 2274 1244 2354 'leod
1270 2281 1366 2376 quod
1391 2282 1496 2354 decet
1521 2284 1684 2358 mulieres
1708 2289 1857 2380 promit-

377 2415 489 2478 tentes
514 2402 709 2498 pudicitiam
735 2423 799 2496 per
825 2423 934 2494 opera
958 2403 1062 2474 bona.
1114 2395 1274 2474 “Mulier
1298 2404 1333 2472 in
1358 2403 1491 2474 silentio
1518 2402 1632 2476 discat
1657 2428 1735 2477 curn
1761 2411 1858 2480 omrri

379 2525 613 2596 subiectione:
660 2515 686 2560 ¹²
703 2521 832 2594 docere
868 2531 983 2593 antem
1015 2524 1146 2594 mulieri
1179 2544 1250 2593 non
1281 2523 1458 2616 permitto,
1485 2543 1599 2616 neque
1626 2525 1797 2599 dominari
1820 2530 1858 2600 in

378 2646 503 2730 virum,
538 2643 601 2714 sed
637 2661 717 2714 esso
750 2642 781 2710 in
816 2642 959 2712 silentio.
1010 2633 1036 2678 ⁴³
1052 2643 1164 2715 Adam
1197 2643 1288 2714 enim
1323 2643 1417 2736 pn'or‘
1442 2642 1611 2736 figuratus
1636 2656 1699 2732 ost,
1726 2648 1859 2722 deinde

379 2765 461 2834 Eva.
511 2753 537 2798 ¹⁸
552 2763 594 2832 Et
618 2761 730 2833 Adam
756 2781 826 2834 non
853 2771 915 2834 est.
933 2759 1105 2848 seductus,
1132 2761 1253 2834 mulier
1279 2772 1392 2834 autem
1430 2763 1573 2834 seducta
1607 2767 1642 2836 in
1674 2771 1857 2860 praevari-

379 2883 512 2956 catione
537 2882 608 2967 luit,
653 2874 680 2920 ⁴⁵
694 2881 881 2954 salvabitur
906 2892 1020 2954 antem
1047 2903 1111 2976 per
1136 2881 1281 2954 filiorum
1307 2884 1575 2976 generationem,
1603 2886 1633 2956 si
1648 2907 1856 2980 permanse-

251 3089 258 3100 ,
379 3005 445 3074 rint
470 3003 503 3072 in
529 3001 598 3074 fide
625 3011 658 3072 et
685 3001 866 3074 dilectione
892 3013 928 3074 et
953 3002 1222 3076 sanctificatione
1248 3025 1325 3074 cum
1352 3005 1548 3076 sobrietate.

1091 3281 1139 3350 ΠΙ.

456 3479 518 3538 *(3)
535 3485 661 3560 Fidelis
686 3505 802 3556 sermo
829 3486 863 3556 Si
890 3485 966 3578 quis
993 3488 1229 3580 episcopatum
1257 3487 1451 3571 desiderat,
1486 3487 1614 3558 bonum
1642 3509 1731 3582 opus
1757 3489 1856 3560 desi-

380 3609 488 3680 derat.
539 3601 715 3700 'Oportet
748 3625 833 3698 ergo
867 3607 1066 3700 episcopum
1098 3605 1459 3701 inrepraehensibilem
1486 3627 1581 3692 esse,
1608 3609 1706 3679 unius
1733 3611 1856 3682 uxoris

379 3729 499 3812 virum,
528 3725 691 3810 sobrium,
718 3726 932 3820 prudentem,
960 3737 1127 3813 ornatum,
1155 3729 1373 3823 hospitalem,
1401 3727 1598 3813 doctorem,
1640 3721 1736 3800 ³non
1752 3729 1855 3801 vino-

380 3849 517 3933 lentum,
544 3867 614 3917 non
638 3865 895 3940 percussorem,
928 3845 994 3917 sed
1019 3847 1235 3934 modestum,
1263 3869 1332 3919 non
1358 3848 1550 3940 litigiosum,
1577 3870 1647 3920 non
1674 3849 1855 3942 cupidum,

379 3959 490 4038 ‘suae
517 3966 633 4037 domui
658 3967 750 4037 bene
775 3966 1026 4060 praepositum,
1053 3967 1140 4039 lilios
1166 3968 1351 4040 habentem
1384 3967 1543 4039 subditos
1569 3991 1646 4040 cnm
1674 3969 1767 4040 omni
1793 3991 1857 4040 on-

380 4089 503 4160 stitate.
554 4077 618 4157 ⁵Si
643 4087 720 4180 quis
747 4097 861 4158 autem
889 4085 1005 4157 domui
1032 4109 1117 4159 suae
1141 4109 1308 4182 praeesse
1334 4088 1451 4172 nescit,
1479 4089 1658 4179 quomodo
1685 4089 1856 4162 ecclesiae

380 4207 438 4279 dei
463 4205 673 4299 diligentiam
699 4206 864 4278 babebit?
907 4199 1017 4278 ⁶Non
1041 4210 1265 4302 neophytum,
1292 4229 1337 4278 ne
1364 4207 1398 4278 in
1424 4208 1587 4299 superbia
1613 4211 1721 4280 elatus
1747 4210 1781 4280 in
1798 4210 1855 4280 iu-

381 4327 506 4400 dicium
541 4323 669 4400 incidat
709 4325 846 4398 diaboli.
896 4319 1068 4420 qOportet
1101 4337 1215 4400 autem
1252 4329 1343 4398 illum
1381 4337 1417 4398 et
1452 4327 1682 4400 testimoninm
1722 4319 1855 4401 habere

380 4447 509 4518 bonum
537 4445 582 4518 ab
608 4446 661 4518 his
688 4445 745 4539 qui
770 4446 853 4518 ioris
879 4457 973 4532 sunt,
1010 4457 1140 4518 utnon
1170 4449 1205 4519 in
1231 4445 1455 4540 obprobrium
1480 4448 1608 4522 incidat
1633 4461 1668 4520 et
1692 4450 1855 4542 laqueum

381 4567 519 4640 diaboli.
562 4557 764 4639 ⁸Diaconos
791 4565 944 4638 similiter
968 4567 1123 4660 pudicos,
1151 4591 1221 4640 non
1246 4569 1424 4660 bilingues,
1452 4589 1521 4640 non
1548 4571 1654 4641 multo
1679 4569 1760 4642 vino
1787 4569 1855 4640 de-

381 4688 489 4772 ditos,
523 4705 592 4762 non
622 4697 721 4780 turpe
747 4688 878 4758 lucrum
909 4697 1100 4773 sectantes,
1143 4680 1343 4760 ⁹habentes
1372 4688 1572 4781 mysterium
1599 4688 1681 4759 fidoi
1707 4689 1741 4758 in
1768 4709 1855 4758 oon-

341 4851 344 4862 ·
379 4809 523 4882 scientia
548 4827 644 4900 pura.
696 4798 722 4843 ⁴⁰
738 4807 780 4877 Et
805 4807 839 4877 hi
865 4817 979 4879 autem
1005 4807 1194 4902 probentur
1219 4812 1382 4903 primum,
1415 4819 1450 4879 et
1482 4809 1532 4879 sie
1565 4809 1753 4880 ministrent
1777 4807 1855 4878 nul-

382 4931 451 5000 lum
489 4927 618 5000 odmen
654 4927 832 5000 babentes.
891 4920 914 4963 ⁴¹
933 4928 1094 5001 Mulieres
1130 4927 1281 5000 similiter
1320 4915 1492 5023 pudicos,
1516 4951 1586 5002 non
1622 4927 1855 5014 detrabentes,

383 5049 534 5134 sobrias,
562 5049 682 5122 fideles
707 5049 742 5122 in
769 5048 938 5120 omnibus.
992 5041 1202 5120 ¹²Diacones
1228 5048 1295 5119 sint
1320 5050 1420 5121 unius
1447 5051 1566 5120 uxoris
1591 5049 1668 5134 viri,
1697 5049 1753 5144 qui
1779 5047 1858 5120 liliis

383 5169 452 5244 suis
478 5171 569 5242 bene
596 5179 760 5264 praesunt
794 5179 828 5240 ot
860 5169 931 5240 suis
966 5167 1138 5239 domibus.
1190 5159 1216 5206 ¹³
1234 5168 1298 5252 Qui
1334 5170 1425 5242 enim
1457 5171 1549 5241 bene
1580 5168 1856 5254 ministraverint,

959 5287 995 5374 11,
1024 5291 1042 5359 l
1076 5325 1122 5340 -·
1148 5289 1197 5374 ΙΙΙ,
1226 5291 1283 5359 43.
