4102 6128
515 421 698 485 CAPITULA
725 423 943 486 LECTIONUII
969 423 1172 487 SECUNDUM
1200 419 1404 484 blhTTIlEUll
1663 425 1708 490 ’15

251 625 391 694 LXXIII.
421 624 624 696 Parabolam
661 626 707 696 dc
741 625 947 696 vinitoribus
981 627 1092 718 ponit,
1121 625 1179 717 qui
1209 626 1419 717 perimentes
1447 626 1571 698 missos
1599 627 1642 697 ad
1671 649 1709 696 se

421 765 544 834 servos
570 740 673 814 etiam
701 743 807 814 filium
836 745 1045 816 occiderunt.

253 863 393 933 LXXIII.
423 863 627 934 Parabolam
655 863 700 934 de
727 865 1003 935 contemtoribus
1032 866 1077 936 ad
1105 864 1243 956 nuptias
1272 865 1427 936 invitatis.

264 983 392 1072 LXXV.
423 985 619 1054 Tcmtantes
661 983 707 1054 de
749 984 877 1054 tributo
920 984 1077 1054 Caesaris
1117 983 1237 1054 dando
1276 985 1610 1076 suprainscriptionis
1653 986 1707 1054 vel

421 1101 577 1195 imaginis
604 1103 877 1195 interrogatione
905 1102 1084 1184 destruxit.

251 1223 392 1292 LXXVI.
423 1225 473 1292 De
499 1235 606 1295 uxore
633 1232 768 1318 septem
798 1223 940 1292 fratrum
969 1232 1153 1292 temtantes
1180 1222 1344 1292 inrisores
1371 1221 1632 1291 resurrectionis
1656 1222 1707 1290 in—

421 1341 582 1413 credulos
609 1341 721 1434 arguit
748 1339 987 1412 Sadducaeos‘.

237 1461 392 1532 LXXVII.
420 1463 472 1532 De
500 1483 626 1553 magno
654 1461 740 1554 legis
767 1461 933 1532 mandato
968 1472 1131 1532 temtatus
1158 1459 1339 1554 respondit
1372 1459 1562 1531 dilectionis
1590 1459 1646 1530 dei
1674 1469 1709 1528 et

423 1581 570 1674 proximi
596 1581 743 1674 primum
772 1603 862 1652 esse.
915 1673 920 1680 ι

219 1701 391 1771 LXXVIII.
420 1701 646 1792 interroganti
680 1701 822 1772 domino
850 1700 946 1771 cuius
974 1699 1060 1770 lilius
1088 1711 1184 1772 esset
1212 1701 1362 1771 Christus
1396 1722 1474 1770 cum
1503 1697 1707 1791 respondis-

421 1829 497 1891 sent
523 1820 697 1892 Pharisaei
725 1819 855 1903 David,
890 1819 1009 1890 audito
1045 1821 1247 1892 centensimi
1280 1820 1360 1890 noni
1388 1819 1510 1911 psalmi
1539 1817 1707 1911 principio

421 1951 607 2012 tacuerunt.

210 2062 395 2134 LXXVllIl.
422 2061 498 2130 Non
525 2083 615 2152 quae
643 2059 769 2132 lacinut
796 2058 864 2141 sed,
888 2079 980 2151 quae
1008 2057 1126 2128 dicunt
1160 2059 1335 2130 Pharisaei
1363 2058 1543 2150 praecepit
1576 2059 1708 2130 lacien-

422 2179 520 2250 dum:
555 2179 784 2274 multipbciter
818 2179 976 2270 increpat
1008 2176 1217 2250 Pharisaeos
1244 2179 1290 2250 de
1317 2179 1511 2272 proselyto,
1540 2177 1587 2248 de
1614 2178 1707 2248 iura-

422 2307 555 2384 mento,
592 2301 639 2372 de
666 2301 800 2372 camelo
828 2307 863 2370 et
890 2297 1007 2380 culice,
1037 2298 1145 2369 calice
1173 2308 1207 2368 et
1234 2299 1357 2382 catino,
1386 2299 1618 2370 monumentis
1646 2320 1708 2370 eos

423 2439 630 2512 comparans
657 2419 838 2491 dealbatis.

259 2541 390 2612 LXXX.
419 2539 502 2610 ltam
530 2541 641 2632 arguit
672 2540 880 2611 Pharisaeos
907 2536 1132 2609 aedificantes
1160 2537 1342 2630 sepulchra
1370 2537 1636 2631 prophetarum,
1673 2547 1708 2606 et

422 2657 469 2730 ad
494 2660 704 2732 Illerrrsalem
733 2659 815 2732 dicit
841 2657 993 2752 Lapidas
1020 2679 1084 2728 cos
1111 2657 1169 2748 qui
1190 2637 1241 2728 'ad
1269 2666 1304 2726 te
1333 2658 1425 2728 missi
1453 2667 1539 2726 sunt.

245 2781 391 2852 LXXXI.
419 2777 600 2872 Discipulis
625 2779 917 2872 interrogantibus
944 2776 1080 2868 signum
1108 2776 1278 2847 adventus
1306 2787 1341 2846 at
1358 2776 1434 2846 linis
1453 2776 1581 2846 saeculi
1600 2777 1705 2848 multa

423 2898 580 2972 cavenda
605 2898 782 2992 praecipit.

238 3020 396 3092 LXXXII.
424 3018 638 3110 vigilandum
665 3018 834 3112 praedicit
859 3016 1092 3090 nescientibus
1120 3017 1241 3086 horam
1262 3015 1433 3086 adventus
1452 3016 1513 3100 sui,
1533 2999 1706 3086 subiciens

398 3139 628 3231 parabolam
656 3137 852 3209 de'decem
878 3135 1076 3227 virginibus.

216 3260 387 3331 LXXXIII.
422 3257 629 3330 Parabolam
664 3258 745 3330 dicit
780 3255 926 3327 hominis
961 3255 1070 3325 tribus
1105 3256 1217 3326 servis
1259 3256 1386 3326 talenta
1422 3255 1548 3326 diversi
1577 3256 1707 3326 numeri

422 3378 706 3450 commendantis.

216 3499 401 3570 LXXXIlll.
429 3499 484 3568 Ex
516 3499 678 3570 omnibus
709 3496 869 3589 gentibus
904 3494 937 3564 in
970 3492 1097 3565 iudicio
1132 3491 1323 3584 positurum
1360 3515 1398 3564 se
1427 3493 1593 3585 praedicit
1620 3515 1707 3564 oves

419 3639 437 3688 a
467 3617 611 3702 dextris,
638 3617 752 3688 hedos
780 3637 800 3685 a
826 3615 979 3687 sinistris.
1265 3684 1267 3690 ,

236 3739 393 3829 LXXXV.
421 3737 641 3810 praenuntiat
668 3737 797 3830 pascha
825 3745 906 3828 post
931 3731 1073 3802 biduum
1102 3752 1211 3824 seque
1238 3731 1464 3805 tradendum:
1493 3733 1705 3824 referturque

424 3857 601 3930 consilium
628 3857 844 3939 ludaeorum,
872 3864 907 3924 et
934 3851 980 3923 de
1008 3852 1184 3922 alabastro
1211 3853 1350 3945 ungenti
1379 3874 1448 3943 quo
1476 3853 1597 3946 mulier
1624 3874 1703 3923 eum

424 3978 553 4049 devota
579 3977 743 4070 perfudit:
778 3976 834 4045 vel
862 3973 956 4065 quod
989 3973 1072 4043 luda
1107 3971 1243 4064 triginta
1271 3971 1444 4063 argenteis
1472 3993 1551 4041 eum
1580 3973 1706 4064 placuit

421 4097 633 4169 venditurus.

220 4221 395 4292 LXXXVI.
430 4217 545 4288 Series
571 4216 744 4309 passionis
778 4223 956 4286 enarratur
990 4235 1098 4306 usque
1133 4213 1177 4283 ad
1206 4213 1319 4281 locum
1347 4232 1417 4301 quo
1444 4209 1491 4280 ait
1516 4208 1706 4278 hinnierunt
1785 4221 1791 4236 ·

204 4319 208 4336 ⁵
423 4336 645 4432 sepulchrum
673 4336 849 4428 signantes
875 4333 1025 4426 lapidem
1054 4354 1131 4402 cum
1160 4329 1372 4400 custodibus.

219 4459 403 4530 LXXXVII.
422 4455 694 4528 Resrrrrectionis
721 4453 873 4525 similiter
908 4453 997 4523 ordo
1031 4453 1176 4522 relertur
1204 4474 1223 4522 a
1250 4470 1401 4542 vespere
1432 4448 1567 4518 sabbati
1596 4469 1705 4538 usque

425 4576 471 4647 ad
496 4577 611 4646 locum
645 4597 714 4666 quo
749 4575 795 4646 ait
826 4575 868 4644 Et
900 4573 1111 4662 divulgatum
1146 4579 1200 4640 est
1233 4569 1378 4640 verbum
1411 4568 1500 4638 istud
1530 4567 1622 4659 apud
1650 4567 1704 4636 lu-

425 4696 535 4766 daeos
562 4695 732 4786 usquein
760 4694 962 4766 hodiernum
989 4690 1090 4762 diem.
1454 4675 1459 4686 ’

221 4817 417 4890 LXXXVIII.
445 4813 610 4886 Undecim
638 4813 816 4908 discipulis
838 4813 871 4882 in
897 4821 1015 4882 monte
1042 4807 1266 4880 adorantibus
1301 4805 1496 4899 baptizandi
1522 4805 1704 4874 formulam
1830 4857 1833 4864 ,

425 4935 527 5008 tradit
561 4945 595 5004 et
630 4955 728 5004 suam
764 4935 815 5004 eis
848 4953 958 5024 usque
991 4931 1023 4999 in
1061 4929 1163 4998 linem
1198 4925 1326 4996 saeculi
1360 4925 1592 5016 praesentiam
1628 4927 1705 5016 pol-

436 5080 467 5127 IC
505 5079 552 5126 ur.

425 5059 434 5128 Ι
468 5067 503 5128 et
609 5169 835 5232 exsulamur
865 5165 1056 5239 ,carnum
1089 5159 1313 5226 uacrronuu.
1439 5139 1440 5142 ‘
