4254 6130
385 323 455 400 ΗΞ
805 327 1043 390 Evnnonttutt
1070 327 1270 390 SECUNDUM
1296 325 1421 391 Lucan

382 555 402 605 a
429 542 669 616 monumento,
713 525 779 602 ³et
805 531 985 623 ingressae
1011 551 1080 600 non
1106 541 1310 603 invenerunt
1336 550 1463 625 corpus
1489 530 1617 602 domini
1648 531 1734 604 lesu.
1786 523 1858 602 *Et

382 655 505 724 iactum
533 662 588 724 est
613 652 694 724 dum
722 659 838 722 mente
866 659 1105 722 consternatae
1131 661 1249 723 essent
1274 651 1321 722 de
1347 651 1423 735 isto,
1451 671 1536 721 ecce
1563 649 1633 722 duo
1659 651 1724 722 viri
1749 661 1856 724 stete-

381 783 458 845 runt
483 793 585 844 secus
612 773 684 844 illas
710 773 744 842 in
772 780 871 842 veste
897 771 1053 863 fulgenti:
1096 762 1213 816 ”ml
1243 792 1321 842 cum
1347 769 1508 842 timerent
1540 780 1653 842 autem
1688 781 1724 843 et
1748 773 1856 845 decli-

279 923 283 928 ·
380 903 502 964 narent
526 892 653 964 vultum
681 893 714 962 in
741 901 877 976 terram,
906 891 1066 963 dixerunt
1092 889 1137 961 ad
1163 889 1236 960 illas
1264 891 1354 975 Quid
1387 889 1552 984 quaeritis
1577 891 1752 962 viventem
1779 914 1856 964 cum

381 1014 547 1109 mortuis?
590 1004 697 1082 ⁶Non
724 1023 778 1083 est
804 1011 868 1097 hic,
896 1012 961 1084 sad
988 1011 1191 1083 resurrexit:
1217 1011 1448 1083 recordamini
1475 1011 1619 1103 qualiter
1644 1013 1777 1083 locutus
1805 1023 1858 1083 est

302 1131 305 1138 ’
383 1133 583 1204 vobiscum
613 1131 726 1203 adbuc
752 1133 785 1202 in
812 1133 961 1205 Galilaea
988 1143 1096 1216 esset,
1139 1123 1290 1202 7dicens
1317 1131 1395 1223 quia
1425 1139 1563 1223 oportet
1588 1131 1692 1203 filium
1711 1133 1856 1204 bominis

381 1253 468 1325 tradi
495 1253 528 1322 in
554 1273 675 1322 manus
703 1253 878 1324 hominum
904 1263 1125 1346 peccatorum
1152 1261 1187 1322 et
1213 1249 1362 1342 cruciligi
1391 1259 1426 1320 et
1452 1250 1510 1322 die
1536 1253 1634 1322 tertia
1658 1273 1854 1345 resurgere.

378 1365 450 1444 8llt
475 1371 681 1444 recordatae
708 1383 786 1444 sunt
811 1372 996 1443 verborum
1025 1371 1114 1455 eino,
1166 1361 1280 1416 ”ml
1299 1378 1334 1439 et
1365 1390 1547 1462 regressae
1580 1395 1599 1443 a
1631 1382 1854 1443 monumento

378 1494 620 1564 nuntiaverunt
645 1493 732 1564 haec
759 1493 874 1566 omnia
902 1493 965 1563 illis
993 1489 1153 1563 undecim
1180 1495 1216 1559 et
1241 1489 1367 1560 ceteris
1395 1490 1562 1562 omnibus.
1615 1483 1755 1540 ΝΜ)
1773 1493 1855 1564 Erat

379 1625 493 1685 autem
520 1613 625 1683 Maria
650 1613 855 1705 Magdalcna
882 1626 917 1683 et
942 1613 1094 1684 lobanna
1120 1617 1157 1681 et
1180 1608 1287 1680 Maria
1312 1609 1428 1680 lacobi
1454 1621 1489 1682 ct
1513 1621 1650 1682 ceterae
1668 1633 1758 1704 quae
1777 1635 1853 1684 cum

379 1735 431 1805 eis
458 1743 564 1818 erant,
593 1754 683 1824 quae
710 1732 873 1804 dicebant
898 1731 943 1802 ad
970 1731 1149 1824 apostolos
1176 1729 1273 1799 baec.
1326 1722 1348 1768 ⁴⁴
1369 1731 1411 1800 Et
1444 1730 1519 1802 visa
1555 1739 1632 1800 sunt
1664 1741 1743 1803 ante
1777 1733 1853 1804 illos

379 1855 466 1925 sicut
492 1853 755 1925 deliramentum
782 1853 891 1924 verba
916 1853 999 1937 ista,
1034 1863 1070 1923 et
1101 1873 1170 1921 non
1206 1849 1398 1922 credebant
1423 1849 1495 1920 illis.
1549 1842 1574 1886 ¹²
1591 1849 1713 1922 Petrus
1740 1863 1853 1924 autem

378 1997 524 2067 surgens
552 1974 700 2043 cucurrit
726 1973 771 2044 ad
797 1980 1066 2054 mouumentum,
1093 1979 1129 2040 et
1154 1971 1389 2063 procumbens
1415 1969 1500 2042 vidit
1516 1969 1713 2043 linteamina
1730 1973 1853 2067 posita,

378 2105 413 2166 et
440 2093 523 2168 abiit
549 2115 668 2165 secum
695 2094 823 2166 mirans
850 2092 945 2186 quod
972 2094 1097 2162 sactum
1124 2091 1241 2162 fluerat.
1286 2082 1312 2128 ⁴³
1329 2090 1371 2161 Et
1398 2111 1481 2162 ecce
1508 2089 1578 2162 duo
1605 2113 1651 2160 cx
1677 2092 1741 2164 illis
1759 2093 1854 2164 ibant

378 2217 453 2308 ipsa
479 2213 536 2286 die
563 2213 597 2282 in
623 2213 811 2298 castellum,
839 2211 933 2306 quod
961 2222 1035 2284 erat
1059 2210 1092 2282 in
1118 2211 1231 2303 spatio
1259 2211 1449 2283 stadiorum
1484 2211 1666 2302 sexaginta
1701 2213 1745 2284 ab
1772 2213 1852 2282 llic-

376 2336 536 2419 rusalcm,
564 2335 703 2405 nomine
728 2333 906 2418 Emmaus,
950 2321 977 2370 ⁴⁴
993 2342 1028 2404 et
1052 2330 1118 2425 ipsi
1134 2331 1363 2424 loquebantur
1380 2331 1426 2404 ad
1444 2331 1589 2403 invicem
1608 2330 1654 2402 de
1671 2331 1724 2402 his
1742 2333 1856 2402 omni-·

376 2457 443 2528 bns
470 2477 560 2549 quae
587 2453 792 2526 acciderant
844 2445 870 2490 ⁴⁵
885 2453 928 2523 Et
954 2453 1078 2524 lactum
1106 2462 1160 2523 est
1186 2453 1268 2524 dum
1294 2453 1527 2524 fabularentur
1553 2459 1588 2523 ct
1605 2473 1724 2523 secum
1743 2473 1851 2544 quac-

377 2586 501 2661 rerent‚
530 2575 666 2668 etipse
693 2575 789 2646 lesus
816 2573 1097 2668 appropinquans
1123 2573 1195 2644 ibat
1220 2595 1297 2644 cum
1324 2573 1403 2644 illis:
1447 2564 1474 2610 ⁴⁶
1490 2573 1580 2644 oculi
1598 2581 1712 2645 autem
1730 2594 1851 2644 eorum

377 2697 585 2769 tenebantur
611 2716 656 2766 ne
683 2717 763 2766 eum
790 2704 1028 2787 agnoscerent.
1080 2685 1106 2784 ⁴7
1122 2693 1164 2764 Et
1196 2694 1242 2764 ait
1273 2693 1319 2766 ad
1352 2693 1427 2766 illos
1454 2693 1518 2778 Qui
1552 2703 1630 2764 sunt
1655 2693 1700 2763 bi
1716 2714 1851 2764 sermo-

376 2839 439 2890 nes
474 2837 563 2909 qnos
598 2815 759 2887 confertis
793 2814 839 2886 ad
875 2814 1020 2886 invicem
1056 2813 1286 2899 ambulantes,
1315 2823 1351 2884 et
1382 2813 1465 2886 estis
1496 2814 1635 2884 tristes?
1685 2805 1711 2850 ⁴⁸
1727 2813 1769 2884 Et
1792 2835 1850 2884 re-

378 2937 554 3031 spondens
581 2957 680 3021 unus,
708 2937 761 3007 cui
788 2957 915 3006 nornen
942 2935 1105 3028 cleopas,
1133 2933 1220 3005 dixit
1252 2935 1285 3005 ei
1312 2935 1362 3005 Tu
1396 2935 1491 3006 solus
1521 2933 1723 3027 peregrinus
1750 2955 1790 3004 es
1818 2934 1850 3003 in

376 3055 590 3129 Hierusalem
618 3067 653 3126 et
677 3078 747 3128 non
774 3055 965 3148 cognovisti
991 3076 1082 3149 quae
1109 3054 1197 3125 lacta
1224 3055 1362 3125 suntin
1389 3055 1444 3125 illa
1471 3055 1523 3125 his
1550 3053 1699 3125 diebus‘l
1726 3044 1752 3092 ⁴⁹
1766 3053 1850 3137 Qui-

375 3179 441 3249 bus
475 3177 530 3248 illa
564 3175 650 3247 dixit
683 3177 804 3262 Quae?
836 3176 878 3247 Et
912 3175 1073 3247 dixerunt
1103 3175 1155 3244 De
1188 3174 1264 3244 lesu
1290 3173 1486 3260 Nazareno,
1521 3175 1577 3267 qui
1604 3174 1664 3245 luit
1688 3173 1741 3243 vir
1766 3195 1849 3266 pro-

376 3299 479 3392 pbeta
514 3307 639 3391 potens
674 3297 708 3366 in
742 3318 850 3391 opera
885 3307 920 3367 et
952 3315 1113 3368 sermone
1147 3315 1265 3364 coram
1300 3295 1369 3366 deo
1405 3305 1440 3366 et
1466 3295 1558 3366 omni
1584 3294 1731 3388 populo,
1774 3285 1801 3330 ’⁰
1817 3303 1851 3364 et

376 3417 553 3512 quomodo
592 3439 671 3487 eum
712 3417 927 3490 tradiderunt
967 3415 1090 3488 summi
1130 3414 1351 3486 sacerdotum
1394 3427 1429 3486 et
1468 3417 1642 3510 principes
1678 3414 1786 3486 nostri
1817 3414 1850 3484 in

258 3579 262 3586 ·
330 3516 332 3524 ’
375 3539 629 3610 damnationem
667 3539 787 3609 mortis
825 3545 859 3607 et
890 3535 1131 3606 crucifixcnmt
1170 3556 1260 3605 eum.
1318 3527 1342 3574 ²⁴
1362 3534 1435 3608 Nos
1473 3547 1588 3609 autem
1623 3536 1850 3628 sperabamus

375 3659 454 3752 quia
480 3661 557 3752 ipse
585 3667 681 3728 esset
706 3657 925 3729 redemturus
951 3656 1095 3728 lsrahel:
1123 3663 1158 3724 et
1183 3677 1273 3726 nunc
1299 3677 1404 3750 super
1421 3657 1509 3728 haec
1526 3657 1641 3728 omnia
1658 3656 1758 3728 tertia
1775 3653 1850 3728 dics

375 3777 486 3849 hodie
514 3777 610 3870 quod
641 3777 730 3849 baec
762 3779 852 3849 sacta
885 3787 971 3848 sunt.
1023 3767 1050 3814 ¹²
1067 3774 1138 3846 Sed
1173 3784 1208 3845 et
1242 3777 1402 3847 mulieres
1441 3777 1614 3870 quaedam
1647 3796 1694 3846 ex
1724 3776 1848 3848 nostris

375 3906 566 3968 terruerunt
591 3919 665 3982 nos,
692 3920 782 3990 quae
809 3907 889 3969 ante
915 3897 1025 3968 lucem
1052 3897 1187 3967 luerunt
1213 3895 1258 3966 ad
1282 3909 1558 3983 monumentum,
1602 3889 1677 3968 ”et
1702 3917 1771 3968 non
1797 3896 1854 3982 in<

374 4027 478 4088 vento
505 4038 653 4110 corpore
680 4018 754 4088 eius
780 4025 948 4088 venerunt
973 4016 1129 4087 dicentes
1157 4037 1197 4086 se
1223 4017 1323 4087 etiam
1365 4018 1533 4090 visionem
1568 4018 1769 4110 angelorum
1796 4017 1848 4085 vi-

374 4138 481 4222 disse,
508 4138 566 4230 qui
594 4137 710 4208 dicunt
737 4159 816 4209 eum
846 4138 970 4208 vivere.
1023 4123 1104 4206 '‘Et
1130 4135 1288 4207 abierunt
1314 4138 1454 4230 quidam
1482 4159 1527 4210 ex
1553 4138 1680 4209 nostris
1708 4138 1754 4208 ad
1771 4157 1848 4207 rno-

373 4267 588 4341 numentum,
625 4267 660 4327 et
695 4258 740 4328 ita
774 4258 974 4328 invenerunt
1005 4257 1093 4327 sicut
1127 4256 1287 4328 mulieres
1322 4257 1497 4342 dixerunt,
1532 4259 1643 4352 ipsum
1670 4278 1754 4327 vero
1781 4277 1848 4327 non

374 4379 582 4450 invenerunt.
634 4369 662 4414 ¹⁵
678 4377 719 4448 Et
745 4377 822 4470 ipse
849 4376 936 4448 dixit
962 4377 1007 4447 ad
1038 4398 1101 4447 eos
1128 4377 1157 4447 Ο
1185 4377 1275 4448 stulti
1312 4387 1346 4447 et
1379 4379 1467 4451 tardi
1495 4378 1603 4450 corde
1630 4377 1675 4449 ad
1701 4377 1848 4449 creden-

374 4498 456 4570 dum
491 4499 525 4568 in
567 4497 726 4568 omnibus
760 4519 850 4591 quae
884 4497 986 4570 locuti
1020 4507 1098 4568 sunt
1131 4497 1332 4590 prophetae.
1383 4490 1410 4538 ’ὓ
1426 4499 1547 4570 Nonne
1580 4497 1667 4568 haec
1701 4496 1851 4590 oportuit

375 4620 442 4712 pati
471 4617 637 4690 Christum
674 4628 709 4690 et
742 4619 787 4689 ita
820 4619 945 4688 intrare
981 4617 1183 4708 ingloriam
1218 4621 1341 4690 suam‘?
1397 4610 1424 4656 ’Ἰ
1440 4621 1482 4690 Et
1507 4617 1672 4712 incipiens
1706 4617 1850 4688 ablose

374 4749 408 4809 et
436 4738 597 4811 omnibus
623 4741 802 4833 prophetis
831 4737 1117 4832 interpretabatur
1144 4737 1207 4807 illis
1234 4737 1268 4808 in
1296 4739 1456 4810 omnibus
1484 4737 1660 4830 scripturis
1688 4759 1778 4830 quae
1804 4737 1849 4808 de

373 4860 451 4952 ipso
479 4868 584 4929 erant.
637 4851 664 4895 ²⁸
681 4861 722 4930 Et
748 4861 1108 4955 appropinquaverunt
1142 4859 1284 4930 castello
1318 4881 1387 4952 quo
1422 4861 1531 4944 ibant,
1565 4869 1601 4929 et
1632 4861 1708 4953 ipse
1735 4851 1850 4929 'finxit

375 4999 413 5049 se
439 4979 575 5071 longius
603 4982 669 5066 irc,
721 4971 748 5016 ¹⁹
765 4991 799 5052 et
826 4989 1015 5071 coegerunt
1042 4979 1132 5049 illum
1161 4977 1315 5052 dicentes
1342 4980 1442 5052 blane
1468 4979 1660 5065 nobiscum,
1688 4979 1848 5071 quoniam

318 5141 320 5150 =
375 5099 634 5192 advesperascit
652 5110 686 5169 ct
704 5101 873 5174 declinata
892 5110 946 5169 cst
970 5101 1036 5170 iam
1056 5099 1142 5172 dies.
1187 5099 1228 5169 Et
1252 5100 1387 5171 intravit
1404 5123 1481 5172 cnm
1500 5101 1572 5172 illis.
1624 5091 1651 5138 ω
1667 5101 1708 5171 Et
1725 5097 1850 5170 iactum

923 5220 1086 5302 xmus
1144 5259 1188 5272 -
1244 5221 1307 5290 30:
