4242 6118
640 1426 1007 1534 uvluouuuu
1052 1371 1358 1535 suouuouu
1402 1431 1605 1538 noenu.

1108 1725 1130 1792 l.

457 1905 561 1960 '‘⁴⁸¹⁰''
586 1896 760 2020 Quoniam
788 1929 928 2023 quidem
955 1931 1049 2004 multi
1075 1931 1188 2004 conati
1220 1941 1299 2004 sunt
1324 1931 1486 2004 ordinare
1512 1931 1741 2002 narrationem
1769 1950 1858 2020 quae

381 2052 415 2120 in
440 2049 541 2122 nobis
567 2051 760 2144 completae
787 2061 866 2122 sunt
898 2072 1023 2137 rerum,
1067 2045 1186 2123 'sicut
1217 2051 1431 2124 tradiderunt
1463 2051 1563 2124 nohis
1597 2050 1655 2143 qui
1689 2049 1733 2120 ab
1767 2047 1858 2118 initio

381 2169 445 2265 ipsi
470 2168 629 2242 viderunt
655 2180 691 2241 et
716 2169 857 2240 ministri
884 2171 1018 2243 luerunt
1044 2173 1228 2258 sermonis,
1272 2165 1413 2245 ³visum
1449 2181 1502 2242 est
1528 2170 1671 2242 etmihi
1698 2177 1859 2241 assecuto

381 2290 593 2385 aprincipio
621 2290 736 2362 omnia
772 2289 951 2382 diligenter
984 2313 1030 2362 ex
1064 2293 1185 2365 ordine
1225 2293 1282 2364 tibi
1316 2293 1487 2377 scribere,
1533 2291 1662 2385 optime
1697 2288 1858 2374 Theofile,

380 2401 448 2483 *ut
473 2431 667 2503 cognoscas
694 2431 815 2481 eorum
841 2411 1028 2482 verhomm
1056 2412 1252 2504 dequibus
1279 2413 1432 2485 eruditus
1459 2433 1499 2482 es
1528 2411 1715 2482 veritatem.
1755 2401 1860 2480 ὃΡιιίι

380 2530 415 2600 in
441 2530 564 2602 diebus
589 2529 737 2602 Herodis
763 2531 856 2622 regis
881 2530 1029 2603 iudaeae
1056 2533 1223 2606 sacerdos
1256 2533 1396 2625 quidam
1430 2533 1571 2604 nomine
1602 2529 1784 2602 Zacharias
1811 2528 1858 2600 de

381 2653 457 2721 vice
482 2649 580 2736 Abia,
608 2659 643 2720 et
668 2670 759 2720 uxor
784 2651 828 2720 illi
856 2651 901 2722 de
926 2650 1059 2723 liliabus
1076 2652 1204 2738 Aaron,
1232 2661 1267 2722 et
1292 2675 1421 2724 nomen
1447 2652 1522 2724 eius
1539 2650 1700 2721 Elisabet.
1733 2642 1860 2720 6Erant

381 2780 496 2841 autem
522 2771 600 2841 iusti
626 2770 729 2841 ambo
758 2779 837 2841 ante
864 2771 977 2856 deum,
1006 2771 1207 2844 incedentes
1233 2773 1267 2842 in
1294 2773 1453 2842 omnibus
1479 2770 1650 2842 mundatis
1677 2781 1713 2842 et
1737 2769 1858 2841 iustili-

381 2891 572 2962 cationibus
601 2889 728 2961 domini
756 2891 830 2962 sine
858 2892 1019 2984 querella.
1058 2886 1130 2963 7llt
1155 2915 1224 2965 non
1252 2902 1327 2964 erat
1353 2893 1417 2962 illis
1443 2891 1541 2977 lilius,
1570 2913 1613 2962 eo
1640 2891 1736 2984 quod
1763 2901 1859 2961 esset

379 3011 533 3082 Elisabet
559 3012 693 3082 sterelis
720 3021 755 3081 et
780 3011 885 3082 ambo
912 3013 1167 3106 processissent
1194 3015 1227 3083 in
1254 3013 1378 3083 diebus
1397 3014 1479 3084 suis.
1522 3005 1693 3084 ⁸Factum
1721 3020 1776 3082 est
1794 3033 1857 3081 au-

380 3142 451 3203 tem
479 3153 556 3202 cum
582 3130 779 3203 sacerdotio
806 3133 1005 3224 iungeretur
1030 3132 1063 3202 iu
1092 3133 1214 3204 ordine
1240 3134 1325 3204 vicis
1359 3155 1444 3204 suae
1477 3143 1555 3206 aute
1589 3132 1714 3217 deum,
1742 3124 1857 3220 ¹⁹se-

381 3251 531 3325 cundum
559 3252 842 3322 consuetudinem
869 3253 1055 3324 sacerdotii
1079 3255 1165 3324 forte
1193 3254 1277 3324 exiit
1303 3264 1339 3324 ut
1356 3254 1533 3324 incensum
1552 3261 1699 3346 poneret
1723 3253 1858 3344 ingrcs-

381 3394 440 3444 sus
466 3373 501 3442 in
526 3374 691 3467 templum
719 3373 866 3458 domini,
910 3363 937 3410 ⁴⁰
954 3382 989 3443 et
1021 3373 1133 3443 omnis
1168 3372 1348 3444 multitudo
1383 3385 1458 3446 erat
1491 3374 1610 3467 populi
1644 3394 1748 3444 orans
1775 3372 1858 3442 loris

379 3493 466 3564 hora
492 3493 630 3563 incensi.
675 3485 697 3528 ⁴¹
716 3491 884 3587 Apparuit
910 3503 1025 3564 autem
1043 3493 1088 3562 illi
1115 3495 1257 3586 augelus
1276 3493 1404 3564 domini
1431 3503 1564 3566 stansa
1591 3493 1724 3565 dextris
1743 3493 1858 3564 altaris

380 3614 520 3685 incensi.
573 3603 599 3648 ⁴²
615 3614 657 3683 Et
682 3613 866 3685 Zacharias
892 3613 1048 3684 turbatus
1074 3623 1128 3686 est
1154 3614 1287 3700 videns,
1315 3625 1350 3685 et
1376 3615 1478 3685 timor
1510 3615 1610 3684 inruit
1637 3635 1743 3708 super
1769 3635 1859 3684 eum.

380 3727 406 3771 ⁴³
422 3735 479 3805 Ait
512 3743 626 3805 autem
662 3733 707 3804 ad
740 3734 831 3804 illum
866 3734 1008 3824 angelus
1035 3734 1087 3803 Ne
1121 3735 1262 3814 timeas,
1288 3734 1469 3820 Zacharia,
1506 3735 1668 3826 quoniam
1695 3733 1858 3806 exaudita

313 3936 321 3944 ι
382 3864 435 3925 est
461 3853 662 3946 deprecatio
689 3863 756 3938 tua,
784 3863 819 3922 et
843 3875 934 3923 uxor
960 3863 1019 3925 tua
1045 3853 1196 3925 Elisabet
1221 3855 1332 3949 pariet
1357 3855 1416 3925 tibi
1444 3854 1558 3940 lilium,
1578 3865 1613 3925 et
1630 3855 1775 3926 vocabis
1792 3874 1858 3923 no-

382 3996 462 4046 men
488 3975 561 4046 eius
588 3973 788 4058 Iohannem,
831 3964 857 4008 ¹⁴
875 3981 909 4042 et
936 3973 999 4044 erit
1024 3974 1189 4065 gaudium
1216 3975 1276 4045 tibi
1303 3984 1339 4045 et
1360 3975 1534 4060 exultatio,
1562 3974 1717 4046 etmulti
1744 3973 1778 4042 in
1795 3995 1859 4044 na-

383 4095 511 4167 tivitate
538 4095 612 4166 eius
639 4092 853 4186 gaudebunt:
907 4084 933 4128 ¹⁵
950 4093 1014 4163 erit
1041 4094 1131 4164 enim
1164 4117 1310 4187 magnus
1337 4117 1456 4165 coram
1483 4095 1657 4186 domino,¹
1677 4105 1712 4164 et
1742 4093 1860 4164 vinum

381 4225 417 4286 et
443 4216 554 4286 sicera
580 4213 779 4298 nonbibet,
807 4222 843 4283 et
869 4212 987 4306 spiritu
1014 4223 1134 4284 sancto
1168 4215 1355 4309 replebitur
1388 4214 1502 4285 adhuc
1535 4237 1581 4287 ex
1614 4224 1714 4285 utero
1741 4213 1858 4285 matris

382 4358 479 4423 suae,
524 4325 551 4371 ⁴⁶
568 4344 603 4404 et
629 4333 754 4404 multos
788 4331 932 4403 liliorum
948 4391 951 4398 .
967 4333 1095 4404 Israhel
1128 4344 1308 4406 convertet
1340 4334 1386 4405 ad
1420 4335 1596 4406 dominum
1629 4334 1734 4406 deum
1761 4336 1859 4428 ipso-

209 4459 212 4466 ’
265 4525 273 4543 ,
381 4479 474 4526 rum:
520 4445 546 4489 ¹⁷
563 4464 598 4524 ct
623 4454 698 4548 ipse
724 4452 912 4546 praecedet
938 4462 1017 4523 ante
1043 4453 1134 4524 illum
1161 4456 1194 4525 in
1220 4455 1338 4548 spiritu
1361 4463 1397 4525 et
1422 4455 1547 4526 virtute
1564 4455 1692 4540 Heliae,
1720 4465 1758 4526 ut
1774 4476 1859 4526 con-

382 4585 494 4649 vertat
528 4557 636 4653 corda
667 4583 802 4666 patrum
836 4574 870 4643 in
902 4572 990 4644 filios
1028 4584 1062 4644 et
1095 4574 1313 4645 incredibiles
1348 4574 1394 4646 od
1433 4574 1650 4667 prudentiam
1683 4576 1858 4657 iustorum,

134 4753 144 4762 .
275 4749 278 4755 .
382 4717 507 4787 parare
541 4694 683 4766 domino
723 4694 862 4788 plebem
895 4695 1094 4788 perlectam.
1147 4685 1173 4729 ⁴⁸
1189 4694 1231 4764 Et
1270 4693 1357 4764 dixit
1387 4695 1571 4767 Zacharias
1613 4695 1659 4767 ad
1700 4695 1860 4788 angelum

383 4815 479 4887 Unde
506 4815 573 4886 hoc
600 4815 734 4886 sciam?
761 4837 828 4908 ego
857 4817 945 4885 enim
973 4833 1049 4885 sum
1077 4834 1195 4898 senex,
1223 4823 1258 4884 et
1284 4835 1373 4886 uxor
1402 4837 1480 4887 mea
1516 4815 1685 4909 processit
1717 4817 1750 4886 in
1784 4815 1860 4887 die-

383 4933 449 5005 bus
475 4936 555 5006 suis.
600 4927 626 4972 ⁴⁹
642 4935 683 5006 Et
708 4934 925 5028 respondens
953 4935 1094 5028 angelus
1122 4933 1208 5005 dixit
1234 4933 1265 5004 ei
1290 4935 1366 5028 Ego
1393 4957 1469 5006 sum
1496 4935 1656 5008 Gabrihel
1683 4937 1741 5028 qui
1758 4936 1859 5009 adsto

385 5063 463 5125 ante
490 5054 604 5140 deum,
633 5067 668 5127 et
693 5057 818 5127 missus
845 5076 920 5126 sum
947 5054 1040 5148 loqui
1073 5053 1118 5125 ad
1145 5062 1179 5124 tc
1207 5053 1355 5126 ethaeo
1388 5055 1449 5126 tibi
1476 5057 1747 5150 evangelizare.¹
1776 5047 1803 5094 ¹⁰
1819 5055 1861 5126 Et

385 5195 469 5245 ecce
496 5175 564 5248 eris
590 5185 709 5247 tacens
736 5187 771 5248 et
796 5197 865 5246 non
891 5175 1021 5269 poteris
1047 5174 1141 5268 loqui
1167 5195 1278 5267 usque
1304 5175 1338 5244 in
1365 5173 1457 5246 diem
1476 5196 1546 5267 quo
1573 5176 1661 5248 baec
1678 5175 1768 5261 liant,
1795 5196 1859 5268 pro

1002 5297 1023 5381 l,
1055 5299 1067 5366 l
1104 5335 1149 5348 -
1179 5299 1237 5370 20.
