4220 6124
383 419 456 490 326
672 419 854 483 ctattuua
881 417 1083 483 Eetsruchu
1110 421 1161 484 hl)
1187 419 1564 484 THESSALONICENSES
1590 423 1608 482 l.

479 625 558 696 XIII.
585 627 636 694 Ile
670 625 830 718 apostolo
862 635 982 696 orante
1014 647 1080 718 pro
1107 625 1433 698 Thessalonicenses
1463 637 1500 696 ut
1530 626 1720 698 secundum
1747 625 1854 696 tradi-

585 746 711 815 tionem
738 743 843 836 ipsius
874 745 1096 816 ambularent.

463 866 556 936 XIIII.
582 865 635 934 De
661 864 864 935 abstinentia
890 863 1122 936 fornicationIs
1149 875 1183 934 et
1209 865 1354 950 fraudis,
1383 866 1489 937 etde
1516 865 1742 958 possessione
1769 888 1854 936 oon-

585 983 665 1076 iugii
691 985 831 1076 proprii.

491 1105 558 1174 XV.
586 1105 637 1174 De
664 1124 784 1174 amore
810 1105 1036 1176 Iratemitatis.

480 1225 560 1294 XVI.
587 1225 640 1294 De
672 1223 799 1294 sanctis
832 1235 869 1294 ut
902 1225 1007 1317 quleti
1040 1225 1120 1310 sint,
1155 1236 1189 1296 et
1216 1247 1303 1296 unus
1335 1226 1479 1324 quisque
1512 1235 1593 1317 agat
1618 1247 1716 1296 suurn
1744 1246 1854 1316 nego-

585 1344 678 1428 tium,
706 1353 741 1414 et
766 1353 803 1413 ut
827 1343 948 1414 nullius
975 1355 1101 1435 egeant
1126 1345 1283 1417 manibus
1303 1355 1497 1437 operentur.

465 1465 559 1534 XVII.
586 1465 638 1534 De
663 1463 915 1536 resurrectione
942 1473 976 1534 et
1002 1457 1120 1562 'raptu
1147 1475 1345 1538 sanctornm
1371 1465 1404 1534 in
1431 1464 1579 1534 nubibus
1606 1465 1650 1536 ad
1670 1485 1854 1535 occurren-

585 1583 667 1655 dum
693 1585 727 1654 in
753 1605 836 1655 aera
862 1582 1003 1654 domino
1031 1584 1166 1656 Christo
1192 1585 1278 1655 Iesu.

450 1705 558 1776 XVIII.
585 1705 637 1774 De
662 1703 848 1776 infidelium
875 1725 916 1774 ae
942 1705 1032 1775 male
1059 1705 1274 1798 operantium
1300 1705 1435 1775 interitu
1461 1706 1648 1798 repentino.

475 1825 559 1896 XIII.
586 1825 638 1896 Ile
664 1821 739 1894 liliis
765 1824 849 1893 lucis
875 1845 917 1894 ac
943 1823 1009 1895 diei
1037 1833 1072 1894 et
1097 1823 1172 1894 liliis
1198 1826 1309 1896 nocIIs
1335 1847 1378 1896 ac
1402 1825 1631 1896 tenebrarum.

489 1945 560 2014 XX.
587 1945 639 2013 Ile
672 1964 798 2013 somno
832 1945 1003 2016 communi
1036 1955 1071 2015 et
1107 1965 1232 2016 somno
1266 1944 1431 2039 perhrliae
1463 1955 1497 2016 et
1531 1942 1738 2039 spiritalibus
1777 1965 1853 2014 mo-

584 2063 751 2134 nimentis.

480 2185 563 2254 XIII.
590 2185 641 2254 lle
667 2185 860 2254 reverentia
886 2185 919 2254 in
946 2185 1134 2257 ministerio
1160 2185 1387 2256 laborantium
1415 2196 1518 2278 atque
1543 2185 1735 2256 doctorem.

465 2305 561 2375 XXII.
588 2305 639 2374 De
682 2325 752 2374 non
798 2304 1033 2396 extinguendo
1080 2307 1197 2400 spiritu
1241 2327 1308 2376 nee
1354 2305 1550 2398 spernenda
1596 2305 1776 2398 prophetia
1821 2315 1855 2374 et

587 2425 738 2494 omnium
774 2425 1036 2496 examinatione.

452 2545 560 2614 XXlll.
587 2545 639 2614 Ile
672 2545 832 2636 apostolo
867 2555 1051 2636 praecaute
1078 2555 1114 2616 ut
1140 2539 1515 2620 'Thessalonicensium
1548 2544 1682 2637 integer
1719 2547 1854 2640 spiritus

587 2674 622 2734 et
654 2666 766 2734 anima
799 2671 834 2734 et
867 2685 993 2757 corpus
1024 2665 1058 2734 in
1091 2665 1277 2736 adventum
1314 2665 1443 2736 domini
1482 2665 1590 2736 nostri
1624 2665 1702 2737 Iesu
1736 2667 1854 2738 Christi

586 2777 772 2856 servettn.'
1431 2851 1436 2856 .

438 2903 560 2976 XXIIII.
588 2905 639 2974 De
672 2904 834 2997 apostolo
866 2912 1004 2994 petente
1039 2913 1076 2974 ut
1101 2927 1166 2998 pro
1199 2926 1242 2976 eo
1270 2905 1598 2982 Thessalonicenses
1629 2906 1664 2980 in
1690 2907 1852 2978 orationi-

583 3023 650 3098 hus
676 3024 897 3118 postuloront.
1340 3009 1347 3020 ’

464 3147 562 3217 XXV.
589 3147 641 3216 De
668 3145 830 3239 apostolo
853 3143 1182 3218 Thessalonicenses
1209 3145 1388 3240 adiurante
1412 3146 1607 3240 pereleum
1634 3156 1672 3220 ut
1697 3147 1853 3219 omnihus

585 3265 743 3342 fratribus
770 3264 915 3359 epistula
940 3264 1093 3356 legatur·
1656 3277 1662 3284 “
1719 3265 1723 3274 ’

902 3433 1125 3499 EXPEICIUNT
1147 3433 1338 3500 CAPITULA.
