4242 6118
399 402 446 471 88
811 401 1050 466 Evahomttttt
1076 401 1277 464 SECUNDUM
1301 403 1455 468 unacurt
1576 443 1580 458 ,

398 609 538 682 tradidit
567 609 680 680 lesum
712 607 855 700 flagellis
890 627 1030 678 caesum
1063 617 1100 677 ut
1133 607 1398 702 crucifigeretur.
1460 599 1587 654 ΝΜ
1603 608 1725 679 llilites
1756 617 1870 682 autem

398 732 572 804 duxerunt
597 749 678 799 eum
703 729 737 798 irr
763 727 885 798 atrium
911 728 1090 820 praetorii,
1118 737 1153 798 et
1187 741 1379 802 convocant
1410 737 1517 799 totam
1552 704 1741 813 cohortem,
1794 721 1819 766 ¹⁷
1836 741 1871 802 et

397 853 541 926 induunt
566 869 645 920 eum
671 869 831 940 purpura,
859 856 893 918 et
918 847 1084 940 inponunt
1110 849 1142 918 ei
1168 850 1358 942 plectentes
1384 849 1540 943 spineam
1573 869 1754 936 coronam,
1799 843 1874 920 ⁴⁸et

398 978 586 1066 coeperunt
611 967 761 1040 salutare
786 989 866 1038 eum
898 967 995 1038 Have
1027 989 1092 1038 rex
1123 968 1345 1040 ludaeorum:
1399 961 1424 1006 ⁴⁹
1441 977 1476 1039 et
1499 968 1737 1062 percutiebant
1770 979 1873 1063 caput

398 1093 472 1164 eius
497 1087 687 1161 harundine
714 1097 749 1158 et
774 1087 1011 1180 conspuebant
1037 1107 1131 1174 eum,
1159 1099 1196 1160 et
1219 1099 1390 1182 ponentes
1417 1109 1531 1181 genua
1564 1089 1755 1161 adorabant
1781 1110 1870 1161 eorm

395 1201 584 1280 ”milit
609 1217 793 1300 postquam
820 1207 1006 1281 inluserunt
1041 1209 1083 1293 ei,
1111 1218 1281 1280 exuerunt
1312 1209 1405 1281 illum
1438 1231 1590 1302 purpura
1622 1219 1657 1280 et
1687 1209 1872 1282 induerunt

397 1353 477 1402 eum
503 1329 716 1400 vestimentis
742 1328 830 1412 suis,
866 1337 902 1398 et
927 1327 1075 1400 educunt
1101 1329 1193 1400 illum
1219 1339 1257 1400 ut
1282 1327 1522 1422 crucifigerent
1551 1351 1641 1401 eum.
1684 1321 1708 1366 ¹⁴
1723 1321 1812 1376 (Μ
1827 1330 1870 1400 Et

266 1447 268 1455 ’
397 1451 661 1545 angariaverunt
685 1455 961 1541 praetereuntem
987 1449 1199 1542 quempiam,
1233 1449 1408 1521 Simonem
1435 1449 1645 1544 cyreneum,
1673 1450 1870 1520 venientem

398 1573 443 1644 de
468 1571 557 1654 villa,
583 1577 716 1662 patrem
742 1565 928 1639 Alexandri
963 1577 998 1638 et
1021 1567 1112 1654 Rufi,
1139 1579 1177 1640 ut
1209 1571 1344 1642 tolleret
1377 1591 1514 1641 crucem
1548 1569 1632 1641 eius
1682 1561 1809 1644 ”lm'l
1826 1569 1868 1640 Et

396 1691 589 1786 perducunt
620 1689 712 1759 illum
748 1689 782 1758 in
815 1688 985 1780 Golgotha
1018 1689 1147 1774 locum,
1182 1690 1277 1783 quod
1310 1698 1366 1760 est
1405 1690 1660 1784 inter-prelatum
1697 1689 1869 1760 mirariue

397 1815 503 1884 locus.
553 1796 681 1904 ”5⁴3³
697 1809 740 1878 Et
771 1807 901 1878 dabant
933 1808 965 1879 ei
998 1809 1122 1880 bibere
1162 1819 1350 1882 murratum
1386 1810 1517 1896 vinum,
1555 1818 1591 1881 et
1622 1829 1693 1881 non
1725 1807 1867 1900 accepit.

395 1921 423 1970 '⁸
436 1922 522 1976 “¹²¹³
539 1929 582 2000 Et
615 1927 852 2020 crucifigentes
887 1949 966 1999 eum
997 1928 1197 2012 diviserunt,
1217 1931 1423 2002 vestimenta
1454 1931 1545 2014 eius,
1583 1928 1754 1999 mittentes
1787 1947 1866 1998 sor-

397 2061 466 2122 tem
499 2069 604 2142 super
636 2049 702 2133 eis,
737 2048 814 2140 quis
846 2047 929 2140 quid
962 2035 1106 2121 tolleret.
1157 2042 1297 2096 ’mm'
1314 2049 1396 2122 Erat
1428 2059 1544 2122 autem
1578 2048 1666 2120 hora
1699 2048 1799 2118 tertia
1830 2058 1868 2118 et

397 2169 636 2242 crucifixerunt
675 2188 764 2238 eum.
822 2155 949 2214 ”W
966 2169 1008 2238 Et
1039 2179 1114 2240 erat
1154 2171 1268 2241 titulus
1301 2191 1429 2242 causae
1468 2171 1544 2242 eius
1580 2168 1761 2262 inscriptus
1790 2168 1866 2238 ilex

394 2291 608 2363 ludaeorum.
650 2279 778 2334 ΜΗ)
794 2287 836 2358 Et
862 2309 939 2359 cum
965 2309 1009 2360 eo
1036 2288 1236 2382 crucifigunt
1261 2289 1332 2363 duo
1357 2291 1525 2376 latrones,
1558 2309 1662 2360 unum
1688 2309 1708 2360 a
1733 2286 1867 2358 dextris

396 2423 431 2484 et
457 2411 606 2500 aliuma
632 2407 776 2479 sinistris
803 2408 886 2479 eius.
936 2399 1063 2456 ”ml
1078 2409 1121 2480 Et
1153 2409 1338 2504 adimpleta
1372 2421 1426 2482 est
1457 2410 1626 2503 scriptura
1659 2429 1749 2501 quae
1783 2407 1866 2480 dicit

394 2533 437 2604 llt
468 2553 546 2602 cum
579 2528 702 2620 iniquis
740 2535 915 2620 reputatus
956 2537 1019 2600 est.
1070 2520 1197 2576 ”ml
1213 2531 1256 2602 llt
1286 2539 1562 2624 praetereuntes.
1578 2527 1864 2622 blasphemabant

396 2673 484 2736 eom,
512 2657 692 2721 moventes
718 2648 829 2741 capita
852 2670 919 2720 sua
944 2657 980 2719 et
1005 2647 1158 2720 dicentes
1183 2651 1234 2722 Va
1259 2651 1317 2744 qui
1335 2651 1480 2724 destruit
1501 2650 1666 2744 templum
1691 2657 1727 2720 et
1751 2649 1785 2718 io
1802 2648 1862 2719 tri·

394 2773 460 2844 bus
487 2769 610 2842 diebus
637 2767 810 2840 aedificat:
853 2759 880 2805 ³⁰
896 2769 1028 2841 salvum
1055 2771 1108 2842 iao
1134 2779 1240 2842 temet
1274 2772 1386 2864 ipsum
1421 2770 1640 2843 descendens
1671 2767 1718 2840 dc
1748 2787 1862 2840 cruce.

394 2883 418 2930 ³¹
432 2882 521 2934 (Μ
539 2889 697 2961 Similiter
723 2897 758 2958 et
783 2888 906 2958 summi
932 2888 1132 2960 sacerdotes
1157 2890 1314 2962 ludentes
1341 2891 1386 2963 ad
1412 2891 1610 2962 alterutrum
1636 2909 1714 2960 cum
1740 2887 1860 2959 scribis

394 3011 555 3084 dicebant
579 3007 675 3080 Ahos
701 3007 819 3078 salvos
844 3007 932 3092 lecit,
959 3030 998 3080 se
1025 3009 1137 3102 ipsum
1163 3032 1233 3082 non
1258 3020 1374 3103 potest
1400 3011 1531 3082 salvum
1557 3011 1681 3080 iacere.
1724 2998 1751 3044 ³²
1764 3005 1859 3078 Chri-

393 3141 466 3203 stus
490 3151 555 3202 rex
580 3127 723 3199 israhel:
758 3127 947 3200 descendat
979 3151 1069 3200 nunc
1102 3127 1147 3200 de
1174 3152 1291 3215 cruce,
1321 3139 1360 3201 ut
1391 3129 1574 3202 videamus
1607 3137 1644 3200 et
1667 3125 1859 3208 credamus,

391 3241 483 3298 (Μ)
499 3250 542 3320 Et
567 3249 625 3342 qui
655 3269 733 3318 cum
767 3268 810 3320 eo
844 3247 996 3318 crucifixi
1029 3259 1126 3320 orant
1158 3249 1437 3321 conviciabantur
1469 3250 1511 3320 ei.
1561 3240 1589 3286 ω
1602 3239 1690 3296 (⁸⁰³⁴
1706 3248 1751 3318 ut
1771 3247 1860 3318 lacta

392 3369 478 3442 hora
505 3377 605 3440 sexta
631 3367 796 3440 tenebrae
821 3369 931 3440 lactas
958 3378 1036 3440 sant
1061 3389 1125 3462 per
1159 3377 1265 3440 totam
1293 3377 1419 3440 terram
1451 3389 1563 3463 usque
1587 3367 1623 3438 'm
1646 3366 1768 3461 boram
1792 3387 1858 3438 no-

392 3511 481 3560 nam.
532 3476 559 3526 ³⁴
571 3479 659 3538 m)
675 3489 717 3558 Et
742 3488 828 3558 hora
853 3507 944 3560 rrorra
971 3489 1178 3560 exclamavit
1211 3489 1306 3560 lesus
1331 3507 1420 3560 voce
1454 3509 1580 3582 magna
1607 3485 1730 3559 'diceus
1761 3486 1860 3558 lleloi

301 3617 304 3626 '
391 3610 483 3681 heloi
508 3609 598 3680 lama
630 3607 843 3692 sabacthani,
877 3608 971 3700 quod
1004 3619 1057 3681 est
1089 3611 1346 3703 interpretatum
1379 3608 1466 3680 deus
1499 3631 1598 3681 meus
1622 3607 1719 3680 [leus
1749 3627 1859 3692 meos,

292 3793 294 3798 .
390 3727 535 3822 utquid
561 3727 769 3820 dereliquisti
795 3731 879 3798 me‘l
930 3720 958 3766 ³⁶
973 3728 1180 3822 litquidam
1206 3729 1253 3800 de
1278 3729 1574 3802 choomsuntihus
1598 3727 1776 3800 audientes
1802 3728 1856 3799 d'r

391 3849 515 3920 cebaut
540 3847 629 3918 Ecce
654 3847 786 3919 Heliam
811 3859 922 3919 vocat.
966 3839 1094 3892 *⁰²²⁴
1111 3847 1255 3919 Cmrerrs
1282 3859 1395 3920 autern
1422 3871 1510 3921 unm
1535 3861 1572 3922 ct
1587 3849 1733 3944 implens
1749 3869 1856 3942 spo*

390 3969 482 4063 giam
518 3975 618 4040 aceto
654 3967 985 4061 circumponensque
1018 3968 1151 4039 calamo
1177 3977 1296 4062 potum
1329 3969 1437 4042 dabat
1459 3971 1501 4056 ei,
1528 3969 1650 4042 diceus
1674 3969 1781 4040 Sinite
1805 3971 1856 4040 vi-
1981 3985 1984 3990 ·

391 4089 536 4162 deamus
562 4087 591 4158 si
617 4087 732 4160 veniat
756 4087 870 4158 Helias
897 4087 942 4158 ad
960 4087 1206 4182 deponendum
1224 4109 1314 4161 eum.
1339 4081 1366 4127 τ’
1380 4081 1469 4134 ‘²²¹⁴
1484 4091 1580 4162 lesus
1596 4099 1711 4162 autem
1729 4089 1858 4160 emissa

388 4229 479 4284 voce
505 4227 629 4301 magna
655 4207 852 4300 exspiravit.
904 4197 1031 4255 mil
1048 4206 1092 4282 Et
1114 4209 1228 4280 velum
1255 4209 1371 4302 templi
1398 4209 1543 4281 scissum
1577 4219 1631 4281 est
1664 4209 1697 4280 in
1730 4208 1801 4280 duo
1834 4229 1856 4278 a

388 4349 525 4402 smsum
551 4347 661 4420 usque
688 4327 861 4400 deorsum.
913 4318 1040 4374 ΝΜ)
1054 4325 1182 4398 Videns
1215 4338 1329 4401 autem
1362 4329 1517 4401 centurio
1540 4329 1599 4422 qui
1622 4349 1672 4400 ex
1705 4328 1855 4400 adverso

388 4450 502 4522 stabat
535 4448 614 4540 quia
647 4447 696 4518 sic
729 4447 880 4518 clumam
913 4447 1133 4540 exspirasset,
1168 4449 1216 4519 ait
1247 4449 1337 4520 Vere
1363 4448 1468 4520 homo
1494 4448 1551 4520 bic
1576 4445 1662 4520 hius
1688 4448 1749 4521 dei
1772 4459 1854 4520 erat.

387 4559 516 4614 mli
531 4568 636 4640 Erant
661 4575 775 4638 autem
801 4577 838 4639 et
863 4569 1023 4640 mulieres
1048 4567 1094 4638 de
1119 4569 1224 4661 longe
1248 4567 1461 4662 aspicientes,
1489 4569 1576 4640 inter
1602 4589 1690 4662 quas
1716 4579 1751 4640 et
1778 4569 1853 4640 hiu-

388 4690 438 4762 ria
463 4688 676 4782 Magdalene,
703 4687 858 4760 etllaria
884 4688 997 4761 iacobi
1024 4688 1164 4759 minoris
1189 4697 1225 4760 et
1249 4687 1374 4782 loseph
1391 4697 1509 4774 mater,
1534 4701 1569 4762 et
1586 4693 1758 4776 Salamas,
1780 4681 1804 4727 ⁴¹
1819 4699 1859 4760 et

388 4831 466 4881 cum
492 4818 588 4880 esset
612 4807 645 4879 irr
673 4807 822 4880 Galilaea
847 4809 1079 4901 sequebantur
1105 4829 1184 4880 eum
1210 4817 1246 4879 et
1270 4808 1505 4882 ministr-abant
1529 4813 1571 4898 ei,
1599 4822 1635 4883 et
1651 4813 1738 4884 aliae
1764 4811 1853 4882 mul-

389 4941 445 5000 tas
484 4949 574 5022 quae
616 4929 713 5000 simul
756 4949 834 5000 eum
870 4949 914 5000 eo
954 4928 1183 5000 ascenderant
1219 4927 1501 5026 hierosolymam.
1556 4919 1587 4968 ⁸¹
1597 4923 1687 4980 (Μ)
1704 4931 1747 5002 lit
1775 4951 1857 5002 cum

389 5051 456 5121 iam
489 5071 569 5122 sero
601 5059 696 5122 esset
724 5050 863 5135 lactum,
898 5051 978 5142 quia
1011 5057 1085 5119 erat
1118 5067 1326 5142 paraseeve,
1356 5051 1451 5144 quod
1477 5061 1635 5123 estante
1661 5051 1852 5135 sabbam,

387 5157 415 5206 ⁸³
431 5170 524 5240 verrit
548 5171 673 5264 loseph
698 5169 741 5242 ab
768 5169 953 5242 arimathia
978 5169 1103 5241 nobilis
1129 5169 1280 5258 docum,
1308 5173 1365 5265 qui
1399 5182 1434 5243 et
1459 5172 1538 5266 ipse
1561 5183 1639 5243 erat
1662 5179 1852 5265 expectans

965 5289 1033 5376 XV,
1064 5292 1110 5362 lb
1140 5329 1185 5344 -
1214 5289 1272 5362 43.
