4146 6120
733 407 993 471 APOCALYPSIS
1019 405 1200 486 IOHANNIS
1637 404 1710 472 397

229 511 493 523 --—-..—.·-.---
510 512 716 521 -—-—-.-—
727 513 857 520 --..-..-..

222 612 339 707 posuit
370 613 553 684 dexteram
589 631 687 682 suam
722 631 828 704 super
860 631 917 682 me
950 577 1072 682 dicens
1105 609 1181 682 Noli
1203 609 1353 679 timere:
1382 628 1451 700 ego
1479 629 1555 678 sum
1583 607 1714 700 primus

223 743 258 803 et
283 731 511 813 novissimus,
555 721 581 766 ¹⁸
599 739 634 800 et
660 729 759 800 vivus
787 738 821 800 et
847 730 893 800 lui
919 740 1093 814 mortuus,
1129 739 1164 802 et
1194 749 1279 799 ecce
1313 749 1389 798 sum
1421 728 1543 799 vivens
1569 727 1604 798 in
1631 748 1713 798 sae·-

223 852 299 924 cule
326 851 557 932 saeculorum,
585 859 622 920 ct
647 848 763 920 habeo
789 851 908 921 claves
934 851 1055 922 mortis
1081 860 1117 922 ct
1142 847 1272 922 inferni.
1322 838 1348 884 ⁴⁹
1365 847 1485 918 Scribo
1511 869 1598 940 ergo
1623 868 1713 938 quae

222 970 354 1053 vidisti,
382 989 473 1062 quae
500 979 578 1040 sunt
602 977 638 1040 et
655 989 747 1060 quae
766 979 905 1062 oportet
923 967 998 1040 heri
1015 980 1097 1063 post
1115 970 1217 1052 haec,
1261 959 1287 1004 ’Ἰ
1301 975 1557 1038 sacramentum
1575 973 1712 1058 septem

223 1089 386 1162 stillarum
414 1109 502 1181 quas
528 1087 642 1160 vidIsti
662 1087 695 1158 in
714 1088 862 1160 dextera
881 1111 971 1174 mea,
991 1099 1026 1160 et
1042 1098 1178 1182 septem
1197 1085 1406 1158 candelabra
1424 1105 1539 1156 aurea.
1570 1083 1712 1176 Septem

222 1209 332 1299 sigilla
359 1209 475 1300 angeli
500 1217 580 1278 sunt
606 1217 740 1300 septem
768 1208 1002 1292 ecclesiarum,
1030 1217 1065 1278 et
1091 1205 1299 1278 candelabra
1326 1214 1460 1298 septem
1489 1213 1625 1296 septem
1651 1224 1712 1272 cc-

223 1328 349 1400 clesiae
377 1337 464 1398 sunt.
1368 1328 1372 1336 '

952 1601 986 1669 ll.

299 1797 463 1895 ¹Angelo
488 1803 619 1896 Ephesi
645 1807 816 1876 ecclesiae
843 1800 999 1878 'scribae
1016 1805 1112 1874 llaec
1138 1799 1249 1875 ’dicet
1274 1803 1333 1894 qui
1360 1812 1454 1874 tenet
1472 1811 1608 1895 septem
1626 1803 1712 1872 stel-

222 1925 275 1994 las
300 1924 334 1993 in
359 1923 507 1995 dextera
534 1943 608 2006 sua,
634 1925 692 2015 qui
719 1925 873 1995 ambulat
897 1923 932 1993 in
958 1923 1077 1994 medio
1103 1931 1239 2013 septem
1267 1921 1556 1993 candelabrorum
1583 1941 1711 1992 aureo-

222 2064 308 2111 rum.
361 2034 471 2115 'Scio
506 2061 614 2134 opera
650 2053 708 2114 tua
741 2053 777 2114 et
809 2043 968 2114 laborem
1006 2051 1041 2112 et
1072 2041 1293 2133 patientium,
1321 2052 1358 2112 et
1384 2041 1465 2133 quia
1492 2061 1562 2112 non
1589 2035 1712 2132 'potes

222 2161 391 2232 sustinere
418 2161 540 2244 mulos,
567 2169 603 2231 et
629 2163 779 2234 temtasti
806 2181 869 2233 eos
896 2163 954 2253 qui
981 2181 1021 2232 ss
1047 2161 1164 2232 dIcuut
1189 2161 1371 2253 apostolos
1397 2171 1433 2232 et
1458 2181 1529 2232 non
1555 2168 1649 2242 sunt,
1677 2168 1713 2228 et

221 2279 380 2350 invenisti
406 2299 469 2350 eos
495 2279 701 2362 mendaces,
741 2272 808 2352 ³et
833 2281 1032 2374 patientiam
1059 2281 1180 2362 hahes,
1208 2291 1244 2350 et
1269 2280 1467 2352 sustenuisti
1484 2291 1627 2373 propter
1644 2298 1709 2348 no·

222 2419 301 2468 men
329 2419 455 2481 meum,
483 2409 518 2468 ct
543 2418 614 2468 non
640 2395 820 2471 'deficIsti
873 2389 975 2474 *scd
1002 2399 1120 2471 haheo
1146 2400 1316 2472 adversus
1349 2410 1384 2470 tc
1410 2401 1506 2492 quod
1534 2399 1711 2468 caritatem

222 2527 316 2588 tuam
349 2517 495 2609 primam
530 2517 705 2610 reliquisti.
758 2511 923 2591 ⁵ltlsmor
957 2529 1034 2590 esto
1066 2521 1183 2612 itaque
1217 2518 1311 2592 unde
1346 2519 1538 2602 excideris,
1575 2527 1610 2588 et
1645 2537 1711 2606 age

221 2636 466 2728 paenitentiam
493 2646 528 2706 et
554 2637 666 2730 prima
693 2659 801 2731 opera
828 2639 900 2708 lac:
928 2639 1131 2723 sinautem,
1159 2640 1262 2712 venio
1294 2640 1355 2710 tibi
1388 2648 1424 2710 ct
1450 2637 1605 2709 movebo
1626 2655 1710 2705 cao-

221 2754 404 2826 delnhrum
432 2765 526 2826 tuum
553 2755 598 2828 de
626 2757 705 2828 loco
733 2777 807 2840 suo,
834 2758 899 2830 uisi
925 2759 1170 2851 paenitentiam
1197 2759 1323 2852 egeris.
1376 2750 1480 2830 “Sed
1506 2756 1574 2826 hoc
1600 2754 1711 2826 hahes

221 2874 300 2963 qula
327 2873 433 2960 odisti
457 2876 548 2946 tacta
572 2875 827 2961 Nicolaitarum,
855 2897 946 2969 quae
973 2887 1008 2948 et
1034 2897 1103 2970 ego
1130 2877 1200 2948 odi.
1244 2870 1338 2963 toni
1364 2877 1471 2948 habet
1488 2895 1618 2958 aurem,
1646 2895 1710 2944 au·

222 2992 293 3061 diat
319 2991 403 3084 quid
430 2993 569 3085 spiritus
595 2995 689 3066 dicat
715 2995 879 3066 ecclesiis.
925 2997 1088 3080 Vincenti,
1116 2996 1211 3068 dabo
1239 2998 1271 3066 ei
1298 2995 1471 3070 ederedo
1498 2996 1591 3086 ligno
1609 2993 1709 3076 vitae,

222 3111 319 3201 quod
346 3119 400 3180 est
426 3110 460 3180 in
486 3111 651 3202 paradiso
679 3111 737 3183 dei
764 3113 842 3184 mei.
895 3105 963 3186 ⁸Et
997 3116 1123 3207 angelo
1140 3116 1312 3210 Zmyrnae
1339 3109 1528 3186 'ecclesiae
1556 3105 1710 3183 'scribac

222 3229 317 3299 Haec
342 3228 424 3300 dicit
449 3230 580 3322 primus
607 3241 642 3300 et
668 3231 886 3315 novissimus,
915 3233 972 3324 qui
1000 3234 1061 3304 luit
1086 3243 1243 3305 mortuus
1270 3243 1305 3304 et
1330 3233 1422 3306 vivit.
1475 3223 1582 3304 ⁹Scio
1601 3231 1709 3300 trihu-

221 3349 384 3420 lationem
417 3359 512 3420 tuam
548 3357 583 3420 et
616 3357 855 3442 paupertatem
882 3359 992 3436 tuam,
1021 3350 1088 3423 sed
1114 3352 1214 3424 dives
1241 3373 1291 3437 es,
1319 3363 1355 3424 et
1380 3348 1635 3444 blasphemaris
1662 3349 1706 3419 ab

221 3469 273 3542 his
300 3468 357 3560 qui
385 3487 425 3538 se
451 3467 570 3539 dIcuut
594 3467 743 3540 ludaeos
770 3489 852 3540 csse
880 3480 1011 3543 elnon
1038 3482 1126 3555 sunt,
1154 3472 1219 3544 scd
1246 3483 1325 3544 sunt
1350 3491 1532 3565 synagoga
1558 3478 1708 3540 satanae.

220 3579 246 3626 ¹⁰
262 3587 352 3658 Nihil
386 3608 508 3658 eorum
541 3587 665 3662 dmeas
699 3609 789 3680 quac
822 3609 990 3682 passurus
1021 3613 1069 3666 es.
1128 3591 1219 3662 Ecce
1255 3591 1422 3664 missurus
1454 3599 1510 3661 est
1548 3582 1709 3660 diabolus

221 3729 267 3777 ex
293 3705 397 3778 vobis
422 3707 457 3776 in
490 3727 683 3792 carcerem,
712 3718 749 3778 ut
774 3711 980 3794 temtamini,
1015 3723 1051 3782 et
1086 3711 1259 3784 hahebitis
1295 3711 1549 3784 tribulationem
1585 3707 1709 3779 dlebus

220 3825 355 3898 decem.
406 3825 490 3898 Esto
523 3825 636 3898 fidelis
674 3816 784 3920 usque
822 3829 869 3902 ad
904 3839 1070 3915 mortem,
1110 3842 1147 3902 et
1183 3831 1277 3906 dabo
1310 3831 1371 3902 tihi
1406 3849 1572 3902 coronam
1606 3827 1707 3898 vitae.
1797 3855 1830 3868 ’-

219 3937 241 3984 ¹¹
263 3947 329 4031 Qui
354 3945 463 4018 hahet
489 3967 619 4030 aurem,
647 3947 766 4020 audiat
791 3947 875 4041 quid
900 3949 1040 4043 spiritus
1067 3949 1160 4022 dicat
1187 3951 1352 4023 ecclesiis.
1398 3949 1464 4034 Qui
1481 3948 1611 4032 vicerit,
1638 3967 1709 4018 non

219 4067 377 4138 laedetur
404 4089 425 4138 a
452 4076 565 4138 morte
591 4065 755 4139 secunda.
809 4057 835 4102 ¹¹
852 4067 894 4138 Et
921 4071 1047 4160 angelo
1075 4069 1234 4162 Pergami
1261 4070 1433 4142 ccclesiae
1451 4069 1588 4140 scribae
1615 4067 1709 4138 llaec

219 4186 301 4256 dicit
333 4186 392 4276 qui
423 4185 529 4256 hahet
561 4186 766 4279 rompheam
801 4197 946 4281 utraque
979 4199 1078 4283 parte
1111 4201 1257 4262 acuum.
1310 4183 1430 4262 ¹³Scio
1462 4189 1521 4260 ubi
1554 4187 1708 4259 habitas:

219 4303 277 4374 uhi
310 4303 416 4375 cedes
450 4314 503 4374 est
535 4315 693 4376 satanae:
725 4317 762 4376 ot
794 4316 894 4379 tenes
931 4329 1061 4380 nomen
1095 4329 1227 4395 meum,
1262 4319 1297 4381 ct
1331 4331 1401 4382 nou
1434 4308 1571 4400 negasti
1603 4305 1707 4376 fidem

219 4443 333 4495 meam
361 4432 397 4494 et
422 4423 456 4492 in
482 4423 608 4494 diebus
633 4424 786 4518 Antipas,
814 4428 912 4498 testis
938 4449 1039 4500 meus
1065 4427 1186 4510 fidelia,
1212 4431 1270 4522 qui
1288 4431 1425 4502 occisus
1444 4439 1497 4498 est
1515 4426 1607 4520 apud
1632 4445 1707 4506 vos,

219 4541 278 4612 ubi
304 4551 444 4613 sumnus
469 4541 610 4614 habitat.
663 4533 689 4582 ⁴⁸
707 4545 778 4616 Sed
804 4545 919 4620 habeo
947 4549 1117 4622 adversus
1144 4559 1177 4619 te
1203 4569 1325 4642 pauca.
1365 4548 1484 4620 Habes
1502 4547 1568 4622 illic
1585 4555 1707 4616 tenen-

219 4671 272 4730 tes
299 4659 493 4734 doctrinam
519 4661 671 4747 Balaam,
699 4663 756 4754 qui
784 4662 939 4736 docebat
963 4667 1067 4738 Balac'
1094 4669 1229 4740 mittere
1257 4667 1458 4740 scandalum
1486 4685 1606 4737 coram
1632 4662 1708 4734 liliis

218 4780 355 4864 Israhel,
383 4779 491 4852 adare
518 4792 552 4852 et
578 4782 747 4854 lomicari.
802 4775 889 4855 ⁴⁵lta
918 4785 1028 4857 habea
1054 4797 1089 4857 et
1122 4795 1158 4858 tu
1193 4797 1352 4860 tenentes
1384 4787 1576 4858 doctrinam
1602 4783 1707 4853 Nico-

219 4900 373 4973 laitorum
402 4900 565 4971 simihter.
618 4893 645 4938 ¹⁸
658 4901 902 4974 Paenitentiam
931 4925 1015 4996 age:
1051 4906 1080 4974 si
1114 4927 1184 4996 quo
1219 4908 1344 4991 minus,
1379 4908 1517 4978 venium
1552 4903 1611 4975 tibi
1639 4901 1706 4973 cito

218 5029 252 5089 et
285 5021 450 5112 pugnabo
484 5043 562 5092 oum
596 5021 659 5090 illis
691 5022 724 5090 ln
755 5020 870 5113 gladio
906 5024 976 5094 oris
1009 5025 1086 5094 mei.
1140 5017 1243 5111 ”Qui
1279 5027 1386 5098 hahet
1419 5045 1555 5108 aurem,
1591 5022 1708 5094 audiat
1834 5047 1839 5054 ·

218 5139 300 5229 quld
333 5140 471 5232 spiritus
505 5139 597 5211 dicat
631 5141 795 5212 ecclesiis.
840 5143 1008 5226 Vincenti,
1043 5144 1137 5216 daho
1173 5145 1204 5215 ci
1231 5167 1357 5217 manna
1384 5145 1642 5224 absconditum,
1672 5153 1706 5212 et

797 5262 818 5342 l,
852 5264 894 5331 ts
927 5299 970 5312 -
1000 5263 1036 5346 ll,
1068 5265 1124 5332 ll.
