4146 6120
684 1443 1157 1548 -tnn‘sx.

241 1821 247 1836 ‘
1625 1815 1679 1868 Pap.

250 1891 472 1972 Prolegomena
495 1929 1413 1952 ...................
1441 1886 1492 1948 Vll
1513 1900 1613 1965 usque
1634 1884 1734 1949 xtttl.

328 1993 348 2052 1.
375 1993 421 2054 De
451 1991 567 2054 codicis
595 1971 751 2052 dmiatini'
770 1989 945 2068 gravitate..
967 1985 1118 2048 Editionis
1144 1983 1351 2067 praepa'ratic.
1393 1985 1529 2048 Labores
1645 1966 1648 1974 ’
1804 1966 1807 1977 ’

377 2092 413 2154 Α.
435 2095 472 2154 Μ.
494 2089 643 2170 Bandinii,
663 2093 696 2151 F.
718 2090 747 2149 F.
770 2089 895 2166 Flectit,
918 2089 950 2149 S.
971 2089 1003 2148 P.
1016 2089 1169 2170 ⁴Tregellii
1203 2132 1525 2148 .......
1674 2087 1734 2150 vlt.

314 2195 347 2256 ll.
377 2194 543 2268 Quaeritur
572 2189 727 2273 quomodo
755 2191 787 2252 in
820 2190 1058 2252 Laurentianam
1092 2187 1307 2252 bibliothecam
1340 2189 1529 2266 pervenerit.

378 2295 462 2356 Petri
484 2292 629 2374 Leopoldi
651 2293 754 2374 magni
776 2291 862 2353 ducis
891 2287 1103 2352 munificentia
1145 2335 1524 2350 ........
1663 2289 1736 2352 vttt

306 2397 353 2457 lll.
382 2395 549 2468 Quaeritur
571 2392 724 2474 quomodo
745 2394 777 2454 in
803 2389 990 2453 Amiatinum
1019 2389 1203 2452 coenobium
1228 2390 1418 2470 pervenerit.
1459 2389 1534 2451 Gar-

381 2515 455 2557 men
489 2495 650 2576 antiquum
687 2492 917 2556 dedicatoriam.
966 2493 1077 2554 Petrus
1111 2489 1400 2571 Longcbardorum,
1433 2490 1533 2553 abbas

380 2597 553 2660 Amiatinus
574 2637 1531 2656 ...................

308 2701 354 2760 tv.
383 2699 418 2760 ln
440 2699 591 2778 originem
615 2715 650 2758 ae
672 2697 774 2776 prima
796 2697 855 2756 lata
877 2693 994 2755 codicis
1016 2693 1192 2774 inquiritur.
1229 2690 1412 2756 Servandus
1435 2690 1533 2754 abbas

383 2807 490 2861 auctor
510 2797 625 2860 codicis
640 2798 719 2858 circa
736 2814 850 2858 annum
867 2797 937 2857 tit.
966 2793 1126 2856 Dedicatio
1143 2791 1183 2854 ad
1198 2794 1380 2874 Gregorium
1393 2795 1536 2873 llagnum

255 2947 256 2954 .
320 2901 354 2960 V.
383 2899 490 2962 Codex
511 2897 684 2960 Amiatinus
707 2897 761 2958 diu
782 2895 917 2958 creditus
939 2903 988 2956 est
1009 2895 1136 2974 propria
1158 2912 1252 2957 manu
1275 2894 1416 2974 Gregorii
1436 2895 1536 2973 Magni

385 3007 531 3062 exaratus
553 3018 632 3060 esse.
669 2995 834 3060 Adhibitus
864 3005 911 3058 est
933 2994 973 3058 ad
996 2993 1163 3058 editionem
1185 2994 1351 3056 bibliorum
1372 2993 1536 3056 latinorum

383 3101 536 3162 sixtinam
580 3140 1377 3160 ................
1412 3105 1429 3153 ·.
1475 3140 1481 3153 .
1529 3141 1535 3153 .

306 3203 351 3264 Vl.
380 3201 485 3263 Codex
508 3199 702 3262 describitur.
744 3197 933 3260 Membrana.
970 3195 1072 3258 llcles.
1115 3195 1284 3275 Scriptura.
1321 3197 1536 3276 interpunctio.

385 3301 586 3383 Compendia.
622 3300 713 3361 Tituli
733 3299 923 3380 singulorum
945 3295 1093 3358 librorum
1110 3342 1537 3358 .........

301 3405 361 3466 Vll.
387 3405 433 3466 De
455 3403 595 3465 iacsimili
618 3410 649 3464 et
670 3409 773 3462 nostro
797 3410 829 3462 et
849 3400 990 3462 aliorum.
1026 3395 1198 3459 Exhibetur
1219 3399 1339 3479 integra
1360 3399 1475 3478 pagina
1497 3396 1538 3459 ad

387 3503 514 3566 modum
537 3500 651 3564 codicis
689 3545 1532 3562 .................

281 3608 361 3668 'Vlll.
392 3606 495 3667 Canon
517 3605 737 3683 seripturarum
760 3621 917 3664 sacrarum
940 3619 980 3662 ex
1001 3599 1107 3662 codice
1128 3599 1280 3672 Amiatino
1310 3601 1437 3662 affertur
1481 3647 1487 3659 .
1533 3647 1539 3660 .

307 3710 358 3770 lX.
384 3707 429 3768 De
451 3707 571 3787 pictura
594 3723 673 3786 quae
695 3705 814 3766 Novum
836 3706 1065 3765 Testamentum
1088 3699 1249 3782 praecedit
1270 3702 1302 3762 in
1330 3699 1436 3762 codice
1479 3747 1485 3762 .
1531 3747 1537 3762 .

257 3835 260 3842 ¹
322 3811 358 3869 X.
385 3811 472 3882 Quae
494 3809 534 3869 sit
554 3806 632 3868 ratio
655 3805 735 3866 inter
757 3805 995 3867 Laurentianum
1010 3801 1149 3864 codicem
1163 3811 1194 3864 et
1211 3801 1378 3866 editionem
1392 3811 1539 3864 nostram.

389 3908 473 3970 Ordo
496 3906 688 3988 singulorum
709 3905 867 3967 librorum.
895 3905 1115 3984 inscriptiones
1138 3911 1170 3966 et
1189 3902 1440 3984 subscriptiones.
1463 3905 1542 3964 Tex-

389 4019 440 4071 tus
462 4027 562 4070 sacer.
585 4007 699 4069 Vitiosa
721 4007 837 4086 scripta
859 4007 976 4087 passim
997 4023 1037 4068 ex
1061 4004 1327 4068 emendationibus
1349 4001 1440 4066 edita.
1484 4005 1543 4066 Per

390 4107 608 4189 compendium
631 4107 746 4187 scripta
772 4108 864 4188 plene
886 4107 970 4170 edita
1007 4150 1537 4170 ...........
1646 4113 1746 4174 xvlll,

312 4213 362 4272 xl.
390 4211 461 4271 ani
484 4228 524 4270 ex
545 4209 791 4289 interpunctione
812 4207 926 4271 codicis
951 4207 1176 4271 stichometrica
1204 4206 1280 4270 editi
1327 4253 1334 4266 .
1380 4251 1386 4266 .
1422 4244 1439 4263 .,
1485 4251 1492 4264 .
1538 4253 1546 4264 .
1669 4213 1747 4274 xlx,

223 4301 227 4308 ’
299 4313 361 4372 Xll.
388 4312 433 4371 De
456 4309 615 4371 veteribus
635 4308 834 4371 sectionibus.
864 4310 1024 4372 Sectiones
1042 4308 1195 4378 Ammonii
1211 4316 1242 4369 et
1260 4325 1394 4369 canones
1407 4305 1544 4368 Eusebii.

393 4411 533 4493 Capitnla
555 4411 620 4471 sive
643 4409 756 4472 breves
803 4451 1547 4470 ...............
1683 4399 1748 4460 XX.

227 4571 232 4582 ,
287 4513 361 4574 ΧΠΙ.
388 4513 434 4574 De
454 4509 565 4574 studiis
586 4513 617 4571 F.
639 4511 671 4571 F.
694 4509 809 4574 Fleckii
831 4513 912 4573 circa
933 4509 1070 4573 codicem
1091 4509 1291 4572 dmiatinum.
1313 4509 1467 4571 Vitiositas
1482 4507 1546 4568 ccl-

393 4613 516 4676 lationis
540 4609 744 4686 incredibilis,
770 4611 887 4693 aliquot
913 4612 1067 4692 exemplis
1099 4611 1228 4691 probata
1273 4653 1543 4671 ......
1673 4601 1750 4662 XXI·

288 4715 363 4776 lllV.
390 4713 604 4776 Lachmannus
624 4713 821 4776 vitiosissima
841 4703 1002 4775 collation'e
1024 4713 1136 4776 Flecltii
1159 4731 1243 4776 usus.
1266 4711 1372 4774 llerita
1387 4711 1453 4772 eius
1468 4709 1548 4770 eirca

396 4815 533 4876 codicem
561 4813 750 4876 Fuldensem
800 4853 1541 4875 ...............

303 4919 366 4980 XV.
396 4917 441 4977 De
470 4933 581 4996 magna
609 4923 714 4978 textus
740 4913 883 4977 Amiatini
912 4917 1108 4994 praestantia.
1152 4913 1276 4995 Aliquot
1299 4913 1382 4976 vitia.
1408 4910 1549 4972 affinitas
1751 4971 1758 4988 Ι

394 5013 534 5078 codicum
561 5013 705 5077 amiatini
737 5025 768 5077 et
792 5015 954 5098 Fuldensis
984 5059 1389 5076 .........
1414 5013 1442 5070 ’.
1489 5057 1496 5070 .
1541 5055 1548 5068 .
1650 5001 1753 5064 XXII!-

290 5119 365 5180 xvi.
392 5117 438 5178 De
458 5115 713 5197 praelationibus,
729 5117 925 5196 argumentis,
941 5115 1091 5194 capitulis.
1113 5115 1204 5178 Plura
1219 5133 1303 5176 nunc
1317 5115 1452 5194 primurn
1467 5109 1550 5173 edita

400 5225 481 5278 sunt.
523 5217 568 5278 De
589 5215 740 5279 latinitate
769 5215 971 5302 capitulorum
1017 5257 1551 5277 ...........
1664 5203 1755 5266 XXV·

1367 5318 1447 5388 53*
