4254 6130
388 398 458 471 tet
509 367 514 376 ’
784 401 1023 468 svuuonumr
1049 351 1249 466 sucuruuu
1276 401 1471 464 ronanam

382 501 1036 522 ...Μ-,μ-

387 609 480 680 dabo
508 608 549 692 ei,
576 628 644 678 non
671 607 760 678 sitiet
785 606 819 676 in
846 617 1040 691 aeternum,
1084 597 1110 642 ⁴*
1127 605 1192 678 sed
1218 627 1310 700 aqua
1336 627 1439 700 quam
1467 625 1535 700 ego
1562 603 1657 676 dabo
1686 604 1718 676 ei
1744 601 1803 674 liet
1829 605 1862 676 in

387 751 430 801 eo
458 730 534 800 lons
560 741 672 820 aquae
699 727 849 800 salientis
874 727 908 798 in
933 727 1038 798 vitam
1065 736 1250 800 aeternam.
1302 717 1330 764 ⁴⁵
1347 727 1435 798 Dicit
1460 725 1506 798 ad
1538 747 1617 798 emn
1643 725 1763 798 mulier
1788 725 1862 798 Do·
1996 725 2000 730 ’

386 847 496 934 mine,
523 847 569 920 da
602 847 683 918 milri
714 848 803 918 hanc
839 868 979 940 aquam,
1016 857 1052 918 ut
1083 869 1152 920 non
1186 849 1297 922 sitiam
1329 869 1443 942 neque
1476 846 1610 920 veniam
1644 845 1713 918 huc
1741 831 1862 918 aurire.

387 961 413 1004 ¹⁰
425 968 512 1039 Dicit
538 968 569 1039 ei
596 971 690 1040 lesus
716 968 812 1042 Vade
839 989 927 1040 voca
954 967 1063 1040 virum
1096 979 1190 1040 tuum
1218 979 1253 1040 et
1277 969 1366 1042 veni.
1417 961 1444 1004 ¹⁷
1460 965 1650 1061 Respondit
1682 965 1803 1036 mulier
1828 975 1865 1037 et

388 1087 476 1159 dixit
501 1089 578 1160 Non
604 1089 718 1160 habeo
744 1088 864 1160 virum.
917 1089 1006 1161 Dicit
1032 1089 1063 1160 ei
1089 1090 1185 1162 lesus
1210 1091 1304 1160 Bene
1330 1088 1445 1160 dixisti
1471 1087 1551 1181 quia
1576 1107 1646 1158 non
1671 1085 1786 1158 habeo
1810 1087 1862 1158 ri-

328 1187 351 1266 ι’
390 1231 480 1280 rum:
525 1199 552 1244 ¹⁸
569 1210 718 1302 quinque
745 1209 834 1278 enim
862 1209 956 1280 viros
983 1209 1140 1295 habuisti,
1167 1220 1203 1282 et
1227 1230 1315 1282 nunc
1341 1229 1445 1300 quem
1472 1207 1583 1278 habes
1609 1229 1678 1278 non
1705 1217 1761 1278 est
1787 1217 1862 1278 tuus

390 1330 454 1399 vir:
482 1328 551 1400 hoc
580 1349 664 1400 vere
692 1328 816 1400 dixisti.
869 1320 896 1365 ⁴⁹
912 1329 1000 1400 Dicit
1033 1330 1064 1400 ei
1098 1330 1218 1400 mulier
1233 1345 1234 1350 ’
1250 1326 1410 1413 Domine,
1444 1328 1547 1400 video
1582 1326 1662 1420 quia
1694 1325 1862 1420 propheta

389 1470 428 1520 es
454 1455 524 1519 tu.v
551 1439 578 1484 ²⁰
594 1447 713 1519 Patres
738 1449 846 1520 nostri
878 1449 911 1518 in
944 1459 1060 1520 monte
1095 1451 1161 1522 hoc
1194 1428 1440 1533 adoraverunt,
1473 1458 1509 1518 ει
1539 1468 1605 1517 vos
1641 1446 1752 1518 dicitis
1784 1447 1861 1540 qnia

388 1571 422 1639 in
448 1568 696 1663 Hierosolymis
724 1579 777 1640 est
801 1571 898 1641 locus
923 1569 982 1640 ubi
1016 1568 1165 1641 adorare
1196 1578 1340 1664 oportet.
1392 1561 1414 1605 ²⁴
1430 1567 1517 1638 Dicit
1550 1567 1582 1638 ci
1613 1568 1708 1638 lesus
1734 1567 1860 1652 Mulier,

312 1781 314 1788 Ι
389 1689 494 1762 crede
520 1689 602 1759 mihi
630 1689 707 1780 quia
734 1689 849 1760 veniet
875 1690 961 1762 hora
988 1687 1128 1782 quando
1155 1711 1268 1782 neque
1294 1689 1327 1760 in
1354 1697 1470 1759 monte
1496 1687 1702 1780 hocusque
1728 1689 1763 1760 in
1780 1687 1860 1758 Hie-

388 1810 573 1904 rosolymis
600 1807 787 1880 adorabitis
813 1819 957 1903 patrem.
1010 1799 1036 1844 ²²
1049 1809 1119 1880 Vos
1146 1809 1298 1881 adoratis
1332 1808 1426 1903 quod
1452 1808 1606 1893 nescitis,
1641 1831 1706 1880 nos
1733 1807 1860 1880 adora-

389 1943 465 2028 mus
491 1927 586 2021 quod
613 1928 749 2013 scimus,
778 1929 856 2022 quia
883 1929 976 1999 salus
1003 1949 1050 1998 ex
1075 1927 1210 2000 ludaeis
1237 1940 1304 2002 est:
1354 1921 1458 2000 23sed
1483 1929 1576 1999 venit
1601 1928 1688 2000 hora
1714 1938 1748 1998 ει
1773 1948 1861 1998 nunc

388 2059 450 2133 est,
479 2047 628 2141 quando
644 2049 718 2119 veri
746 2047 950 2120 adoratores
968 2049 1162 2120 adorabunt
1187 2061 1319 2144 patrem
1346 2051 1380 2121 in
1398 2049 1517 2144 spiritu
1543 2058 1579 2120 et
1595 2047 1754 2120 cantate:
1781 2068 1859 2118 nam

388 2179 423 2246 et
448 2178 547 2262 pater
573 2169 658 2240 tales
685 2169 817 2260 quaerit
843 2171 900 2262 qui
927 2169 1074 2242 adorent
1099 2190 1189 2240 enm.
1240 2159 1422 2264 ’‘Spiritus
1448 2180 1503 2242 εει
1529 2169 1625 2254 deus,
1653 2177 1689 2240 ει
1714 2188 1777 2238 eos
1802 2166 1859 2258 qui

387 2289 532 2362 adorant
566 2309 644 2360 eum
678 2289 710 2358 in
738 2288 857 2383 spiritu
888 2301 924 2362 ει
963 2291 1112 2362 veritate
1141 2299 1277 2383 oportet
1310 2267 1468 2364 adorare.
1520 2282 1645 2360 ¹¹⁵Dicit
1676 2288 1709 2360 ei
1739 2287 1860 2359 mulier

386 2410 465 2482 Scio
492 2409 573 2503 quia
597 2409 742 2482 Messias
768 2408 868 2495 venit,
896 2410 952 2502 qui
986 2409 1107 2482 dicitur
1133 2411 1299 2483 Christus:
1333 2433 1411 2483 cnm
1437 2431 1523 2504 crgo
1547 2407 1680 2480 venerit
1704 2407 1767 2493 illc,
1793 2428 1858 2478 no·

385 2530 440 2601 bis
473 2527 685 2602 adnuntiabit
716 2529 841 2600 omnia.
902 2522 930 2566 ’Β
946 2529 1033 2600 Dicit
1067 2531 1099 2600 ei
1131 2529 1226 2602 lesus
1258 2531 1333 2624 Ego
1368 2552 1459 2616 sum,
1495 2530 1553 2623 qui
1586 2530 1709 2622 loquor
1734 2537 1856 2616 tecum.

383 2639 410 2686 ’Ἴ
423 2649 465 2718 m
490 2649 651 2719 continuo
687 2657 853 2719 venerunt
886 2648 1039 2743 discipuli
1070 2650 1160 2736 eine,
1195 2661 1229 2722 et
1259 2652 1469 2725 mirabantur
1500 2649 1581 2742 quia
1613 2669 1690 2720 cum
1716 2647 1858 2718 muliere

384 2769 606 2862 loquebatnr3
634 2788 739 2839 nemo
766 2778 882 2840 tamen
908 2768 995 2840 dixit
1022 2771 1111 2856 Quid
1138 2771 1275 2864 quaeris
1302 2781 1360 2844 aut
1385 2770 1468 2866 quid
1493 2768 1645 2863 loqueris
1677 2789 1755 2839 curn
1789 2769 1857 2838 ea?

383 2879 567 2981 ¹8Reliquit
593 2909 678 2980 ergo
705 2887 864 2982 hydriam
891 2911 989 2960 suam
1015 2891 1135 2961 mulier
1161 2899 1196 2961 ει
1222 2891 1305 2963 abiit
1336 2893 1370 2963 in
1403 2891 1589 2973 civitatem,
1624 2898 1659 2960 et
1690 2885 1772 2961 dicit
1796 2887 1858 2958 illis

384 3009 580 3080 hominihus
623 3001 650 3046 ¹⁹
665 3009 784 3080 Venite
811 3019 845 3078 ει
871 3008 987 3080 videte
1013 3009 1188 3082 hominem
1215 3012 1271 3105 qui
1300 3011 1386 3084 dixit
1417 3011 1498 3082 mihi
1530 3009 1644 3082 omnia
1670 3029 1856 3102 quaecum-

385 3151 453 3222 que
478 3129 559 3200 leci:
586 3129 753 3222 numquid
779 3129 854 3222 ipse
881 3138 936 3200 est
960 3129 1140 3202 Christus?
1189 3121 1216 3167 ³⁰
1230 3132 1397 3204 Exierunt
1428 3130 1651 3214 decivitate,
1678 3139 1714 3200 ει
1738 3127 1856 3202 venic-

291 3315 296 3327 .
382 3251 469 3324 hant
493 3249 539 3321 ad
565 3271 654 3320 eum.
705 3241 728 3284 ³⁴
744 3249 879 3320 lnterea
913 3249 1084 3342 rogabant
1116 3271 1195 3322 cum
1227 3250 1382 3347 discipuli
1416 3251 1584 3324 dicentes¹
1603 3249 1730 3336 liubhi,
1757 3271 1856 3320 man-

383 3369 483 3442 duca.
534 3361 629 3440 ³²llle
662 3377 776 3440 autem
809 3367 896 3440 dixit
928 3369 978 3440 eis
1010 3372 1083 3464 Ego
1116 3371 1228 3444 cibum
1268 3372 1384 3446 habeo
1416 3369 1627 3444 manducare
1657 3379 1761 3463 quem
1791 3389 1856 3442 vos

381 3511 451 3562 non
477 3490 579 3562 scitis.
633 3480 839 3562 ³3Dicebant
865 3509 950 3583 ergo
977 3490 1133 3584 discipuli
1160 3491 1378 3564 adinvicem
1404 3490 1578 3585 Numquid
1604 3490 1724 3584 aliquis
1750 3489 1857 3562 attulit

381 3609 415 3682 ei
440 3609 676 3682 manducare?
719 3596 845 3679 ³‘Dicit
879 3608 930 3680 eis
963 3610 1059 3682 lesus
1091 3612 1188 3684 Meus
1219 3613 1316 3686 cibus
1349 3622 1404 3684 εει
1434 3622 1472 3686 ut
1496 3611 1618 3684 laciam
1645 3611 1856 3684 voluntatem

382 3732 456 3802 cius
482 3729 540 3823 qui
565 3728 657 3800 misit
681 3749 755 3813 me,
786 3737 822 3800 ut
854 3727 1029 3823 perficiam
1064 3753 1153 3826 opus
1184 3732 1268 3804 eius.
1319 3724 1346 3770 ³⁵
1362 3733 1484 3804 Nonne
1517 3723 1594 3804 vos
1618 3730 1729 3804 dicitis
1762 3727 1856 3822 quod

381 3849 495 3922 adhuc
525 3859 685 3942 quattuor
717 3869 858 3921 memes
892 3859 970 3920 sunt
1004 3859 1038 3922 et
1071 3851 1195 3928 messis
1229 3852 1347 3924 venit?
1378 3853 1469 3925 Ecce
1501 3852 1581 3926 dico
1607 3851 1717 3936 vobis,
1743 3850 1855 3920 levate
1901 3891 1904 3898 -

381 3971 501 4042 oculos
534 3979 672 4042 vestros
706 3976 741 4038 et
773 3966 890 4040 videte
920 3970 1096 4062 regiones,
1140 3971 1220 4064 quia
1254 3971 1355 4044 albae
1393 3984 1473 4048 sunt
1505 3973 1573 4046 iam
1614 3971 1661 4044 ad
1691 3989 1853 4042 messem.

249 4107 252 4114 ’
378 4081 458 4162 ”Et
484 4090 541 4183 qui
567 4089 664 4160 metit
690 4087 889 4160 mercedem
922 4091 1045 4184 accipit
1071 4101 1105 4162 et
1130 4100 1319 4184 congregat
1335 4093 1479 4164 fructum
1495 4091 1531 4164 in
1547 4094 1651 4166 vitam
1668 4099 1853 4175 aeternam,

379 4221 416 4282 nt
441 4219 477 4282 ει
502 4211 559 4304 qni
586 4209 733 4280 seminat
758 4207 858 4280 simul
884 4209 1036 4301 gaudeat
1062 4212 1172 4304 etqui
1198 4212 1303 4284 metit.
1346 4205 1420 4284 ³¹ln
1446 4212 1513 4284 hoc
1531 4213 1621 4286 enirn
1640 4221 1694 4284 est
1709 4211 1855 4284 verbum

377 4351 508 4417 verum,
536 4329 615 4423 quia
642 4330 728 4402 alim
757 4329 894 4422 estqui
928 4331 1090 4416 seminat,
1119 4342 1153 4403 ει
1190 4332 1274 4404 alius
1306 4343 1359 4404 est
1391 4332 1448 4426 qui
1482 4333 1586 4406 metit
1640 4325 1752 4426 ³⁸llgo
1779 4332 1854 4404 misi

376 4473 441 4526 ros
467 4459 599 4523 metere
626 4447 722 4542 quod
747 4469 812 4520 vos
838 4471 907 4520 non
933 4448 1131 4522 laborastis:
1159 4451 1214 4524 alii
1231 4451 1484 4538 laboravenmt,
1511 4463 1547 4526 et
1563 4475 1628 4526 vos
1646 4455 1680 4524 in
1697 4453 1853 4526 laborem

377 4593 498 4646 eorum
525 4569 695 4644 introistis.
744 4559 772 4606 ³⁹
802 4569 855 4640 Ex
883 4568 1018 4642 civitate
1045 4581 1160 4656 autem
1186 4572 1242 4645 illa
1268 4573 1362 4646 multi
1379 4570 1598 4646 crediderunt
1625 4575 1659 4646 in
1685 4595 1765 4646 eum
1787 4573 1852 4645 Sa·
1888 4555 1893 4563 ¹

374 4693 620 4766 maritanorum
645 4698 787 4784 propter
812 4690 959 4762 verbum
987 4691 1138 4764 mulieris
1166 4693 1395 4766 testimonium
1422 4692 1634 4786 perhibentis
1661 4694 1740 4787 quia
1767 4692 1853 4766 dixit

258 4847 265 4858 ¹
373 4814 456 4886 mihi
482 4812 596 4886 omnia
622 4831 861 4904 quaecumque
887 4811 961 4884 lcci.
1053 4810 1136 4884 Cum
1169 4814 1345 4886 venissent
1377 4835 1463 4908 ergo
1496 4814 1542 4888 ad
1572 4814 1665 4886 illum
1700 4813 1852 4888 Samari-

373 4933 460 5018 tani,
488 4941 698 5025 rogaverunt
731 4951 809 5002 eum
846 4941 882 5002 ut
915 4931 963 5003 ibi
998 4941 1161 5004 maneret.
1212 4934 1257 5006 Et
1282 4935 1405 5006 mansit
1429 4935 1477 5006 ibi
1509 4935 1600 5007 duos
1632 4934 1723 5020 dios,
1774 4923 1852 5004 “et

372 5054 478 5126 multo
504 5053 622 5146 plures
648 5051 866 5124 crediderunt
897 5060 1040 5145 propter
1066 5073 1264 5125 sermonem
1291 5053 1383 5141 eius,
1433 5043 1460 5092 ⁴²
1472 5065 1508 5127 ει
1532 5055 1664 5128 mulieri
1690 5052 1852 5128 dicebant

373 5174 451 5268 quia
478 5174 547 5246 iarn
572 5195 641 5246 non
667 5183 809 5268 propter
834 5182 929 5246 tuam
957 5172 1141 5264 loquellam
1168 5173 1358 5248 credimus:
1385 5177 1450 5270 ipsi
1476 5177 1568 5250 enim
1595 5175 1788 5250 audivimus
1814 5183 1850 5246 et
1948 5159 1952 5166 ’

959 5293 1009 5377 lV,
1040 5291 1084 5364 tt
1116 5335 1159 5346 —
1191 5291 1248 5368 l2.
