4242 6118
609 426 612 432 “
684 411 956 476 svaudunum
984 411 1189 474 SECUNDUM
1216 406 1343 472 Lucam
1563 403 1564 406 ¹
1699 409 1770 478 ⁴33

271 633 377 710 supra
405 612 530 685 decem
559 613 725 684 civitates.
780 607 806 650 ⁴⁸
822 613 865 685 Et
891 615 981 684 alter
1015 615 1112 684 venit
1145 613 1266 684 dicens
1300 613 1465 698 Domine,
1502 634 1582 683 mna
1609 623 1667 684 tua
1694 613 1774 684 fecit

271 735 423 828 quinque
450 753 557 802 mnas.
610 724 637 768 ⁴⁹
653 733 694 802 Et
723 733 801 802 huic
825 733 875 804 ait
901 732 944 802 Et
974 741 1011 802 tu
1039 741 1116 804 esto
1151 753 1256 826 supra
1291 731 1442 824 quinque
1470 731 1636 803 civitates.
1688 724 1715 769 '⁰
1732 721 1795 828 m]

272 851 356 923 aiter
381 851 477 921 venit
503 850 623 922 dicens
651 851 811 935 Domine,
840 869 924 923 ecoe
954 857 1038 922 rnna
1065 861 1132 936 tua,
1162 874 1265 944 quam
1300 851 1405 922 babui
1432 852 1621 944 repositam
1650 853 1683 922 in
1711 873 1773 922 su-

271 972 385 1044 dario:
429 963 452 1008 ²¹
474 969 567 1040 timui
596 970 704 1054 enim,
733 971 813 1063 quia
846 970 958 1040 bomo
990 969 1158 1058 'austeris
1186 993 1243 1054 es,
1280 970 1369 1041 tollis
1396 971 1492 1062 quod
1519 975 1588 1042 bon
1616 971 1772 1064 posuisti,

272 1101 307 1162 et
334 1090 435 1160 metis
462 1088 559 1181 quod
591 1110 661 1160 non
696 1090 883 1160 seminasti.
938 1080 1074 1160 ”Dicit
1109 1092 1140 1160 ei
1171 1092 1223 1160 De
1256 1111 1319 1159 ore
1350 1099 1410 1178 tuo
1445 1100 1479 1160 te
1505 1073 1638 1194 iudico,
1668 1111 1772 1160 serve

150 1247 153 1256 ·
271 1231 432 1303 nequam.
478 1207 623 1278 Sciebas
650 1208 746 1301 quod
774 1229 842 1302 ego
870 1207 1024 1280 austeris
1051 1209 1158 1280 bomo
1186 1231 1272 1294 sum,
1301 1210 1424 1280 tollens
1443 1208 1539 1301 quod
1565 1229 1634 1280 non
1659 1209 1771 1301 posui,

274 1341 307 1400 et
335 1337 470 1398 metens
496 1327 592 1421 quod
619 1347 689 1398 non
716 1328 912 1398 seminavi?
960 1319 987 1364 ³³
1004 1337 1039 1396 et
1066 1349 1173 1418 quare
1200 1349 1271 1399 non
1298 1329 1427 1400 dedisti
1454 1329 1635 1421 pecuniam
1655 1349 1771 1400 meam

209 1443 213 1458 '
273 1449 528 1520 admoneam?
564 1456 600 1516 et
633 1467 701 1538 ego
735 1447 879 1518 veniens
915 1468 995 1518 cum
1029 1447 1143 1518 usuris
1178 1447 1294 1539 utique
1321 1446 1511 1539 exigissem
1545 1447 1637 1519 illud.
1690 1437 1773 1518 “Et

274 1566 488 1639 adstantibus
513 1563 602 1637 dixit
627 1564 770 1636 Auferte
797 1567 842 1636 ab
870 1567 927 1637 ilio
955 1585 1072 1637 mnam
1100 1575 1135 1635 et
1161 1567 1242 1638 date
1268 1567 1313 1636 illi
1342 1567 1400 1658 qui
1427 1566 1552 1637 decern
1579 1588 1677 1638 mnas
1704 1568 1770 1638 ba-

271 1689 340 1758 bet.
393 1677 421 1722 ²⁵
437 1686 480 1755 Et
507 1683 669 1755 dixerunt
695 1685 727 1754 ei
750 1685 912 1770 Domine,
941 1686 1048 1756 babet
1074 1685 1197 1756 decern
1233 1707 1341 1756 mnas.
1396 1675 1768 1758 ²⁶<²³⁰=2²1tiooamoin

271 1805 373 1877 vobis
401 1805 480 1896 quia
508 1804 602 1874 omni
629 1803 769 1874 babenti
796 1803 949 1888 dabitur,
986 1805 1031 1874 ab
1060 1800 1111 1876 eo
1131 1815 1245 1874 autem
1281 1805 1339 1898 qui
1372 1804 1584 1889 nonhabet,
1612 1814 1648 1876 ot
1673 1807 1768 1898 quod
1810 1855 1812 1862 ,

273 1925 378 1996 babet
411 1923 585 1995 auferetur
619 1921 663 1990 ab
699 1942 752 1992 eo.
806 1913 934 1967 ”mi
949 1923 1076 1991 Verum
1113 1933 1227 1994 tamen
1261 1925 1420 1995 inimicos
1453 1945 1554 1995 meos
1588 1923 1682 2008 iilos,
1710 1927 1769 2017 q'ui

271 2045 453 2116 noluerunt
487 2061 544 2110 me
577 2061 723 2131 regnare
761 2059 867 2133 super
902 2061 958 2124 se,
1001 2039 1164 2111 adducite
1199 2043 1266 2114 buc
1300 2053 1335 2113 et
1375 2041 1555 2133 interficite
1588 2045 1668 2113 ante
1699 2044 1766 2114 m'e.
1808 2025 1817 2038 ⁸

273 2153 404 2250 ”mi
417 2161 459 2230 Et
493 2159 546 2229 bis
582 2159 684 2229 dictis
715 2158 953 2251 praecedebat
987 2159 1182 2231 ascendens
1215 2161 1467 2254 Hierosolyma.
1521 2154 1547 2198 ²⁹
1563 2162 1605 2231 Et
1640 2163 1766 2234 iactum

274 2291 432 2351 osteum
460 2278 776 2372 appropinquasset
803 2277 848 2348 a'd
875 2275 1080 2369 Betbpbage
1104 2275 1142 2348 'et
1167 2279 1333 2351 Bethania
1359 2280 1407 2351 ad
1434 2291 1588 2351 montem
1617 2282 1674 2373 qui
1700 2301 1765 2352 vo-

275 2408 370 2470 catur
397 2399 523 2482 oliveti,
551 2396 642 2467 misit
658 2395 759 2475 ¹‚duos
787 2396 979 2490 discipulos
1007 2417 1091 2467 suos
1134 2389 1161 2434 ³⁰
1178 2397 1298 2470 dicens
1325 2401 1374 2470 lte
1403 2401 1437 2469 in
1464 2401 1643 2472 castellum
1669 2398 1764 2492 quod

275 2519 397 2588 contra
420 2519 489 2601 eat,
516 2517 549 2585 in
578 2515 672 2608 quod
708 2517 922 2587 introeuntes
955 2515 1136 2587 invenietis
1171 2519 1300 2612 pullum
1337 2519 1457 2590 asinae
1491 2520 1682 2612 alligatum,
1711 2522 1764 2590 cui

274 2658 378 2708 nemo
406 2657 570 2728 umquam
597 2633 775 2706 hominum
803 2634 909 2706 sedit:
938 2633 1062 2706 solvite
1095 2636 1187 2708 illum
1224 2647 1259 2707 et
1294 2637 1467 2710 adducite.
1518 2633 1542 2678 ³¹
1562 2639 1604 2710 Et
1630 2641 1659 2710 si
1687 2640 1763 2732 quis

275 2777 340 2828 vos
365 2755 630 2846 interrogaverit
657 2755 773 2839 Quare
801 2753 959 2824 solvitis‘?
986 2752 1036 2824 sic
1063 2753 1184 2828 dicetis
1210 2753 1349 2848 ei‘quia
1376 2758 1537 2830 dominus
1564 2779 1673 2852 opera
1690 2757 1764 2828 eius'

275 2875 462 2946 desiderat.
515 2864 645 2920 ”imi
663 2871 830 2944 Abierant
865 2881 980 2943 autem
1014 2874 1071 2965 qui
1107 2873 1202 2945 missi
1241 2883 1354 2958 erant,
1390 2887 1425 2946 et
1451 2879 1650 2950 invenerunt
1678 2875 1765 2947 siout

275 2993 363 3066 dixit
394 2993 458 3062 illis
499 3000 646 3062 stantem
687 2992 826 3084 pullum.
878 2984 905 3030 ³³
923 2992 1145 3064 Solventibus
1179 3003 1294 3064 autem
1330 2989 1395 3064 iiiia
1429 2999 1558 3090 pullum
1602 2995 1764 3066 dixerunt

275 3111 405 3184 domini
431 3111 506 3182 eius
538 3111 584 3180 ad
616 3110 691 3180 iilos
725 3110 817 3195 Quid
852 3110 984 3182 solvitis
1015 3111 1170 3204 pullum?
1213 3103 1298 3181 3Ἀῐ
1328 3112 1374 3181 iili
1402 3114 1563 3186 dixerunt
1588 3115 1668 3207 quia
1695 3114 1762 3186 do·
1846 3183 1849 3191 ,

274 3231 385 3300 minus
412 3251 490 3300 eum
518 3230 753 3300 necessarium
781 3227 895 3298 babet.
947 3222 975 3266 ³⁵
991 3229 1034 3300 Et
1067 3229 1240 3301 duxerunt
1271 3229 1364 3300 iilum
1397 3235 1442 3305 ad
1475 3236 1605 3317 Iesum,
1641 3243 1677 3302 et
1709 3233 1761 3301 ia·

275 3359 408 3420 ctaotes
434 3349 639 3420 vestimenta
667 3370 730 3418 sua
757 3369 862 3440 supra
888 3347 1016 3440 pullum
1044 3349 1268 3441 inposuerunt
1293 3349 1416 3421 lesum.
1468 3345 1495 3390 ³⁰
1510 3354 1619 3422 Eunte
1646 3351 1761 3420 autem

147 3517 149 3522 -
273 3470 329 3539 iilo
356 3467 623 3539 substernebant
650 3451 854 3538 vestimenta
881 3487 943 3536 sua
969 3467 1003 3536 in
1029 3467 1095 3538 via.
1148 3457 1281 3514 mim
1300 3468 1341 3538 Et
1368 3491 1445 3541 curn
1469 3467 1763 3565 appropinquaret

274 3589 340 3658 iam
369 3587 414 3658 ad
442 3585 649 3658 descensum
676 3586 801 3656 montis
829 3585 953 3670 oliveti,
981 3597 1172 3680 coeperunt
1198 3607 1320 3657 omnes
1338 3589 1460 3660 turbae
1479 3585 1761 3661 descendentium

274 3703 467 3796 gaudentes
492 3707 635 3777 laudare
663 3705 766 3777 deum
793 3725 884 3776 voce
910 3713 1038 3798 magna
1071 3727 1177 3798 super
1209 3706 1367 3777 omnibus
1394 3731 1481 3801 quas
1507 3708 1676 3780 viderant
1691 3705 1761 3775 vira

274 3815 416 3909 tutibus,
459 3815 486 3862 ³⁸
503 3825 658 3895 dicentes
683 3823 891 3895 Benedictus
914 3823 975 3916 'qui
1008 3825 1102 3896 venit
1127 3845 1194 3896 rex
1219 3825 1251 3894 in
1283 3825 1422 3898 nurnine
1449 3828 1596 3900 domini:
1629 3848 1702 3920 pax
1728 3825 1761 3894 in

274 3943 372 4014 caelo
400 3953 436 4014 et
461 3943 570 4034 gloria
604 3944 637 4012 in
668 3944 826 4015 excelsis.
877 3933 1007 3990 ”imi
1024 3943 1068 4012 Et
1100 3944 1238 4036 quidam
1274 3943 1539 4017 Pharisaeorum
1574 3945 1619 4018 de
1653 3943 1761 4016 turbis

274 4062 435 4134 dixerunt
461 4061 506 4132 ad
533 4061 624 4132 iilum
658 4063 838 4154 Magister,
872 4061 1015 4154 increpa
1049 4061 1237 4154 discipulos
1271 4072 1359 4134 tuos.
1411 4054 1438 4102 ⁴⁰
1456 4065 1587 4150 Quibus
1614 4066 1689 4158 ipse
1716 4063 1762 4134 ait

273 4181 359 4251 Dico
385 4181 488 4251 vobis
518 4181 602 4272 'quia
635 4179 663 4250 si
690 4181 723 4250 bi
759 4181 943 4263 tacuerint,
978 4179 1113 4272 lapides
1140 4181 1345 4253 clamabunt.
1397 4173 1541 4232 “imi
1565 4185 1608 4254 Et
1634 4195 1671 4254 ut
1695 4203 1759 4275 ap-

273 4299 524 4392 propinquavit,
551 4300 674 4370 videns
692 4299 864 4371 civitatem
892 4299 986 4369 ssevit
1002 4299 1108 4391 super
1132 4299 1233 4384 iilam,
1261 4299 1382 4372 dicens
1424 4289 1451 4337 ‘²
1465 4301 1544 4394 quia
1570 4303 1598 4372 si
1626 4321 1759 4394 cogno-

273 4417 385 4488 visses
411 4428 447 4488 et
473 4429 519 4503 tu,
547 4427 582 4490 et
609 4419 747 4512 quidem
775 4419 809 4487 in
836 4419 903 4489 bac
927 4417 986 4488 die
1013 4427 1079 4504 tua,
1097 4418 1199 4509 'quae
1226 4417 1272 4488 ad
1291 4436 1414 4511 paoem
1433 4421 1510 4491 tibi:
1538 4442 1628 4492 nuno
1645 4430 1759 4492 autem

275 4535 479 4609 abscondita
507 4538 657 4608 suntab
685 4537 794 4608 oo'ulis'
819 4537 900 4608 tuis:
945 4522 972 4571 ⁸³
990 4536 1070 4628 quia
1098 4536 1237 4607 venient
1263 4537 1338 4608 dies'
1365 4540 1397 4608 in
1425 4549 1484 4622 te,
1503 4549 1538 4610 et
1565 4538 1759 4610 circumdass

272 4654 357 4725 bunt
383 4667 418 4726 te
444 4656 568 4727 inimici
596 4657 643 4727 tui
669 4655 776 4738 v‘alio,
804 4665 840 4725 et
874 4653 1135 4726 circumdabunt
1168 4665 1201 4725 te
1235 4666 1270 4725 et
1296 4658 1571 4749 coangustabunt
1597 4669 1632 4727 te
1660 4655 1758 4728 undi-¹

272 4795 357 4864 que,
402 4765 487 4846 “ad
522 4785 648 4846 terram
684 4784 903 4866 prosternent
938 4783 977 4843 te·
1003 4783 1038 4842 et
1064 4771 1152 4843 filios
1184 4775 1242 4865 qui
1277 4776 1309 4844 in
1337 4785 1371 4845 te
1399 4786 1492 4858 sunt,
1521 4767 1610 4820 (Μ)
1630 4783 1663 4844 et
1690 4796 1791 4845 non·

275 4893 469 4985 relinquent
496 4895 529 4962 in
562 4903 596 4962 te
630 4893 780 4986 lapidem
816 4914 921 4986 super
947 4891 1114 4984 lapidem,
1144 4913 1188 4962 eo
1216 4893 1311 4983 quod
1338 4914 1407 4964 non
1435 4893 1643 4985 cognoveris
1670 4893 1759 4964 tem'-

272 5031 338 5102 pus
365 5011 568 5083 visitationis
596 5023 685 5084 tuae.
739 5000 766 5054 *ὅ
779 5001 867 5056 (m)
881 5011 923 5079 Et
950 5011 1126 5102 ingressus
1151 5011 1186 5080 in
1213 5013 1378 5103 templum
1397 5011 1513 5104 eoepit
1531 5011 1646 5082 eicere
1673 5019 1758 5081 von*

272 5129 394 5201 dentes
422 5132 468 5202 in'
482 5133 540 5203 iilo
568 5142 603 5202 et
630 5140 800 5213 ementes,
845 5120 871 5164 ⁴⁶
888 5128 1010 5200 dicens
1043 5127 1106 5197 ibis
1134 5129 1305 5222 Scriptum
1343 5140 1395 5202 est
1422 5130 1501 5222 quia
1528 5130 1653 5203 domus
1679 5133 1759 5202 maa

856 5245 939 5328 XIX,
972 5249 1016 5317 i8
1046 5245 1209 5316 -iu
