4242 6118
697 397 939 467 avtuuauuu
965 403 1169 466 sucuuuuu
1195 401 1325 466 tuctu
1687 399 1760 478 tat

267 517 404 526 -..-....—-
1523 513 1761 527 --....--.....

266 612 345 704 quia
376 631 447 682 non
480 610 681 704 praeteribit
714 609 893 699 generatio
933 611 1025 681 haec
1059 606 1174 678 donec
1213 607 1332 678 omnia
1363 607 1453 678 liant.
1505 603 1532 650 ⁸³
1549 611 1688 682 Caelium
1724 623 1760 686 el

266 745 358 804 terra
385 732 586 816 transibunt,
614 730 724 802 verba
750 736 865 798 autem
893 751 971 801 maa
999 749 1070 800 non
1096 727 1278 798 transient.
1321 715 1348 764 ³⁶
1361 719 1465 774 (wll
1479 728 1667 804 Adtmdte
1694 755 1758 804 au-

266 864 335 924 tem
370 851 471 922 vobis
509 873 554 922 ne
592 853 679 922 lorte
711 861 898 942 graventur
931 849 1041 922 corda
1073 857 1191 918 vestra
1227 848 1262 918 in
1296 848 1433 940 crapula
1467 859 1502 919 et
1527 853 1695 924 ebrietate
1723 865 1759 924 et

268 973 359 1045 curis
387 971 487 1043 huius
513 973 615 1056 vitae,
644 983 679 1042 et
705 973 927 1064 superveniat
952 972 987 1041 in
1014 989 1081 1040 vos
1106 968 1289 1062 repentina
1316 967 1393 1040 dies
1420 969 1491 1040 illa:
1535 964 1563 1008 ³⁵
1579 984 1756 1066 tanlquam

154 1126 156 1137 =
267 1095 412 1186 laqueus
439 1093 531 1164 enim
559 1093 780 1186 superveniet
805 1091 838 1162 iu
857 1109 979 1162 omnes
1008 1089 1066 1180 qui
1084 1089 1209 1160 sedent
1237 1109 1345 1182 super
1361 1088 1484 1160 faciem
1503 1092 1613 1163 omnis
1632 1104 1755 1166 terrae.

267 1208 293 1252 ³³
310 1213 450 1306 Vigilate
477 1212 592 1304 itaque
619 1213 896 1306 omnitempore
924 1220 1064 1281 orantes
1093 1219 1128 1280 ut
1154 1209 1248 1302 digni
1277 1208 1469 1280 habeamini
1495 1212 1755 1304 argemonen

269 1357 358 1427 quae
385 1335 495 1404 lutura
523 1343 602 1404 sunl
627 1342 661 1402 et
688 1343 781 1403 sture
808 1339 887 1402 ante
913 1331 1016 1404 lilium
1044 1329 1200 1400 hominis.
1253 1322 1373 1398 ³7Erat
1391 1339 1505 1400 autera
1533 1331 1657 1405 diebus
1685 1333 1754 1406 do.

269 1475 351 1526 cens
378 1454 411 1524 in
438 1454 585 1546 templo,
620 1453 778 1523 noctibus
808 1471 893 1522 vero
929 1451 1053 1521 exiens
1088 1450 1289 1521 morabatur
1321 1450 1355 1518 in
1382 1461 1500 1520 monte
1526 1453 1583 1544 qai
1608 1465 1755 1526 vocatur

255 1576 392 1646 oliveti.
444 1565 471 1610 Ἢ
487 1575 528 1644 Et
555 1574 666 1644 omnis
693 1572 839 1667 populus
865 1569 1060 1641 manicabat
1087 1567 1133 1639 ad
1160 1591 1239 1640 eum
1266 1570 1300 1640 in
1326 1570 1457 1663 templo
1483 1571 1604 1644 autlire
1629 1594 1717 1644 eum.

957 1845 1057 1915 xxti.

345 2049 460 2108 lim)
477 2054 787 2150 appropinquabat
822 2063 937 2124 autem
972 2051 1048 2122 dies
1074 2051 1181 2121 leatus
1216 2073 1419 2146 azymorum
1452 2055 1510 2145 qui
1537 2054 1659 2126 dicitur
1685 2074 1750 2152 pa-

270 2183 367 2266 scha,
412 2169 526 2226 ’Μ
546 2187 581 2248 et
614 2173 828 2268 quaerebant
863 2171 1036 2266 principes
1072 2169 1293 2242 sacerdotum
1328 2181 1363 2242 et
1399 2173 1537 2244 scribae
1572 2179 1750 2268 quomodo

270 2325 349 2375 eum
375 2297 623 2378 interficerent;
651 2291 817 2365 timebant
842 2313 927 2362 vero
954 2291 1104 2384 plebem.
1157 2280 1275 2340 ΒΜ)
1292 2291 1431 2362 Intravit
1464 2303 1577 2366 autem
1611 2307 1750 2372 satanas

270 2425 303 2495 in
329 2421 447 2493 ludam
481 2418 537 2512 qui
570 2424 715 2486 vocatur
749 2411 916 2497 Scarioth,
944 2433 1049 2483 unum
1077 2409 1123 2482 de
1157 2410 1362 2482 duodecim:
1412 2402 1529 2460 ‘lm’
1546 2429 1583 2488 et
1608 2419 1690 2489 abiit
1715 2431 1750 2492 et

269 2547 402 2616 locutus
428 2549 484 2612 est
509 2561 586 2610 cum
614 2533 823 2629 principibus
851 2530 1072 2603 sacerdotum
1100 2541 1135 2600 et
1165 2531 1424 2623 magistratibus
1456 2535 1749 2626 quemadmodum

157 2667 164 2676 '
262 2665 359 2736 illum
393 2659 547 2732 traderet
578 2657 639 2728 eis.
690 2647 762 2724 ὅΕι
794 2652 904 2745 gavisi
938 2661 1016 2722 sunt
1051 2661 1086 2721 et
1118 2649 1208 2744 pacti
1247 2661 1325 2726 sunt
1356 2656 1537 2750 pecuniam
1570 2657 1614 2727 illi
1646 2659 1747 2730 dare:

269 2775 334 2856 “et
360 2779 561 2876 spopondit,
590 2787 624 2848 et
650 2773 840 2869 quaerebat
866 2771 1131 2866 oportunitatem
1158 2781 1194 2842 ut
1220 2772 1373 2844 traderet
1408 2773 1501 2848 illum
1531 2775 1603 2848 siue
1631 2779 1747 2850 turbis.

268 2899 396 2974 7Venit
423 2909 536 2972 autem
563 2898 640 2970 dies
667 2915 875 2989 azymorum,
903 2891 937 2964 in
963 2913 1031 2984 qua
1057 2913 1204 2964 necesse
1237 2903 1311 2962 erat
1346 2895 1459 2966 occidi
1492 2900 1639 2992 pascha:
1682 2891 1749 2969 ⁸et

270 3025 360 3097 misit
385 3023 522 3094 Petrum
550 3027 585 3090 et
610 3015 781 3086 lohannen
808 3014 927 3086 dicens
960 3011 1088 3084 Euntes
1124 3023 1245 3106 parule
1278 3011 1380 3084 nobis
1416 3018 1548 3109 pascha
1578 3029 1616 3090 ut
1649 3039 1747 3090 man-

271 3147 447 3218 ducemus.
498 3131 574 3208 ⁹At
598 3135 643 3206 illi
669 3135 830 3208 dixerunt
856 3133 920 3205 Ubi
946 3131 998 3202 vis
1025 3135 1213 3226 paremus?
1257 3125 1283 3170 ⁴⁰
1299 3133 1341 3203 Et
1374 3133 1463 3207 dixit
1496 3138 1541 3210 ad
1567 3159 1631 3210 eos
1657 3141 1748 3210 Ecce

271 3263 517 3338 introeuntibus
544 3256 645 3328 vobis
672 3255 706 3327 in
739 3256 909 3328 civitatem
942 3255 1092 3324 occurrit
1122 3233 1224 3326 v'obis
1257 3230 1372 3324 homo'
1398 3258 1601 3351 amphoram
1636 3279 1748 3351 aquae

270 3391 432 3482 portans:
460 3377 640 3472 sequimini
666 3397 744 3446 eum
772 3376 806 3446 in
833 3375 975 3447 domum
1003 3373 1037 3442 iu
1065 3393 1132 3465 qua
1163 3373 1271 3456 intrat,
1315 3365 1338 3409 ⁴⁴
1359 3383 1395 3444 et
1427 3375 1549 3446 dicetis
1581 3379 1668 3470 patri
1695 3380 1747 3449 la·

271 3507 379 3578 milies
406 3503 530 3574 domus
557 3497 655 3567 Dicet
688 3496 748 3567 tibi
780 3496 945 3590 magister
978 3494 1041 3565 Ubi
1075 3503 1130 3565 est
1162 3493 1392 3565 diversorium
1426 3497 1486 3566 ubi
1511 3499 1642 3594 pascha
1668 3519 1746 3570 cum

271 3623 445 3718 discipulis
481 3619 568 3692 meis
601 3616 833 3690 manducem?
884 3607 911 3654 ⁴¹
927 3616 969 3686 Et
999 3615 1076 3708 ipae
1107 3615 1208 3686 vobis
1243 3612 1406 3686 ostendet
1438 3619 1638 3690 cenaculum
1671 3639 1747 3690 ma-

271 3769 374 3840 gnum
402 3753 554 3824 stratum,
582 3748 617 3808 et
641 3737 688 3808 ibi
714 3747 844 3830 parate.
896 3728 922 3774 ⁴³
938 3735 1066 3807 Euntes
1093 3745 1207 3807 autam
1234 3734 1435 3806 invenerunt
1461 3737 1547 3808 sicta
1565 3737 1650 3810 dixit
1674 3739 1747 3824 illis,

271 3879 305 3941 et
331 3871 538 3963 paraverunt
563 3857 704 3954 pascha.
755 3848 835 3930 ⁴⁴Et
861 3879 939 3930 curn
965 3859 1054 3928 lacta
1081 3865 1178 3927 esset
1203 3855 1304 3938 hora,
1332 3853 1521 3942 discubuit,
1549 3867 1585 3928 ot
1610 3858 1748 3930 duode-

272 3990 336 4060 cim
365 3984 513 4081 apostoll
540 4003 618 4052 cum
637 3999 690 4050 eo.
744 3969 770 4016 ¹⁵
782 3970 884 4028 Μ)
901 3979 943 4050 lit
961 3977 1007 4049 ait
1024 3977 1087 4047 illis
1105 3975 1289 4047 Desiderio
1308 3973 1505 4048 desideravi
1531 3977 1599 4050 hoc
1616 3979 1747 4072 pascha
1769 3993 1771 4004 ·

271 4108 481 4181 manducare
506 4101 689 4174 vobiscum
724 4109 803 4172 ante
837 4121 939 4192 quam
974 4095 1100 4190 patiar:
1151 4085 1282 4143 ’Μ
1296 4093 1375 4166 dico
1409 4097 1499 4168 cuim
1533 4100 1635 4170 vobis
1670 4100 1748 4193 quia

272 4251 318 4300 ex
343 4229 412 4297 hoc
436 4248 506 4297 non
532 4220 752 4293 manducabo
786 4219 867 4292 illud
900 4219 1015 4292 denec
1047 4217 1228 4310 impleatur
1259 4215 1293 4286 iu
1319 4235 1429 4308 reguo
1456 4216 1524 4288 dei.
1576 4211 1602 4256 ¹⁷
1618 4218 1660 4290 Et
1686 4240 1747 4290 ac-

273 4357 374 4442 cepto
402 4345 507 4417 calice
535 4327 664 4436 gratiae
691 4341 762 4434 egit
789 4351 824 4411 et
849 4339 936 4410 dixit
961 4337 1116 4430 Accipite
1141 4347 1177 4408 el
1203 4335 1345 4408 dividite
1378 4337 1572 4410 intervos:
1624 4331 1651 4378 '⁸
1667 4337 1747 4411 dico

273 4469 363 4541 enim
388 4465 488 4538 vobis
516 4463 611 4556 quod
636 4484 706 4533 non
730 4461 848 4532 bibam
875 4459 921 4530 de
948 4457 1170 4551 generatione
1195 4457 1273 4528 vitis
1299 4457 1415 4530 donec
1439 4477 1584 4550 reguum
1602 4457 1660 4530 dei
1682 4481 1747 4532 ve-

272 4589 350 4660 niat.
402 4576 529 4632 mm)
546 4585 589 4655 Et
615 4591 760 4676 accepto
787 4601 876 4675 pane
903 4580 1031 4674 gratias
1059 4578 1129 4668 egit
1161 4587 1196 4648 el
1227 4577 1326 4670 iregit
1362 4587 1397 4647 et
1429 4575 1526 4648 dedit
1551 4579 1601 4648 eis
1627 4578 1747 4650 dicens

271 4711 345 4781 Hoc
372 4715 426 4777 est
453 4725 580 4798 corpus
606 4725 721 4774 meum
748 4703 839 4794 quod
866 4721 931 4794 pro
957 4697 1058 4770 vobis
1086 4698 1203 4769 datur:
1231 4697 1298 4768 hoc
1324 4697 1424 4767 lacile
1450 4697 1483 4766 in
1509 4719 1622 4768 meam
1650 4721 1748 4770 com-

272 4827 568 4900 memorationem.
607 4815 734 4870 ”imi
753 4821 912 4894 Similiter
938 4829 973 4888 et
1000 4819 1142 4890 calicem
1169 4827 1352 4910 postquam
1380 4817 1522 4900 cenavit,
1551 4815 1671 4891 dicens
1689 4821 1749 4890 llic

273 4948 450 5034 calculis,
479 4965 606 5016 novum
633 4950 873 5014 testamentum
901 4940 934 5009 in
963 4939 1129 5031 sarrguine
1147 4957 1237 5022 meo,
1266 4935 1359 5029 qruod
1378 4957 1442 5030 pro
1459 4937 1562 5008 vobis
1580 4939 1748 5012 fundetur.

270 5064 293 5108 ²⁴
310 5060 400 5116 ‘m'
417 5069 544 5138 Verum
579 5077 693 5134 umen
732 5081 815 5134 ecce
847 5081 968 5130 manus
1003 5057 1168 5130 tradentis
1203 5077 1261 5127 me
1295 5073 1429 5127 macrum
1465 5067 1520 5127 est
1551 5058 1585 5128 in
1619 5081 1749 5132 mensa.

272 5183 299 5228 '²
315 5191 357 5262 Et
384 5189 523 5282 quidem
550 5185 638 5257 lilius
670 5181 817 5254 bominis
849 5178 1038 5250 secundum
1073 5177 1169 5270 quod
1201 5177 1376 5250 delinitum
1413 5187 1466 5247 est
1491 5179 1601 5264 vadit,
1629 5201 1750 5252 verum

788 5300 870 5384 xxi,
899 5303 946 5370 33
978 5337 1022 5352 -
1051 5295 1147 5384 XXII,
1176 5299 1235 5374 22.

1400 5421 1444 5488 l8
