4220 6124
375 401 447 481 att
825 410 1007 474 ausuum
1034 408 1085 474 nn
1113 411 1339 474 coniuratos
1365 411 1385 473 t.

1087 647 1140 719 Xl.

449 845 726 928 ¹<⁵⁸'lmitatores
760 855 829 926 mei
855 864 982 939 estote,
1016 856 1103 926 sicut
1129 867 1163 926 ct
1189 878 1257 947 ego
1283 854 1412 927 Christi.
1456 847 1606 928 ²Lando
1633 863 1748 930 autem
1776 877 1850 938 vos,

374 978 504 1058 lretres,
532 975 627 1066 quod
653 975 767 1046 omnia
793 975 862 1048 mei
895 976 1180 1048 memoresestis
1212 987 1248 1046 et
1273 975 1361 1047 sicut
1386 972 1512 1046 tradidi
1537 973 1639 1046 vobis
1664 985 1851 1068 praecepta

375 1115 452 1167 rauca
481 1096 610 1168 tenetis.
654 1085 731 1144 ³³⁴³
746 1095 830 1168 Volo
865 1104 978 1168 autem
1004 1117 1070 1166 vos
1103 1097 1193 1168 scirc
1219 1094 1314 1187 quod
1341 1093 1451 1168 omnis
1478 1095 1542 1166 viri
1569 1103 1671 1188 caput
1697 1094 1849 1166 Christus

375 1225 442 1298 cst,
470 1224 573 1310 caput
599 1227 713 1290 autem
748 1215 897 1289 mulieris
922 1215 991 1300 vir,
1025 1226 1126 1308 caput
1151 1237 1237 1287 vero
1265 1214 1387 1288 Christi
1413 1214 1510 1286 deus.
1560 1202 1637 1260 “⁸⁸¹
1652 1213 1772 1286 Omnis
1798 1215 1850 1286 vir

375 1355 478 1410 orans
504 1346 563 1408 aut
587 1335 800 1431 prophetans
825 1336 939 1410 velato
966 1335 1077 1428 capite
1103 1335 1265 1429 deturpat
1289 1343 1393 1428 caput
1418 1356 1526 1406 suum.
1560 1325 1708 1407 ⁵0mnis
1735 1343 1848 1406 autem

375 1455 494 1530 mulier
526 1475 630 1530 orans
664 1465 721 1528 aut
752 1456 963 1550 prophetans
995 1478 1065 1528 non
1100 1455 1214 1526 velato
1256 1455 1368 1548 capite
1401 1453 1563 1548 deturpat
1599 1464 1702 1548 caput
1733 1477 1848 1528 suum:

373 1559 482 1649 unum'
508 1586 562 1651 est
596 1579 686 1648 enim
718 1585 821 1669 atque
857 1576 886 1648 si
916 1575 1124 1650 decalvetur.
1175 1565 1287 1647 ⁶Nam
1321 1575 1350 1646 si
1383 1595 1453 1646 nou
1484 1575 1618 1650 velatur
1643 1575 1781 1660 mulier,
1816 1585 1850 1647 et

375 1695 571 1770 tondeatur:
624 1696 653 1768 si
678 1717 764 1768 vero
791 1706 890 1790 turpe
916 1705 970 1770 est
996 1695 1127 1768 moleri
1153 1694 1289 1768 tonderi
1322 1702 1380 1766 aut
1405 1693 1597 1774 decalvari,
1630 1695 1722 1768 velet
1748 1705 1850 1788 caput

374 1839 482 1886 sunm.
534 1809 618 1890 7Vir
643 1816 781 1908 quidem
809 1837 879 1890 non
910 1817 1016 1888 debet
1049 1817 1165 1888 velare
1198 1824 1317 1908 caput,
1350 1812 1511 1907 quoniam
1538 1817 1652 1908 imago
1680 1825 1716 1888 et
1741 1815 1849 1908 gloria

375 1947 428 2008 est
454 1934 528 2007 dei:
563 1935 683 2013 mulier
709 1945 823 2010 autem
854 1936 963 2032 gloria
997 1935 1061 2008 viri
1095 1945 1156 2008 est.
1209 1927 1312 2006 ⁸Non
1343 1936 1435 2008 enim
1467 1937 1519 2008 vir
1545 1958 1591 2008 ex
1618 1935 1760 2008 muliere
1786 1946 1847 2020 est

312 2035 316 2042 ¹
376 2057 440 2129 sed
466 2057 586 2132 mulier
612 2077 657 2127 ex
684 2056 773 2128 viro:
816 2048 971 2130 ⁹etcriim
996 2077 1066 2128 non
1091 2066 1145 2128 cst
1171 2063 1305 2128 creatus
1330 2056 1383 2126 vir
1409 2065 1553 2148 proptor
1569 2052 1757 2140 mutierem,
1785 2055 1850 2130 sed

293 2200 296 2208 ·
377 2177 496 2252 mulier
521 2187 664 2270 propter
689 2177 808 2250 virum.
848 2170 968 2248 llldeo
996 2175 1102 2248 dehet
1127 2175 1248 2250 mulier
1273 2185 1480 2270 potestatem
1507 2174 1638 2274 habere
1656 2199 1761 2270 snpra
1789 2197 1847 2250 ca-

375 2307 436 2390 put
461 2307 603 2390 proptor
629 2297 780 2389 angelos.
832 2289 854 2334 ¹⁴
870 2297 995 2368 Verum
1021 2307 1135 2370 mmcn
1161 2317 1275 2388 neque
1302 2297 1354 2367 vir
1380 2297 1454 2368 sine
1472 2295 1614 2368 mulicrc
1639 2318 1754 2390 neque
1773 2320 1847 2370 mu-

375 2419 436 2488 lier
471 2417 545 2488 sine
579 2417 656 2490 viro
685 2418 719 2490 in
750 2417 905 2493 domino:
959 2409 1075 2490 ¹²oam
1110 2417 1198 2488 sicut
1228 2415 1349 2488 mulier
1381 2416 1428 2490 de
1453 2416 1544 2500 viro,
1576 2415 1622 2488 ita
1648 2426 1684 2490 ct
1709 2417 1762 2490 uir
1786 2437 1848 2510 per

377 2536 562 2621 mulierem,
588 2537 702 2612 omnia
727 2547 843 2609 cutem
871 2559 917 2610 ex
943 2535 1022 2610 deo.
1075 2526 1184 2608 13ιιοε
1211 2546 1326 2608 autem
1351 2535 1515 2610 iudicate:
1543 2535 1646 2610 decet
1671 2537 1847 2612 mulierem

376 2679 445 2728 non
471 2657 619 2732 velatam
646 2679 746 2732 orare
773 2656 902 2727 dcum‘l
953 2649 979 2695 ¹⁴
995 2657 1067 2728 Nec
1093 2657 1169 2751 ipsa
1202 2667 1323 2730 natura
1350 2657 1454 2730 docet
1479 2679 1545 2732 vos
1570 2657 1667 2749 quod
1693 2659 1746 2732 vir
1771 2658 1846 2751 qui-

376 2777 458 2848 dem
484 2777 512 2846 si
539 2797 674 2852 comato
700 2778 833 2862 nutriat,
858 2777 1043 2870 ignominia
1069 2787 1123 2849 est
1148 2777 1203 2862 illi,
1244 2770 1403 2850 ¹⁵mulier
1430 2773 1538 2850 'vero
1566 2777 1594 2846 si
1621 2798 1757 2851 comam
1783 2801 1847 2852 nu-

377 2897 462 2981 triat,
491 2897 599 2988 gloria
627 2908 680 2970 ost
705 2898 773 2972 illi?
800 2897 962 2990 quoniam
988 2897 1100 2990 capilli
1123 2921 1189 2992 pro
1214 2898 1385 2972 velamine
1411 2898 1444 2972 ei
1470 2897 1542 2972 dati
1568 2907 1655 2971 sunt.
1682 2891 1756 2970 ¹⁶Si
1773 2899 1848 2992 quis

377 3027 491 3091 autem
517 3016 653 3092 videtur
679 3017 912 3092 contentiosus
938 3039 1034 3102 csse,
1060 3040 1125 3088 nos
1151 3018 1254 3090 talem
1273 3017 1556 3092 consuetudinem
1583 3039 1654 3092 non
1671 3017 1847 3102 habemus,

376 3159 489 3230 neque
516 3139 683 3212 ecclcsiae
708 3138 773 3212 dei.
826 3129 851 3172 ¹⁷
869 3137 943 3208 lloc
969 3147 1083 3214 autem
1109 3137 1300 3232 praecipio,
1334 3137 1573 3212 conlaudans
1600 3137 1696 3230 quod
1721 3139 1849 3214 nonin

377 3257 497 3336 melios
525 3257 649 3332 sedin
675 3257 832 3333 deterius
862 3258 1061 3332 convenitis.
1112 3247 1202 3304 ΜΨ
1217 3259 1365 3360 Primum
1401 3257 1540 3352 quidem
1568 3258 1848 3332 convenientibas

375 3379 475 3452 vobis
502 3379 536 3456 ln
561 3379 710 3453 ecclesia
736 3377 840 3452 audio
867 3379 1036 3452 scissuras
1058 3399 1146 3462 csse,
1174 3387 1210 3449 ct
1226 3399 1273 3452 ex
1299 3387 1397 3472 parte
1416 3378 1533 3454 credo.
1560 3369 1686 3454 ¹⁹Nan
1712 3387 1849 3472 oportet

376 3509 410 3570 ct
435 3499 579 3576 hereses
605 3520 694 3584 ecce,
723 3509 759 3571 ut
783 3509 818 3571 et
844 3498 902 3591 qui
927 3497 1066 3592 probati
1090 3507 1168 3570 sunt
1193 3498 1364 3572 manifesti
1388 3497 1470 3574 ficut
1496 3498 1530 3570 in
1556 3497 1666 3572 vobis.
1717 3489 1745 3538 ¹⁰
1758 3498 1847 3572 Con-

375 3619 590 3695 venientibus
615 3641 702 3711 ergo
726 3619 830 3693 uobis
854 3618 889 3690 in
913 3641 1017 3692 unum
1043 3618 1112 3692 iam
1137 3639 1207 3690 non
1233 3629 1287 3692 cst
1313 3619 1519 3694 dominicam
1552 3639 1677 3691 cenam
1701 3617 1848 3694 manao

377 3762 474 3814 carc:
517 3731 796 3832 ''unnsqmsque
822 3739 912 3810 enim
939 3759 1038 3811 suam
1064 3759 1185 3811 cenam
1212 3737 1402 3832 praesumit
1427 3739 1474 3814 cd
1500 3737 1788 3822 manducandum,
1815 3747 1854 3809 et

378 3859 463 3932 alim
490 3859 629 3951 quidem
655 3859 770 3946 esurit,
798 3860 882 3932 altu
909 3869 1024 3932 autem
1050 3858 1167 3932 ebrius
1193 3869 1256 3932 est.
1299 3851 1512 3958 ²²Numquid
1538 3858 1665 3932 domos
1690 3880 1759 3932 non
1786 3859 1848 3930 ha-

377 3979 467 4052 betis
492 3979 538 4056 ad
563 3979 840 4056 manducandum
867 3989 902 4052 et
925 3977 1141 4052 hibendum?
1173 3989 1233 4054 aut
1264 3979 1446 4052 ecclesiam
1474 3979 1532 4052 dei
1558 3977 1786 4060 contemnitis,
1813 3987 1850 4048 et

377 4097 580 4174 confunditis
607 4121 670 4172 cos
696 4098 754 4192 qui
779 4121 850 4170 non
874 4097 1026 4172 hahent‘l
1064 4099 1157 4183 Quid
1181 4098 1293 4174 ἀίοωη
1320 4099 1446 4173 roho?
1480 4097 1586 4172 lando
1609 4101 1696 4172 vos?
1722 4098 1757 4170 in
1782 4097 1849 4168 noa

376 4219 585 4296 conlaudo.
624 4209 712 4266 'W'
725 4219 801 4312 Ego
827 4218 917 4295 enim
933 4219 1054 4312 accepi
1078 4241 1100 4290 a
1125 4219 1266 4294 domino
1284 4219 1379 4311 quod
1406 4229 1441 4292 ct
1459 4217 1584 4292 tradidi
1600 4219 1711 4302 vobis,
1738 4237 1848 4309 quon-

274 4332 275 4341 '
315 4405 316 4410 a
377 4339 443 4416 iem
471 4335 648 4416 doninus?
673 4341 770 4414 lesus
795 4339 831 4410 in
855 4359 923 4432 qua
950 4349 1051 4414 nocte
1078 4339 1277 4416 tradebatur
1302 4341 1435 4434 accepit
1459 4360 1586 4432 panem
1624 4331 1699 4411 ²‘et
1724 4336 1849 4430 gratim

376 4481 486 4552 agens
514 4461 615 4553 tregit
656 4469 691 4534 ct
716 4459 802 4534 dixit
853 4459 927 4536 lloc
959 4469 1014 4532 est
1045 4480 1171 4554 corpus
1197 4481 1329 4544 meum,
1362 4481 1428 4552 pro
1452 4459 1553 4534 uobis
1579 4458 1750 4532 tradetur:
1784 4458 1850 4530 hoc

375 4581 475 4656 tacite
506 4581 541 4655 in
573 4601 687 4656 meam
728 4579 1102 4658 commemorationem.
1160 4572 1186 4620 ²⁵
1204 4579 1363 4654 Similiter
1400 4589 1434 4650 et
1469 4580 1626 4662 calicem
1666 4586 1849 4671 postquem

376 4702 521 4784 cenavit
547 4701 666 4776 &ens
692 4701 753 4775 Hic
779 4701 869 4774 calix
894 4723 1022 4774 nouum
1047 4708 1291 4774 testamcutum
1323 4713 1377 4770 est
1402 4700 1439 4774 in
1469 4719 1548 4769 meo
1575 4697 1757 4791 Sangarine:
1784 4696 1862 4768 hoc'

325 4885 327 4892 a
374 4822 484 4906 lecito,
513 4823 821 4915 quotienscumque
846 4821 969 4908 bibitis,
996 4821 1031 4895 in
1057 4840 1174 4894 mecm
1198 4819 1572 4894 commemorationem.
1604 4807 1631 4856 ’⁶
1644 4811 1848 4901 'Quotiens-

377 4965 522 5035 cumque
549 4943 643 5017 enim
666 4942 919 5018 manducabitis
941 4963 1068 5035 ponem
1094 4939 1186 5012 hunc
1220 4949 1255 5010 et
1281 4939 1423 5016 caleam
1448 4938 1584 5022 bibetis,
1610 4947 1756 5012 mortem
1783 4937 1849 5012 do

377 5063 457 5133 mini
483 5063 688 5137 adnuntiatis
713 5063 827 5138 donec
852 5062 973 5136 ueniat.
1025 5053 1051 5098 ²⁷
1064 5051 1116 5110 (⁸⁸³
1133 5061 1250 5153 ltaque
1276 5058 1483 5152 quicumque
1510 5058 1768 5132 manducaverit
1785 5079 1849 5152 pa·

377 5204 457 5254 nem
483 5183 538 5253 vel
564 5183 687 5255 biberit
713 5183 854 5254 calicem
891 5181 1019 5256 domini
1051 5180 1205 5273 indigne,
1238 5201 1319 5252 rcus
1345 5180 1408 5250 erit
1435 5179 1590 5272 corporis
1617 5189 1651 5249 et
1678 5179 1850 5271 sanguinis

978 5301 1030 5385 xl,
1061 5305 1074 5370 l
1112 5340 1157 5352 -
1187 5295 1244 5374 27.
