4102 6128
342 463 364 512 x
442 457 445 468 '
950 441 1231 504 PROLEGOMENA

343 647 488 722 coniecit
514 646 688 740 docteque
714 635 874 741 probavit
899 645 1045 739 primum
1071 665 1211 718 versum
1238 642 1474 736 antiquissima
1507 665 1611 716 manu
1637 645 1687 716 sic
1719 645 1821 718 luisse

344 767 506 861 scriptum

557 873 560 880 ¹
629 886 804 958 Culmen
830 887 876 960 ed
902 887 1019 958 eximii
1045 886 1168 958 merito
1194 883 1394 956 venerabile
1420 881 1543 955 Petri.

346 1010 382 1080 ln
407 1007 619 1100 restituendo
658 1027 743 1079 vcro
778 1007 887 1078 altero
912 1026 1032 1092 versu,
1067 1028 1169 1100 quem
1202 1025 1331 1094 nomen
1362 1005 1616 1098 interpolatoris
1641 1005 1822 1089 invaserat,

347 1130 498 1222 graviter
530 1128 666 1201 adiutus
700 1137 754 1198 est
790 1125 1042 1219 subscriptione
1075 1143 1218 1214 graeca,
1256 1147 1360 1218 quam
1404 1123 1537 1216 singula
1572 1121 1653 1196 lolia
1686 1125 1822 1197 curiose

349 1251 560 1344 perlustrans
586 1249 620 1320 in
646 1247 742 1319 calce
767 1246 844 1318 libri
868 1245 1008 1318 Levitici
1034 1243 1173 1328 detexit,
1200 1243 1235 1316 in
1260 1243 1351 1315 hunc
1376 1243 1518 1316 modum
1545 1245 1728 1317 constituta

857 1427 1038 1506 OKYPIG
1061 1421 1322 1504 cePBtNdoc

964 1575 1217 1660 allionicus

354 1763 429 1848 Qua
455 1784 559 1855 quum
586 1761 727 1834 dubium
752 1781 822 1832 non
847 1767 943 1830 esset
968 1757 1143 1851 scriptoris
1169 1757 1245 1828 libri
1271 1778 1396 1829 nomen
1423 1757 1541 1851 prodi,
1576 1759 1649 1830 eius
1676 1779 1745 1852 ope
1771 1761 1826 1830 lo-

353 1904 430 1954 cum
457 1892 653 1976 corruptum
680 1883 731 1952 sio
757 1880 908 1952 correxit
933 1887 970 1949 ut
993 1899 1058 1972 pro
1091 1877 1247 1951 Petrus
1272 1879 1667 1972 Longobardorum
1694 1881 1826 1972 legeret

353 2001 600 2076 Servandus
626 2003 750 2074 Latii:
777 2001 813 2074 id
840 1999 935 2094 quod
961 2020 1008 2068 ex
1033 1997 1144 2091 spatio
1171 1999 1389 2092 reliquiisque
1405 2007 1562 2071 veterum
1580 2000 1823 2070 litterarum—

355 2123 549 2201 &litteram
583 2123 770 2194 secundam
803 2121 924 2192 Petrus
958 2119 1181 2212 interpolator
1212 2119 1374 2191 intactam
1401 2120 1448 2192 ad
1481 2143 1580 2192 suum
1607 2141 1733 2190 nomen
1760 2118 1826 2190 ad-

353 2244 460 2316 hibuit
480 2283 523 2293 -
543 2264 685 2336 prorsus
711 2241 850 2334 probari
875 2239 967 2312 vidit.
1020 2239 1143 2311 Totum
1168 2239 1268 2332 igitur
1295 2262 1436 2312 carmen
1467 2241 1502 2310 in
1535 2241 1711 2334 pristinam
1737 2240 1826 2310 intess

355 2364 511 2454 gntatcm
538 2363 690 2434 maxima
715 2384 793 2434 cum
818 2359 1058 2456 probabilitate
1084 2360 1274 2431 restitutum
1301 2361 1352 2430 sic
1378 2359 1491 2432 habet.
1558 2415 1560 2420 .

612 2549 753 2622 Culmen
778 2545 824 2623 ad
850 2547 966 2619 eximii
991 2547 1113 2618 merito
1139 2547 1341 2618 venerabile
1366 2545 1473 2634 Petri,

635 2671 769 2755 ‘Quem
795 2679 899 2763 caput
923 2668 1092 2740 ecclesiae
1119 2666 1257 2739 dedicat
1282 2669 1347 2738 alta
1376 2667 1473 2754 fides,

609 2789 807 2864 Servandus
833 2789 917 2861 Latii
944 2787 1108 2860 extremis
1135 2789 1181 2860 de
1205 2771 1331 2894 linibus
1358 2789 1468 2860 abbas

659 2911 781 2982 Devoti
807 2911 949 2982 allectus
974 2909 1121 3003 pignora
1147 2909 1243 2980 mitto
1270 2910 1348 2995 mci,

608 3031 731 3124 Meque
758 3053 927 3125 meosque
953 3039 1076 3123 optans
1102 3030 1184 3100 tanti
1209 3031 1295 3101 inter
1320 3029 1446 3123 gaudia
1472 3031 1582 3124 patris·

660 3152 697 3222 ln
723 3151 827 3223 caelis
853 3171 1046 3223 memorem
1073 3171 1214 3244 semper
1239 3151 1370 3222 habere
1397 3153 1520 3222 locum.

358 3337 518 3408 lamvero
537 3337 734 3410 Servandus
751 3339 806 3408 ille
825 3338 900 3430 quis
917 3337 1017 3408 luerit
1034 3337 1271 3430 quaerendum
1289 3348 1351 3410 est.
1385 3337 1459 3410 Hoc
1476 3361 1545 3410 non
1564 3340 1749 3412 obscumm
1767 3351 1828 3411 est.

359 3457 549 3529 Praeeunte
576 3457 664 3529 onim
690 3457 855 3530 Bandinio
882 3458 1073 3533 evolvimus
1099 3458 1281 3530 Mabillonii
1307 3459 1448 3531 annales
1475 3461 1602 3532 ordinis
1630 3462 1662 3530 S.
1681 3461 1830 3532 Benedi-

359 3579 418 3663 cti,
445 3579 503 3649 ubi
528 3579 557 3650 is
583 3589 663 3650 torn.
690 3579 712 3648 l.
737 3601 771 3674 p.
792 3577 839 3649 tlt
859 3570 962 3671 scq.⁴)
989 3579 1053 3650 sub
1081 3601 1172 3650 anno
1200 3579 1294 3664 ott.
1322 3600 1369 3649 cx
1388 3580 1555 3672 Gregorio
1573 3581 1698 3673 Magno
1713 3581 1778 3676 (lib.
1797 3583 1829 3655 2.

360 3719 435 3792 cap.
455 3697 523 3792 35.)
548 3721 690 3770 narrans
716 3699 799 3792 quid
833 3697 866 3768 S.
894 3697 1032 3770 Placido
1059 3699 1227 3770 moriente
1253 3699 1415 3771 acciderit
1445 3701 1477 3770 S.
1502 3701 1705 3786 Benedicto,
1743 3701 1832 3774 hacc

361 3817 476 3890 babet.
528 3819 747 3906 „Servandus
773 3818 939 3890 diaconus
966 3829 1000 3890 ct
1033 3819 1143 3890 abbas
1175 3819 1372 3891 monasterii
1399 3843 1420 3890 a
1451 3821 1587 3892 Liberio
1621 3822 1763 3915 patricio
1798 3822 1831 3892 in

362 3938 565 4032 Campaniae
582 3941 736 4034 partibus
761 3939 945 4010 constructi
970 3941 1132 4032 frequens
1159 3939 1276 4011 adibat
1302 3938 1461 4010 Casinum
1495 3950 1531 4012 ut
1557 3943 1698 4014 caelesti
1724 3941 1831 4013 sancti

361 4039 536 4131 B'enedioti
565 4061 741 4133 doctrinae
766 4059 894 4153 pabulo
920 4059 1126 4131 reficeretur.
1154 4059 1298 4152 Vulgata
1324 4060 1432 4130 sancti
1457 4059 1584 4132 Placidi
1611 4073 1688 4134 acta
1713 4064 1831 4146 lerumt,

362 4181 529 4253 Servandi
554 4181 796 4254 monasterium
823 4179 924 4252 situm
950 4181 1055 4252 finisse
1077 4179 1172 4250 iuxta
1190 4180 1360 4252 civitatem
1378 4179 1573 4267 Alatrinam
1601 4182 1694 4255 haud
1713 4181 1833 4276 procul

363 4295 574 4395 aVerulis¹),
602 4311 721 4374 sancto
740 4299 942 4372 Sebastiano
969 4301 1110 4395 martyri
1136 4309 1380 4395 nuncupetum;
1409 4311 1513 4394 atque
1532 4302 1632 4389 adeo,
1660 4303 1689 4373 si
1706 4323 1763 4374 res
1788 4303 1834 4372 ita

362 4417 474 4506 habet,
501 4421 638 4514 triginta
662 4422 736 4492 lere
763 4443 926 4517 passuum
953 4421 1099 4491 millibus
1118 4420 1240 4494 Casino
1268 4413 1408 4494 distans.
1436 4421 1517 4495 Eius
1541 4435 1660 4494 auctor
1685 4423 1834 4494 Baronio

362 4539 497 4612 videtur
515 4562 595 4613 esse
611 4541 766 4613 Liberius
784 4536 983 4636 ¹praelectus
1001 4543 1175 4635 praetorio
1195 4542 1376 4614 Galliarum
1401 4563 1466 4635 pro
1486 4543 1618 4614 Gotthis
1636 4543 1699 4614 sub
1719 4543 1834 4614 Theo-

363 4660 483 4732 dorico
524 4663 632 4734 semel
671 4662 863 4756 iterumque
901 4662 965 4733 sub
1001 4661 1206 4735 Athalarico.
1260 4662 1418 4734 Casinum
1454 4674 1595 4735 venerat
1634 4685 1698 4756 pro
1736 4684 1834 4734 more

365 4781 560 4854 Servandus
593 4781 719 4868 abbas
753 4783 882 4875 aliquot
914 4782 1088 4876 discipulis
1123 4783 1194 4854 suis
1226 4783 1283 4876 qui
1325 4783 1451 4855 codem
1487 4782 1599 4855 studio
1632 4784 1836 4855 tenebantur

361 4949 667 4962 —————-

450 5039 479 5115 l)
501 5005 623 5120 Corripe
649 5040 845 5121 Bandinium,
873 5060 967 5123 quern
996 5040 1089 5102 etiam
1115 5040 1256 5102 Fleckius
1285 5049 1411 5102 secutus
1433 5049 1494 5121 cst,
1516 5043 1660 5124 paginam
1681 5039 1836 5105 LXXXVI.

365 5141 520 5201 citantem.

450 5243 481 5321 2)
507 5243 630 5326 Optime
657 5245 750 5326 igitur
783 5243 915 5326 quadrat
947 5243 1023 5308 illud
1050 5243 1229 5308 Servandus
1263 5246 1361 5309 Latii
1389 5247 1573 5310 extremis
1608 5245 1654 5310 de
1687 5243 1836 5308 linibus

367 5343 476 5409 abbas.
