4254 6130
701 401 810 462 LIBER
835 398 988 464 heroon
1014 401 1295 464 Aeosronooou
1700 403 1771 470 ⁴89

285 606 551 684 connumeratus
578 609 653 670 erat
679 601 713 670 in
739 600 841 671 nobis
869 609 904 670 et
930 602 1071 674 sortitus
1099 612 1154 673 est
1180 613 1310 674 sortem
1338 602 1512 674 ministerii
1540 603 1649 674 huius.
1689 597 1715 641 ⁴⁸
1731 604 1773 674 Et

283 716 340 786 hic
365 714 506 808 quidem
533 717 692 810 possedit
719 737 841 808 agrum
869 717 915 789 de
941 719 1108 792 mercede
1135 722 1333 814 iniquitatis,
1363 731 1398 792 et
1424 741 1613 812 suspensus
1642 723 1774 817 crepuit

283 835 437 920 medius,
480 845 516 906 et
554 835 679 908 diffusa
713 845 791 906 sunt
825 837 942 908 omnia
980 837 1116 910 viscera
1150 842 1242 912 eius:
1295 833 1374 910 19ει
1407 849 1528 911 notum
1560 841 1686 912 iactum
1720 851 1775 910 est

284 953 444 1024 omnibns
469 953 702 1025 habitantibus
727 954 953 1040 Hierusalem,
980 956 1026 1026 ita
1052 965 1089 1026 ut
1115 959 1348 1050 appellaretur
1374 979 1460 1048 ager
1485 958 1541 1029 ille
1567 959 1682 1052 lingua
1709 980 1773 1030 eo-

283 1093 358 1142 rum
384 1070 628 1156 Acheldemac,
658 1073 725 1142 hoe
752 1082 806 1144 εει
832 1093 918 1164 ager
944 1073 1127 1164 sanguinis.
1178 1067 1205 1112 ’⁰
1223 1076 1394 1168 Scriptum
1426 1083 1480 1145 est
1506 1075 1597 1146 enim
1623 1080 1658 1149 in
1684 1079 1773 1149 libro

283 1191 494 1282 psalmorum
520 1191 593 1262 Fiat
618 1187 784 1262 habitatio
812 1191 887 1262 eius
915 1190 1072 1276 deserta,
1106 1203 1141 1263 et
1167 1216 1236 1265 non
1263 1195 1307 1264 sit
1333 1193 1391 1285 qui
1416 1191 1583 1265 inhahitet
1608 1197 1643 1266 in
1668 1219 1712 1267 ea
1739 1207 1775 1266 et

283 1307 528 1400 Episcopaturn
556 1309 629 1380 eius
656 1309 803 1401 accipiat
829 1310 925 1380 alter.
978 1301 1002 1348 ²¹
1018 1309 1164 1402 Oportet
1190 1335 1276 1405 ergo
1304 1333 1350 1382 ex
1378 1311 1430 1382 his
1457 1312 1539 1384 viris
1566 1316 1625 1406 qui
1651 1315 1773 1386 nobis-

285 1448 362 1496 cum
389 1428 590 1519 congregati
624 1435 702 1498 sunt
731 1427 766 1498 iu
799 1427 892 1496 omni
928 1436 1087 1521 tempore
1120 1453 1190 1523 quo
1223 1431 1360 1502 intravit
1392 1441 1427 1500 et
1459 1431 1566 1502 exivit
1595 1434 1774 1506 internos

284 1544 443 1614 dominns
475 1545 587 1629 lesus,
632 1537 658 1580 ²²
675 1545 842 1638 incipiens
875 1567 895 1614 a
930 1544 1138 1637 baptismate
1173 1550 1334 1621 lobannis
1368 1570 1479 1640 usque
1512 1551 1545 1618 in
1577 1550 1670 1622 diem
1704 1573 1774 1642 qua

284 1663 463 1734 adsumtos
496 1673 551 1732 est
582 1685 603 1733 a
638 1662 756 1746 nohis,
789 1671 915 1734 testem
948 1668 1209 1738 resurrectionis
1246 1667 1320 1739 eius
1352 1666 1532 1738 nobiseum
1567 1665 1642 1738 lieri
1669 1690 1773 1738 unum

285 1803 330 1855 ex
357 1779 436 1850 istis.
489 1773 515 1818 ²³
528 1781 571 1849 Et
597 1789 789 1852 statuerunt
815 1781 915 1866 duos,
944 1781 1070 1875 loseph
1097 1787 1155 1878 qui
1180 1796 1326 1858 vocatur
1343 1785 1533 1870 Barsahba,
1562 1786 1619 1877 qui
1639 1808 1774 1878 eogno-

285 1899 432 1968 minatns
459 1908 513 1967 est
538 1898 658 1983 Iustus,
687 1909 723 1970 et
748 1899 921 1972 Mathiam.
974 1890 1001 1936 ²*
1016 1902 1059 1972 lit
1086 1913 1225 1976 orantes
1252 1904 1415 1977 dixerunt
1441 1905 1492 1975 Tu
1518 1904 1676 1990 domine,
1716 1907 1773 1997 qui

285 2016 390 2086 corda
418 2017 508 2086 nosti
534 2017 695 2102 omnium,
724 2018 871 2090 ostende
899 2039 1002 2110 quem
1030 2022 1179 2114 elegeris
1206 2043 1252 2092 ex
1278 2022 1332 2092 his
1359 2021 1496 2094 duobus
1524 2045 1638 2107 unum,
1671 2015 1698 2060 ἦ
1711 2046 1773 2095 εε-

286 2135 402 2226 cipere
437 2134 550 2204 locum
586 2135 760 2206 ministerii
793 2137 894 2208 huius
915 2147 963 2207 et
996 2141 1226 2231 apostolatus,
1262 2140 1308 2211 de
1336 2163 1406 2232 quo
1432 2141 1692 2233 praevaricatus
1719 2153 1774 2214 est

285 2252 386 2324 ludas
413 2261 448 2321 nt
475 2251 585 2324 abiret
610 2253 643 2322 in
669 2255 783 2324 locum
811 2277 920 2325 suum.
972 2249 1000 2294 ’ὓ
1015 2258 1059 2328 Et
1085 2259 1257 2331 dederunt
1282 2267 1397 2330 sortes
1416 2259 1476 2344 eis,
1504 2269 1538 2330 et
1556 2259 1679 2330 cecidit
1695 2281 1772 2332 sors

286 2392 390 2462 snper
417 2363 603 2456 'Mathiam
631 2380 665 2440 et
692 2371 939 2444 adnumeratus
966 2385 1124 2448 osteum
1152 2376 1312 2448 undecim
1340 2376 1520 2468 apostolis.

1009 2649 1044 2716 Π.

362 2837 433 2914 'Et
459 2867 537 2915 cnm
565 2847 820 2938 complerentur
847 2847 923 2918 dies
951 2858 1187 2940 pentecosten,
1216 2861 1314 2921 erant
1341 2871 1464 2922 omnes
1491 2853 1620 2944 pariter
1645 2853 1680 2922 in
1706 2874 1770 2924 eo·

202 2955 207 2964 ’
285 2963 366 3034 dem
394 2963 482 3033 loco.
547 2957 620 3034 ²Et
644 2965 753 3034 iactus
786 2975 840 3035 est
857 2957 1010 3058 ¹repente
1037 2967 1082 3038 de
1110 2969 1207 3038 caelo
1242 2989 1349 3040 sonus
1376 2978 1551 3062 tamquam
1580 2970 1769 3041 advenien-

287 3082 328 3151 tis
361 3081 500 3174 spiritus
533 3081 763 3166 vehementis,
802 3092 837 3152 et
869 3084 1014 3176 replevit
1048 3095 1153 3157 totam
1190 3085 1333 3156 domum
1369 3087 1427 3156 uhi
1460 3097 1558 3158 erant
1593 3088 1769 3173 sedentes,

285 3191 352 3269 ³et
378 3209 612 3290 apparuerunt
643 3200 705 3269 illis
740 3200 943 3292 dispertitae
975 3203 1111 3293 linguae
1146 3213 1320 3294 tamquam
1348 3203 1450 3295 ignis,
1479 3205 1638 3297 seditque
1665 3227 1768 3298 supra

287 3316 442 3406 singulos
468 3337 598 3401 eorum,
643 3309 704 3387 *et
730 3319 852 3410 repleti
879 3331 957 3390 sunt
983 3341 1105 3414 omnes
1132 3321 1251 3413 spiritu
1278 3330 1408 3406 sancto,
1437 3331 1473 3392 ει
1499 3333 1688 3415 coeperunt
1714 3325 1768 3394 lo-

287 3435 346 3526 qui
370 3434 475 3504 veriis
500 3435 622 3525 linguis
650 3445 753 3526 prout
779 3437 916 3529 spiritns
943 3446 1082 3508 sanctus
1110 3438 1217 3509 dabat
1243 3441 1358 3532 eloqui
1384 3440 1456 3510 illis.
1491 3433 1627 3511 ⁵Erant
1653 3451 1767 3514 autern

286 3553 318 3621 in
346 3553 558 3623 Hierusalem
586 3552 782 3624 habitantes
809 3555 934 3640 ludaei,
962 3555 1025 3624 viri
1051 3556 1202 3649 religiosi
1229 3579 1276 3628 ex
1303 3558 1395 3628 omni
1422 3559 1559 3628 natione
1586 3581 1676 3649 qnae
1703 3559 1768 3631 sub

287 3673 386 3742 caelo
413 3679 479 3741 est:
510 3661 620 3741 “lacta
652 3682 767 3743 antem
794 3673 860 3743 hac
885 3695 974 3744 voce
1008 3675 1170 3746 convenit
1195 3677 1375 3748 multitudo
1409 3685 1445 3745 et
1478 3686 1592 3746 mente
1625 3679 1767 3748 confusa

288 3799 354 3874 est,
378 3790 541 3881 quoniam
560 3790 723 3862 audiebat
750 3791 983 3884 unusquisque
1009 3791 1123 3884 lingua
1150 3814 1213 3866 sua
1238 3793 1315 3864 illos
1332 3795 1522 3884 loquentes.
1548 3789 1769 3888 ⁷Stupebant

286 3918 401 3980 autem
434 3927 557 3978 omnes
587 3918 622 3978 et
654 3909 865 3980 mirabantur
897 3909 1052 3982 dieentes
1084 3911 1207 3982 Nonne
1238 3908 1381 3980 ‘ornnes
1414 3931 1499 3982 ecce
1532 3913 1585 3983 isti
1623 3914 1681 4006 qui
1714 3916 1767 3985 lo-

286 4037 434 4119 quuntur
461 4025 600 4097 Galilaei
627 4029 728 4096 sunt‘l
772 4017 838 4095 8et
852 4029 1042 4118 ‘quomodo
1069 4049 1134 4099 nos
1166 4026 1358 4114 audivimus
1390 4030 1623 4122 unusqmmue
1654 4033 1768 4124 lingua

287 4155 404 4216 nostra
430 4145 464 4213 in
492 4165 560 4236 qua
586 4144 655 4214 nati
681 4165 815 4228 sumus,
850 4137 995 4216 ⁹Parthi
1022 4157 1057 4216 ει
1081 4146 1173 4218 Medi
1199 4155 1235 4216 et
1260 4145 1443 4230 Elamitae,
1471 4157 1505 4217 ει
1532 4149 1589 4240 qui
1617 4151 1769 4222 habitant

286 4262 575 4355 Mesopotamiam
602 4257 658 4332 ‘et
683 4262 845 4333 Iudaeam
872 4272 907 4334 et
933 4264 1199 4358 Cappadociam,
1226 4263 1370 4334 Pontum
1398 4274 1434 4334 et
1458 4262 1594 4351 Asiam,
1639 4260 1665 4305 ⁴⁰
1681 4269 1767 4360 Fry-

289 4381 380 4468 giam
408 4390 443 4450 et
469 4381 714 4474 Pamphyliam,
741 4379 939 4475 Aegyptum
966 4393 1001 4456 ει
1026 4394 1144 4477 partes
1170 4383 1300 4477 Lybiae
1334 4403 1425 4474 quae
1460 4393 1514 4456 est
1540 4385 1631 4456 circa
1658 4386 1768 4480 Cyre-

289 4517 364 4580 nen,
393 4507 428 4567 et
453 4498 611 4569 advenae
637 4499 799 4598 Romani,
844 4492 865 4536 ¹¹
881 4501 997 4573 ludaei
1024 4525 1163 4596 qnoque
1190 4513 1225 4572 et
1251 4503 1425 4595 proselyti,
1463 4504 1581 4574 Cretes
1615 4513 1651 4574 et
1682 4501 1768 4574 Ara-

288 4613 362 4698 bes,
391 4615 582 4688 andivimns
608 4619 788 4710 loquentes
816 4639 879 4690 cos
905 4621 1031 4692 nostris
1057 4621 1178 4713 linguis
1206 4621 1375 4710 magnalia
1402 4621 1483 4691 dei?
1535 4613 1561 4656 ¹²
1579 4622 1770 4714 Stupebant

290 4740 404 4801 autem
439 4753 561 4806 omnes
597 4746 632 4806 et
664 4737 875 4808 mirabantur
908 4739 953 4811 ad
985 4740 1131 4810 invicem
1162 4739 1317 4809 dicentes
1350 4740 1520 4824 Quidnam
1559 4741 1630 4810 vult
1663 4743 1768 4811 esset

291 4840 395 4920 13Αιίἱ
422 4861 536 4924 antem
562 4853 748 4926 inridentes
776 4856 937 4927 dicebant
963 4859 1043 4949 quia
1068 4867 1182 4928 musto
1210 4857 1301 4948 pleni
1327 4868 1405 4927 sunt
1429 4857 1492 4929 isti.
1538 4849 1678 4928 “Stans
1706 4879 1769 4928 au-

290 4973 358 5037 tem
386 4969 506 5042 Petrus
533 4994 609 5042 oum
637 4973 796 5044 undecim
822 4974 949 5045 levavit
974 4997 1099 5048 vocem
1125 4997 1222 5050 suum
1251 4985 1289 5046 et·
1311 4977 1443 5048 locutus
1471 4987 1526 5048 est
1552 4977 1602 5048 eis
1619 4975 1688 5046 Viri
1714 4977 1770 5046 lu-

290 5084 371 5156 daei
397 5099 431 5158 et
457 5092 514 5182 qui
541 5091 699 5162 habitatis
724 5093 936 5164 iherusalem
964 5094 1121 5176 universi,
1149 5095 1216 5166 hoo
1243 5095 1343 5166 vohis
1361 5105 1480 5168 notum
1500 5096 1551 5180 sit,
1580 5105 1613 5166 et
1632 5096 1771 5168 auribus

870 5213 890 5294 l,
922 5213 966 5279 ta
998 5253 1042 5263 —
1072 5211 1106 5294 ll,
1139 5213 1192 5283 tl.
