4242 6118
693 377 951 448 nvtnusstlttn
979 381 1181 450 SECUNDUM
1206 383 1332 452 tuctur
1691 392 1761 462 l35

256 592 314 668 dei
341 590 466 664 doces:
510 581 537 626 ¹²
554 587 636 658 licet
662 583 769 656 nobis
797 580 896 654 dare
924 585 1086 658 tributum
1113 588 1252 662 Caesari
1278 611 1324 663 an
1350 595 1444 666 ncn‘l
1488 588 1514 634 ²³
1527 593 1761 668 Considerans

257 721 372 785 autem
398 709 515 784 dolum
542 707 681 777 illorum
710 699 800 774 dixit
828 689 903 775 'ad
930 726 991 778 eos
1018 705 1107 792 Quid
1131 729 1188 780 me
1215 711 1388 784 temtatis‘l
1432 704 1459 754 ’⁸
1472 714 1654 808 Ostendite
1679 714 1761 786 mibi

258 830 452 904 denarium:
480 827 577 900 cuins
603 823 716 896 babet
742 817 938 908 imaginem
973 835 1009 897 et
1041 826 1322 922 inscriptionem?
1357 831 1623 927 Respondeutes
1657 831 1762 906 dixe-

260 959 336 1022 runt
361 948 526 1021 Caesaris.
578 936 606 982 ¹⁵
621 943 667 1014 Et
696 941 745 1012 ait
778 935 846 1012 illis
883 945 1031 1018 Reddite
1063 969 1150 1040 ergo
1183 969 1276 1040 quae
1307 949 1466 1026 Caesaris
1504 963 1584 1026 sunt
1614 954 1763 1038 Caesari,

260 1079 295 1141 et
322 1087 412 1162 quae
439 1066 496 1139 dei
522 1075 602 1136 sunt
634 1061 720 1134 deo.
772 1051 801 1098 ’ὓ
814 1058 860 1132 Ει
891 1085 962 1136 non
994 1075 1183 1159 potuerunt
1216 1067 1364 1142 verbum
1396 1073 1472 1145 eius
1501 1073 1763 1167 reprehendere

262 1209 380 1262 coram
406 1187 519 1281 plebe,
546 1195 582 1257 et
608 1179 722 1254 mirati
749 1179 783 1252 in
810 1183 995 1276 responsis
1023 1187 1099 1258 eius
1125 1195 1315 1260 tacuenmt.
1358 1183 1630 1266 ”Accesserant
1648 1205 1764 1266 autem

122 1385 132 1394 ,
263 1308 403 1403 qnidam
430 1305 727 1386 Sadducaeorum,
756 1299 814 1392 qui
841 1312 978 1391 negant
1010 1325 1093 1376 esse
1123 1307 1430 1398 resurrectionem,
1465 1323 1501 1384 et
1526 1313 1766 1406 interrogave-

264 1437 341 1500 rnnt
372 1448 453 1500 eum
501 1415 529 1462 ²⁸
547 1423 703 1496 dicentes
741 1418 930 1512 Magister,
965 1422 1084 1496 Moses
1116 1424 1253 1518 scripsit
1284 1429 1388 1502 nobis
1419 1431 1455 1502 Si
1487 1431 1592 1504 frater
1625 1432 1767 1506 alicuius

264 1557 422 1624 mortuus
449 1544 548 1616 luerit
573 1541 707 1613 habens
734 1558 911 1618 uxorem,
951 1549 986 1611 et
1017 1541 1074 1612 bic
1100 1543 1175 1615 sine
1208 1543 1284 1618 filiis
1311 1549 1426 1637 buerit,
1454 1561 1492 1622 nt
1517 1553 1662 1648 accipiat
1688 1575 1768 1626 eam

265 1670 370 1740 irater
396 1667 472 1738 eins
498 1682 647 1736 uxorem
674 1669 709 1732 et
735 1657 882 1732 suscitet
913 1675 1037 1732 semen
1063 1662 1157 1734 fratri
1184 1687 1259 1738 suo.
1312 1660 1340 1706 ²⁹
1356 1667 1498 1763 Septem
1531 1693 1618 1766 ergo
1645 1673 1769 1746 fratres
1896 1681 1900 1686 “

266 1797 379 1859 erant:
407 1797 443 1857 et
469 1783 603 1886 primps
629 1781 762 1874 accepit
786 1795 943 1852 uxorem
972 1791 1008 1853 ει
1033 1792 1191 1856 mortuus
1219 1796 1274 1858 est
1299 1788 1373 1860 sine
1391 1787 1482 1862 filiis:
1526 1782 1601 1863 ³⁰et
1618 1814 1771 1887 sequens

267 1905 403 1999 accepit
429 1903 531 1986 illam,
560 1899 698 1992 etipse
723 1909 882 1972 mortuus
911 1910 968 1972 est
1002 1902 1079 1974 sine
1112 1901 1198 1976 lilio:
1248 1897 1271 1942 ³¹
1292 1916 1328 1978 et
1358 1909 1479 1980 tertius
1506 1913 1642 2006 accepit
1666 1913 1770 1998 illam,

268 2025 423 2098 similiter
456 2031 492 2093 et
525 2040 650 2094 omnes
683 2029 835 2113 septem,
872 2027 908 2090 et
940 2041 1011 2092 uon
1044 2021 1256 2115 reliquerimt
1297 2045 1420 2098 semen
1454 2039 1490 2100 et
1522 2031 1647 2101 mortni
1680 2041 1769 2103 sunt

266 2137 505 2216 ³2Novissima
532 2138 687 2212 omnium
712 2145 848 2208 mortua
874 2147 930 2210 est
956 2149 993 2211 et
1018 2141 1150 2213 mulier.
1202 2135 1230 2180 ³³
1244 2146 1282 2214 In
1307 2145 1564 2218 resurrectione
1591 2169 1678 2241 ergo
1706 2172 1769 2221 cu-

268 2265 322 2337 ius
348 2281 470 2334 eorum
498 2259 563 2331 erit
589 2259 702 2330 uxor?
730 2255 900 2348 siqnidem
925 2269 1060 2352 septem
1085 2261 1282 2334 babuerunt
1299 2284 1378 2336 eam
1405 2285 1563 2336 uxorem.
1616 2254 1696 2338 ³‘lit
1722 2243 1779 2340 ait

269 2383 332 2455 illis
357 2383 456 2454 lesus
483 2379 554 2450 Filii
582 2377 712 2449 saeculi
737 2375 837 2447 buius
869 2377 1002 2449 nubunt
1036 2389 1074 2450 et
1104 2379 1285 2454 traduntur
1320 2381 1367 2456 ad
1394 2384 1542 2477 nuptias,
1586 2378 1769 2458 315ίιιῑειι-

270 2513 339 2576 tem
367 2501 425 2596 qui
452 2499 548 2593 digni
573 2497 794 2570 habebuntur
820 2497 960 2568 saeculo
987 2497 1044 2570 illo
1071 2509 1107 2570 et
1133 2502 1388 2574 resurrectione
1416 2523 1463 2574 ex
1489 2505 1635 2576 mortuis
1652 2527 1776 2598 neque·

269 2623 402 2694 nubunt
425 2641 540 2713 neque
567 2616 697 2689 ducunt
723 2635 868 2686 uxores:
902 2606 1053 2708 ³⁶neque
1080 2619 1179 2692 enim.
1199 2620 1287 2693 ultra
1305 2621 1395 2692 mori
1421 2617 1615 2716 'poterunt
1634 2642 1768 2718 aequa-

270 2743 321 2814 les
348 2740 440 2813 enim
466 2738 598 2830 angelis
624 2744 713 2822 sunt,
743 2743 778 2805 et
804 2731 860 2804 lilii
878 2742 957 2805 sunt
974 2733 1033 2806 dei
1059 2757 1139 2836 cnm
1156 2738 1223 2810 sint
1249 2737 1305 2809 filii
1322 2743 1599 2815 resurrectionis.
1638 2737 1665 2782 ³⁷
1679 2744 1768 2829 Quia

270 2881 357 2934 vero
383 2866 567 2951 resurgant
592 2853 729 2941 mortui,
757 2862 793 2925 et
814 2853 935 2926 ldoses
961 2853 1112 2927 ostendit
1136 2875 1240 2930 secus
1265 2857 1400 2946 rubum,
1428 2860 1517 2934 sicin
1542 2861 1625 2936 dicit
1650 2863 1768 2936 domi-

270 3001 353 3053 num
379 2979 485 3050 deum
511 2975 689 3048 Abrabam
717 2983 753 3046 et
779 2973 885 3046 deum
911 2973 1008 3045 lsaac
1034 2985 1079 3046 et.
1096 2973 1202 3046 deum
1228 2977 1351 3049 Iacob:
1395 2971 1527 3054 ”deus
1552 2993 1669 3056 antem
1695 3003 1768 3056 non

272 3109 326 3172 est
358 3107 573 3172 mortuorum
608 3094 675 3168 sed
714 3094 888 3166 vivorum:
922 3113 1046 3164 omnes
1081 3094 1172 3164 euim
1206 3096 1325 3168 vivunt
1359 3100 1401 3170 ei.
1453 3092 1482 3140 ³⁹
1496 3101 1767 3196 Respondentcs

273 3228 388 3292 autem
415 3215 557 3310 quidam
582 3215 775 3288 scribarum
801 3211 963 3286 dixerunt
987 3212 1159 3305 Magister,
1186 3213 1431 3290 benedixisti.
1475 3207 1606 3268 “limi
1619 3221 1662 3292 ttt
1688 3239 1766 3290 am-

272 3338 362 3433 plius
387 3357 458 3408 nou
489 3335 666 3408 audebant
700 3355 780 3406 eum
814 3333 997 3426 quicquam
1031 3331 1255 3426 interrogare.
1307 3322 1438 3382 “ml
1450 3338 1544 3410 Dixit
1575 3347 1691 3410 autem
1718 3339 1766 3411 ad

273 3458 350 3530 illos
376 3456 564 3542 Quomodo
591 3455 710 3527 dicunt
735 3451 904 3525 Christum
930 3451 1036 3524 fllium
1061 3449 1174 3523 David
1200 3472 1291 3538 esse,
1336 3441 1519 3551 “etipse
1544 3454 1657 3528 David
1683 3455 1767 3530 dicit

274 3579 308 3648 in
340 3575 429 3648 libro
461 3575 675 3670 psalmorum
712 3571 805 3644 Dixit
838 3570 998 3645 dominus
1033 3569 1175 3643 domino
1209 3593 1290 3646 meo
1326 3573 1422 3647 Sede
1454 3599 1475 3649 a
1508 3575 1642 3649 dextris
1677 3577 1766 3649 meis

273 3687 301 3736 ‘³
317 3695 432 3767 donec
456 3716 585 3789 ponam
611 3694 767 3766 inimicos
793 3700 873 3764 tuos
899 3691 1088 3765 scabellum
1115 3689 1246 3784 pedum
1272 3698 1437 3766 tnornm‘l
1492 3683 1644 3767 “navio
1677 3715 1764 3788 ergo
1800 3709 1806 3719 “

274 3814 451 3888 dominum
477 3815 570 3886 illum
595 3824 715 3888 vocat:
743 3822 779 3885 et
806 3809 985 3905 morundo
1011 3809 1098 3883 filius
1125 3811 1200 3885 eius
1226 3816 1310 3885 est‘l
1354 3807 1382 3852 ⁴⁵
1395 3805 1488 3866 (Ψ)
1501 3813 1674 3886 Audiente
1701 3835 1764 3887 an-

274 3945 346 4008 tem
372 3933 467 4006 omni
491 3935 622 4030 populo
648 3932 736 4006 dixit
761 3931 936 4026 discipulis
971 3931 1042 4003 suis
1087 3919 1313 4005 “adunans
1340 3955 1362 4006 a
1395 3935 1534 4020 scribis,
1562 3934 1621 4028 qni
1645 3935 1766 4007 volunt

276 4053 455 4126 ambulare
480 4053 514 4124 in
541 4053 638 4126 stolis
655 4061 691 4124 et
708 4059 826 4126 amant
838 4050 1061 4124 salutationes
1086 4051 1121 4122 in
1139 4052 1216 4122 toro
1243 4062 1280 4124 ct
1296 4052 1428 4146 primas
1446 4051 1685 4127 cathedras‘in
1703 4075 1765 4150 sy·

275 4173 422 4268 nagogis
449 4181 484 4245 et
500 4174 632 4267 primos
650 4171 841 4246 discubitus
866 4171 901 4242 iu
919 4171 1100 4256 connviis,
1144 4157 1170 4208 ‘⁷
1183 4161 1277 4219 (m)
1291 4172 1349 4266 qui
1367 4171 1539 4246 devorant
1565 4171 1693 4246 domos
1711 4174 1763 4246 vi-

276 4291 424 4366 duarum
441 4291 639 4366 simulantes
663 4293 804 4385 longam
822 4291 1029 4366 orationem:
1056 4290 1090 4362 bi
1115 4290 1284 4385 accipient
1307 4290 1564 4366 damnationem
1587 4294 1765 4369 maiorem.

975 4565 1059 4636 XXI.

352 4763 582 4864 'Respiciens
609 4779 725 4844 autem
750 4769 837 4843 vidit
862 4789 926 4842 eos
953 4769 1011 4862 qni
1037 4769 1217 4842 mittebant
1242 4791 1386 4843 munera
1412 4791 1476 4843 sna
1502 4771 1536 4842 in
1562 4771 1766 4866 gazophila-

277 4889 366 4962 cium
393 4887 532 4962 divites:
575 4881 692 4963 ’vidit
717 4898 834 4962 antem
868 4898 905 4960 et
929 4887 1104 4982 quandam
1131 4888 1271 4962 viduam
1298 4891 1545 4986 pauperculam
1572 4889 1764 4962 mdtenmm

277 5029 361 5082 aera
392 5009 521 5082 minuta
555 5007 643 5092 duo,
691 5002 759 5081 3ει
792 5007 879 5081 dixit
911 5009 1007 5081 Vere
1040 5007 1120 5080 dico
1151 5009 1254 5081 vobis
1280 5009 1360 5103 qnia
1384 5009 1490 5082 vidua
1516 5009 1606 5083 baec
1632 5029 1767 5104 pauper

277 5129 486 5222 plusquam
513 5147 637 5201 omnes
663 5128 763 5202 misit.
817 5117 935 5199 ‘Nam
969 5149 1093 5200 omnes
1126 5128 1161 5198 bi
1194 5149 1241 5200 ex
1270 5123 1472 5204 'abundanti
1504 5127 1570 5202 sibi
1600 5127 1769 5202 miseruut

820 5247 891 5331 XX,
919 5249 968 5322 22
996 5285 1048 5299 -
1073 5247 1157 5334 xxi,
1187 5247 1220 5320 l.
