4220 6124
358 387 432 465 270
820 394 999 460 urrsruun
1023 395 1075 458 nc
1102 395 1327 460 ccmururos
1351 397 1372 457 t

357 621 441 670 rem.
457 599 589 670 salvam
614 599 744 670 facies?
787 591 812 634 Π
829 600 901 670 Nisi
924 599 1104 692 uuicuique
1122 600 1208 671 sicut
1225 599 1339 672 divisit
1355 597 1524 683 dominus,
1552 619 1828 692 unumquemque

357 721 446 791 sicut
474 719 611 792 vocavit
644 720 745 804 deus,
779 719 826 790 ita
859 718 1023 804 ambulet,
1059 729 1095 792 ει
1127 719 1214 791 sicut
1249 720 1376 814 ubique
1409 721 1444 790 in
1482 719 1642 790 omnibus
1672 719 1828 790 ecclesiis

357 839 481 912 doceo.
533 831 559 876 ¹⁸
572 839 796 911 Circumcisus
830 839 951 932 aliquis
981 849 1126 911 vocatus
1152 842 1229 911 cst‘l
1265 862 1334 912 non
1359 838 1511 912 adducat
1535 841 1767 933 praeputium:
1794 839 1845 912 in,

357 961 538 1054 praeputio
572 958 692 1050 aliquis
731 967 876 1032 vocatus
912 962 990 1031 est?
1025 981 1100 1032 uon
1134 957 1404 1031 circumcidatur.
1456 951 1712 1032 ¹⁹Circumcisi0
1750 959 1829 1030 nihil

357 1091 421 1164 εει,
447 1088 482 1150 ει
506 1078 723 1172 praeputium
748 1079 828 1150 nihil
854 1088 916 1165 est,
943 1079 1008 1151 scd
1034 1080 1232 1152 observatio
1257 1079 1495 1150 mandatorum
1515 1079 1580 1152 dei.
1612 1069 1703 1125 Μ’)
1716 1079 1828 1150 Unus-

356 1200 503 1292 quisque
535 1199 570 1269 in
601 1221 669 1292 qua
701 1200 883 1272 vocatione
907 1209 1052 1272 vocatus
1079 1209 1147 1285 est,
1173 1200 1207 1270 in
1233 1221 1278 1270 ea
1308 1210 1518 1293 parmaneat.
1567 1193 1591 1238 ²¹
1608 1201 1737 1272 Servus
1761 1220 1828 1270 vo·
1893 1235 1897 1240 ·

323 1349 325 1356 s
357 1329 454 1390 cattis
480 1322 547 1390 εει
579 1339 650 1390 non
681 1319 724 1389 sit
755 1320 816 1392 tibi
849 1342 968 1405 curae;
1001 1319 1068 1392 sed
1100 1330 1135 1390 ει
1167 1319 1196 1391 si
1227 1328 1330 1413 potes
1356 1319 1444 1391 liber
1467 1319 1557 1405 lieri,
1583 1320 1695 1412 magis
1719 1330 1827 1391 utere.

355 1432 382 1476 ²²
400 1439 465 1524 Qui
491 1440 580 1510 enim
606 1439 641 1510 iu
665 1438 808 1513 dominc
832 1450 977 1514 vocatus
1003 1449 1057 1511 est
1081 1461 1219 1524 servus,
1245 1439 1387 1511 libertus
1420 1450 1474 1510 est
1506 1439 1651 1511 domini:
1677 1440 1829 1512 similiter

357 1561 415 1652 qui
439 1560 527 1631 liber
551 1568 697 1632 vocatus
730 1569 800 1646 est,
835 1583 957 1634 servus
990 1569 1045 1631 est
1077 1559 1206 1632 Christi
1258 1551 1286 1598 ²³
1301 1559 1435 1630 Praetio
1467 1561 1572 1653 empti
1597 1561 1697 1632 estis:
1724 1561 1850 1632 nolite·
1935 1653 1939 1668 1

356 1679 431 1751 ficri
457 1678 549 1752 servi
574 1680 758 1752 hominum.
809 1670 836 1718 ’⁴
853 1681 1089 1773 Unusquisque
1114 1681 1149 1750 in
1175 1675 1265 1774 'quc
1291 1687 1436 1752 vocatus
1462 1689 1523 1764 cst,
1550 1681 1680 1766 naues,
1707 1681 1743 1751 in
1760 1680 1829 1753 hoc

356 1809 558 1893 permaneat
599 1809 681 1894 aput
718 1799 833 1872 deum.
890 1793 918 1837 ²⁵
931 1790 979 1847 (η)
992 1802 1045 1872 De
1077 1799 1266 1894 virginibus
1299 1809 1414 1872 autem
1446 1810 1668 1894 praeceptum
1700 1799 1829 1872 domini

357 1941 432 2012 non,
452 1920 585 2003 habe0;
620 1919 797 1992 consilium
830 1931 945 1993 autem
980 1920 1028 1992 dc
1054 1930 1229 2014 tamquam
1261 1919 1530 1992 misericordiam
1557 1913 1783 1993 ‘consecutus
1809 1943 1829 1992 a

357 2041 499 2112 domino
532 2050 569 2112 ut
600 2041 663 2111 sim
697 2039 818 2112 fidelis.
869 2032 1074 2112 ”tustino
1101 2062 1186 2133 ergo
1212 2035 1342 2113 bonum
1376 2061 1457 2112 esse
1480 2050 1623 2134 propter
1646 2041 1828 2114 instantem

356 2160 608 2246 necessitatem,
635 2160 797 2254 quoniam
822 2161 953 2232 bonum
980 2171 1034 2232 est
1059 2161 1186 2232 homini
1212 2161 1263 2232 sic
1288 2182 1378 2232 esse.
1406 2151 1609 2252 ”Alligatus
1635 2182 1674 2232 es
1700 2163 1828 2252 uxqri‘l

355 2281 427 2353 noli
461 2303 630 2375 quaerere
660 2281 880 2352 solutionem:
914 2280 1047 2351 solutus
1080 2302 1120 2352 es
1146 2281 1190 2352 ab
1217 2283 1354 2354 uxorei
1381 2281 1450 2352 noli
1476 2301 1646 2373 quaerere
1671 2303 1827 2354 uxorem.

355 2391 383 2438 ²⁸
400 2401 435 2471 Si
468 2412 582 2473 antem
614 2400 781 2494 acciperis
810 2422 973 2485 uxorem,
1004 2422 1075 2472 non
1106 2401 1274 2495 peccasti,
1310 2411 1346 2473 et
1378 2401 1406 2472 si
1440 2401 1593 2495 nupserit
1617 2403 1732 2496 virgo,
1759 2425 1828 2476 non

356 2521 532 2613 peccabit:
558 2521 809 2593 tribulationem
836 2531 951 2592 tamen
976 2521 1088 2593 carnis
1112 2521 1288 2592 habebunt
1313 2519 1517 2606 huiusmodi,
1543 2541 1611 2616 ego
1628 2533 1745 2595 autem
1761 2546 1827 2595 vn-

357 2641 411 2712 bis
437 2663 589 2734 parcam.
639 2633 666 2678 Ὠ
682 2642 757 2713 Ηοε
782 2641 897 2734 itaque
923 2641 1013 2728 dicc,
1040 2641 1171 2726 fratres,
1198 2649 1334 2735 tempus
1358 2641 1468 2712 breve
1495 2651 1563 2713 est:
1588 2643 1758 2736 reliquum
1774 2653 1828 2715 est

356 2770 394 2832 ut
420 2762 477 2854 qui
503 2761 632 2832 habent
657 2782 787 2833 uxores
813 2772 986 2854 tamquam
1020 2782 1089 2833 non
1121 2760 1289 2832 habentes
1321 2761 1403 2846 sint,
1444 2753 1524 2832 .³⁰et
1549 2763 1606 2856 qni
1631 2764 1713 2836 flent
1739 2777 1826 2835 tam-

357 2902 461 2974 quam
486 2903 557 2953 ncn
582 2881 712 2967 dentes,
740 2891 775 2952 et
800 2882 859 2974 qui
875 2882 1028 2974 gaudent
1052 2891 1227 2976 tamquam
1253 2903 1323 2952 non
1348 2880 1549 2974 gaudentes,
1576 2883 1686 2976 etqui
1712 2893 1828 2954 emunt

357 3011 529 3095 tamquam
563 3023 633 3074 nnn
663 3001 899 3097 possidentes,
950 2992 1025 3072 31ει
1050 3001 1108 3094 qui
1142 3010 1278 3072 utuntur
1304 3003 1371 3074 hoc
1403 3003 1532 3075 mundo
1558 3013 1732 3097 tamquam
1757 3025 1827 3076 uon

254 3191 257 3196 .
355 3127 508 3194 utautiui
532 3124 696 3217 praeterit
721 3121 811 3194 euim
836 3121 946 3215 figura
972 3121 1071 3194 huius
1097 3119 1224 3192 mundi.
1275 3115 1302 3160 ³²
1318 3123 1405 3194 Volo
1432 3132 1547 3195 autem
1573 3145 1638 3196 vos
1663 3121 1737 3194 sine
1755 3123 1826 3196 scl-

354 3242 527 3315 licitudine
552 3265 642 3316 esse.
696 3244 761 3330 Qui
787 3242 862 3314 sinc
887 3263 996 3313 rmore
1023 3251 1096 3326 est,
1112 3241 1275 3313 sollicitus
1300 3251 1354 3314 est
1379 3265 1469 3336 quae
1486 3243 1616 3316 domini
1633 3253 1720 3329 sunt,
1739 3265 1827 3336 quo—

356 3362 464 3436 modo
490 3364 627 3458 placeat
652 3364 739 3436 dec:
782 3353 810 3400 Β
826 3363 893 3456 qui
911 3371 1025 3434 autem
1052 3384 1130 3433 cum
1155 3382 1268 3433 uxore
1293 3372 1357 3448 est,
1385 3363 1546 3436 sollicitus
1573 3375 1628 3436 est
1644 3385 1734 3457 quae
1751 3373 1828 3436 sunt

256 3565 261 3576 J
356 3483 455 3554 huius
489 3485 616 3570 mundi,
650 3483 828 3580 quomodo
862 3483 997 3577 placeat
1029 3482 1146 3566 uxori,
1182 3489 1217 3554 ει
1249 3482 1379 3554 diuisus
1406 3493 1468 3556 εει
1519 3473 1547 3522 ³*
1561 3485 1604 3558 Ει
1629 3483 1749 3556 mulier
1772 3485 1826 3556 in-

348 3613 462 3698 nupta
497 3613 533 3675 ει
563 3605 662 3699 virgo
697 3604 826 3698 cogitat
856 3625 946 3698 quae
974 3597 1122 3674 'domini
1155 3612 1252 3689 sunt,
1285 3613 1323 3674 ut
1347 3603 1391 3674 sit
1415 3613 1543 3676 sancta.
1558 3615 1594 3677 ει
1619 3626 1767 3700 corpore
1792 3613 1828 3675 et

247 3729 251 3736 '
356 3723 489 3817 spiritu:
522 3746 612 3818 quae
644 3735 759 3796 autem
790 3725 895 3796 nubta
921 3731 988 3803 est,
1011 3723 1144 3822 ⁴cogitat
1169 3745 1259 3816 quae
1286 3733 1364 3796 sunt
1388 3724 1520 3808 mundi,
1547 3725 1725 3818 quomodo
1751 3727 1827 3819 pla*

355 3852 433 3914 cent
457 3843 554 3915 viro..
593 3837 620 3884 ὅ
636 3846 744 3918 Porro
770 3845 838 3918 hoc
864 3844 910 3917 ad
935 3843 1111 3915 utilitatem
1135 3852 1287 3916 vestram
1313 3843 1402 3930 (fico,
1428 3866 1498 3916 non
1523 3854 1561 3916 ut
1583 3845 1744 3939 laqueum
1762 3866 1825 3916 vc-

354 3961 410 4034 bis
435 3963 587 4049 iniciam,
621 3965 687 4037 sed
718 3964 765 4037 ad
797 3965 833 4038 id
859 3963 955 4058 quod
986 3963 1168 4035 honestum
1193 3974 1248 4036 est
1280 3973 1316 4036 ει
1340 3965 1535 4037 facultatem
1560 3966 1729 4058 praebeat
1753 3965 1825 4037 sine

356 4083 601 4177 impedimento
628 4085 805 4158 dominnm
832 4078 1072 4157 'observandi
1122 4073 1213 4132 ΜΒ)
1231 4083 1267 4154 Si
1287 4084 1388 4176 quis
1407 4094 1522 4157 autem
1547 4095 1683 4180 turpem
1707 4105 1747 4156 sc
1771 4085 1820 4156 vi·

355 4203 431 4276 deri
457 4204 631 4278 existimat
656 4225 762 4299 super
786 4203 952 4298 virginem
979 4226 1086 4289 suam,
1113 4203 1209 4297 quod
1235 4203 1278 4274 sit
1302 4205 1531 4297 superadulta,
1559 4214 1595 4275 et
1618 4206 1827 4299 itacportet

354 4325 438 4412 fieri,
465 4325 561 4420 quod
586 4325 658 4396 vudt
682 4325 798 4398 faciat:
824 4345 896 4397 non
920 4334 1044 4418 peccat
1068 4324 1097 4396 si
1123 4324 1238 4396 nubat.
1280 4315 1307 4362 θ’
1322 4324 1410 4397 Nam
1437 4325 1636 4419 qut-statut
1660 4327 1694 4398 in
1719 4325 1827 4398 corde

356 4467 420 4516 suo
454 4444 587 4532 firmm,
619 4467 689 4518 non
721 4445 854 4518 habens
886 4444 1142 4530 necessitatem,
1183 4452 1394 4539 potestatem
1427 4455 1554 4517 autem.
1574 4445 1709 4518 habens
1742 4467 1826 4518 suae

354 4566 548 4652 voluntatis,
575 4574 611 4636 ct
635 4565 704 4637 hoc
728 4564 889 4638 iudicavit
913 4565 957 4636 in‘
974 4564 1082 4637 corde
1107 4585 1188 4652 suo,
1215 4585 1357 4636 seruarc
1390 4565 1557 4658 vugmem
1588 4587 1704 4652 suam,
1736 4568 1826 4640 bene

353 4686 441 4758 lacit.
493 4677 519 4724 ³⁸
535 4685 640 4781 Igitur
671 4696 706 4758 ct
738 4687 795 4779 qui
822 4685 1036 4758 matrimonio
1069 4685 1175 4778 iungit
1206 4686 1375 4778 virginem
1406 4705 1521 4770 suam,
1554 4685 1764 4773 benefacit,
1792 4697 1827 4758 et

270 4867 278 4876 .
345 4805 413 4898 ‚qui
445 4827 514 4879 nnn
544 4807 667 4899 iungit,
683 4839 686 4852 ·
700 4806 821 4879 melius
853 4806 940 4878 lacit.
981 4797 1148 4877 39Μιιιίει
1179 4806 1315 4899 alligata
1349 4815 1403 4878 est
1435 4815 1564 4900 quanto
1590 4814 1750 4897 tempore
1775 4804 1826 4874 uir

354 4927 429 4998 eius
463 4927 559 5014 vivit;
594 4927 743 5021 quodsi
770 4927 947 5002 dormierit
972 4927 1023 4998 vir
1049 4927 1141 5012 eius,
1175 4921 1351 4999 liberata':
1379 4927 1433 4999 cui
1457 4927 1529 4999 vtdt
1553 4925 1668 5009 nubat,
1696 4933 1825 4996 tantum

354 5047 389 5118 in
415 5047 564 5153 domino.
616 5041 793 5122 10Βεειίοι
826 5057 940 5120 autem
979 5047 1043 5118 erit
1076 5048 1105 5120 si
1138 5047 1188 5120 sic
1213 5043 1224 5066 ⁸
1231 5047 1467 5140 permanserit,
1494 5045 1684 5119 secundum
1709 5065 1824 5116 meum

354 5166 554 5260 consitium
575 5178 658 5262 puto
686 5179 801 5242 autem
828 5167 923 5262 quod
949 5178 985 5238 et
1010 5189 1078 5262 ego
1106 5168 1260 5263 spiritum
1287 5169 1345 5243 dei
1369 5169 1496 5242 habeo.

944 5289 1006 5373 Vll,
1036 5283 1083 5362 l7
1108 5327 1159 5342 -
1187 5288 1244 5362 ιθ.
