4146 6120
360 380 445 452 34οι
820 382 999 448 sammua
1024 382 1077 447 ab
1104 382 1366 446 monitabat

1706 489 1835 500 ..Ἤ

361 590 511 664 reddere
536 589 755 684 parentibus:
781 589 850 660 boo
876 590 966 660 enim
995 599 1176 684 acceparm
1203 599 1259 661 est
1283 609 1402 661 coram
1434 590 1515 662 deo.
1565 583 1695 676 ⁵0uae
1720 599 1837 662 auteur

361 731 446 782 vere
476 709 580 782 vidua
612 720 666 780 est
699 719 734 780 el
767 707 939 795 desolata,
964 710 1119 804 speravit
1152 711 1186 780 in
1218 709 1324 781 deum
1351 717 1387 782 et
1411 710 1515 782 instat
1540 709 1837 783 obsecrationibus

287 833 294 848 '
363 841 400 904 et
425 830 635 902 orationibus
667 839 770 902 nocte
803 851 845 901 ac
877 831 949 903 die:
991 822 1103 902 ‘nam
1130 851 1221 923 quae
1251 831 1285 900 in
1311 829 1442 902 deliciis
1468 841 1531 910 est
1555 831 1676 902 vivens
1702 839 1837 902 mortua

363 961 427 1022 est
476 942 550 1020 ''Et
573 950 642 1022 hoc
666 949 839 1046 praecipe,
866 961 904 1022 ut
927 951 1251 1044 inreprehensibiles
1277 951 1352 1022 sint.
1404 943 1470 1022 ⁸Si
1504 951 1580 1044 quis
1611 960 1726 1022 autem
1752 971 1836 1022 suo-

363 1091 439 1142 rnm
465 1079 500 1141 et
525 1071 677 1142 maxime
711 1069 981 1144 domesticorum
1012 1091 1129 1142 curam
1163 1091 1234 1142 non
1266 1071 1388 1156 babet,
1420 1069 1524 1142 fldem
1557 1073 1699 1164 negarit
1722 1082 1758 1144 et
1782 1081 1839 1143 est

363 1189 489 1262 infideli
515 1190 675 1262 deterior.
725 1183 865 1262 ”vidua
894 1192 1039 1284 eligatur
1071 1213 1141 1262 non
1173 1191 1285 1263 minus
1319 1191 1502 1284 sexaginta
1535 1213 1719 1278 annorum,
1745 1213 1837 1286 quae

362 1311 461 1382 luerit
486 1309 585 1382 unius
609 1311 673 1382 viri
698 1333 803 1396 uxor,
847 1303 919 1382 ⁴⁰in
945 1311 1110 1405 operibus
1136 1311 1238 1384 bonis
1263 1311 1494 1399 testimonium
1520 1311 1669 1398 babens,
1695 1313 1724 1383 si
1748 1311 1837 1384 lilios

364 1431 538 1516 edooavit,
566 1431 596 1502 si
620 1430 770 1524 hospitio
797 1431 942 1525 recepit,
977 1430 1006 1501 si
1032 1441 1228 1503 sanctorum
1261 1431 1373 1524 pedes
1399 1431 1497 1516 lavit,
1530 1433 1559 1504 si
1584 1432 1836 1504 tribulationem

363 1551 568 1646 patientibus
585 1550 859 1636 subministravit,
887 1550 917 1622 si
934 1543 1057 1622 'omne
1076 1573 1165 1646 opus
1183 1553 1313 1624 bonurn
1331 1551 1514 1624 subsecuta
1531 1562 1594 1623 est.
1620 1543 1644 1588 ⁴⁴
1661 1542 1834 1624 (ffl'Adu-

362 1672 575 1742 liseentiores
608 1679 723 1741 autem
748 1671 872 1742 viduas
898 1670 1031 1742 devita:
1065 1693 1142 1743 oum
1169 1673 1260 1743 enim
1286 1672 1477 1742 luxuriatae
1494 1673 1618 1743 luerint
1642 1671 1676 1742 in
1694 1671 1836 1756 Christo,

362 1793 494 1864 nubere
518 1792 652 1876 volunt,
694 1781 721 1828 ⁴²
737 1787 907 1863 habentes
933 1787 1198 1876 damnationem,
1226 1791 1306 1885 quia
1331 1791 1477 1884 primam
1503 1792 1608 1864 fidem
1634 1792 1761 1862 irritam
1782 1793 1834 1862 le-

364 1921 499 1984 cerunt:
542 1903 570 1948 ¹³
584 1911 684 1982 simul
717 1920 832 1984 autem
867 1919 903 1982 et
935 1911 1070 1984 otiosae
1095 1910 1230 1984 discunt
1256 1911 1435 1983 circumire
1461 1911 1602 1996 domos,
1629 1931 1699 1984 non
1725 1911 1838 2014 solnm

364 2032 499 2104 otiosae
524 2029 590 2102 sed
616 2041 652 2101 et
677 2031 851 2103 verbosae
878 2041 914 2102 et
931 2033 1098 2117 curiosae,
1125 2033 1308 2125 loquentes
1324 2051 1414 2124 quae
1431 2053 1500 2104 non
1519 2042 1665 2126 oportet
1708 2020 1735 2070 ⁴⁸
1749 2033 1837 2102 Volo

364 2171 450 2246 orgo
482 2150 679 2222 iuveniores
711 2152 862 2236 nubere,
896 2150 985 2224 filios
1016 2171 1219 2246 procreare,
1253 2161 1381 2223 matres
1412 2153 1555 2225 lamilias
1586 2173 1684 2238 esse,
1710 2151 1844 2232 nullam

236 2373 237 2376 Ἴ
364 2271 584 2344 occasionem
611 2271 697 2342 dare
733 2272 936 2344 adversario
970 2271 1141 2343 maledicti
1175 2271 1294 2364 gratia.
1341 2265 1368 2310 ’ὅ
1384 2262 1435 2320 (¹⁸)
1451 2274 1521 2343 lam
1548 2273 1637 2344 enim
1664 2272 1839 2366 quaedam

364 2413 555 2466 conversae
588 2402 667 2462 sunt
699 2401 793 2463 retro
829 2401 981 2464 satanan.
1033 2383 1059 2427 ⁴⁶
1072 2391 1107 2462 Si
1133 2412 1201 2484 qua
1234 2391 1345 2464 lidelis
1371 2393 1477 2464 babet
1499 2391 1633 2478 viduas,
1659 2391 1839 2463 summini-

365 2522 451 2584 stret
475 2512 548 2596 illis,
576 2519 708 2583 utnon
733 2523 898 2603 gravetur
923 2513 1086 2598 ecclesia,
1113 2510 1227 2582 uthis
1256 2506 1363 2605 'quae
1392 2533 1476 2584 vere
1508 2512 1636 2585 viduae
1661 2523 1739 2584 sunt
1764 2514 1838 2583 sui·-

364 2633 464 2704 llciat.
516 2625 541 2668 ¹⁷
555 2619 603 2676 ‘¹⁰'
617 2629 683 2715 Qui
708 2631 799 2702 bene
826 2642 989 2725 praesunt
1013 2629 1239 2726 praesbyteri,
1267 2632 1393 2724 duplici
1418 2632 1554 2704 honore
1570 2632 1664 2725 digni
1680 2611 1839 2704 babean-

365 2765 427 2838 tur,
455 2751 608 2824 maxime
633 2751 692 2842 qui
716 2751 875 2824 laborant
899 2753 934 2822 in
949 2753 1060 2824 verbo
1088 2762 1123 2823 et
1148 2751 1185 2822 in
1209 2751 1381 2823 donnino:
1408 2743 1435 2788 ¹⁸
1446 2752 1529 2824 dicit
1554 2753 1644 2824 enim
1670 2753 1841 2846 scriptura

364 2873 442 2944 Non
474 2869 658 2942 infrenabis
692 2892 734 2944 os
765 2871 848 2944 bovi
882 2871 1063 2957 trituranti,
1105 2881 1141 2943 et
1164 2871 1295 2964 Dignus
1325 2883 1382 2944 est
1412 2873 1593 2967 operarius
1622 2868 1839 2944 'mercedem

365 3011 472 3064 suam.
523 2981 804 3063 ¹⁹t⁸⁰>aaversus
828 2994 1090 3088 praesbyterum
1118 2993 1372 3064 accusationem
1398 2994 1467 3064 noli
1493 2993 1660 3086 recipere,
1686 2991 1749 3064 nisi
1771 2993 1838 3064 sub

365 3113 504 3186 duobus
529 3121 564 3183 ct
589 3111 699 3184 tribus
724 3111 877 3184 testibus.
929 3103 1018 3162 ”ml
1036 3111 1242 3186 Peccantem
1268 3133 1385 3186 coram
1412 3114 1572 3184 omnibus
1590 3133 1714 3206 argue,
1741 3121 1778 3182 nt
1803 3122 1843 3182 et

365 3233 472 3305 ceteri
497 3232 655 3302 timorem
681 3231 842 3304 babeant.
894 3227 917 3272 ²¹
933 3226 987 3282 (Μ)
1004 3235 1128 3306 Testor
1154 3253 1272 3306 coram
1297 3235 1368 3306 deo
1395 3244 1432 3305 et
1448 3232 1580 3305 Christo
1598 3233 1676 3305 lesu
1702 3241 1739 3304 et
1762 3231 1837 3302 ele·

365 3353 429 3424 ctis
463 3352 610 3445 angelis,
637 3361 675 3423 ut
706 3353 795 3424 baec
828 3354 1006 3426 custodias
1039 3355 1113 3425 sine
1152 3354 1376 3448 praeiudicio,
1407 3353 1488 3424 nrbil
1519 3353 1649 3425 iaciens
1677 3353 1712 3424 in
1737 3351 1839 3422 oliam

364 3482 497 3566 partem
523 3469 738 3545 declinando.
790 3465 881 3520 Μ’)
899 3476 1019 3548 Manus
1051 3474 1118 3545 cito
1149 3473 1277 3552 nemini
1303 3475 1508 3568 inposueris,
1539 3495 1655 3566 neque
1680 3491 1840 3544 commu-

364 3592 536 3664 nicaveris
559 3594 713 3686 peccatis
738 3594 865 3666 alienis.
892 3595 941 3666 Te
965 3595 1077 3688 ipsum
1104 3603 1236 3668 castum
1262 3595 1408 3668 custodi
1433 3587 1460 3633 ²³
1476 3595 1554 3666 Noli
1578 3593 1692 3666 adhuc
1712 3611 1840 3684 aquam

365 3711 501 3798 bibere,
529 3711 594 3786 sed
624 3714 705 3784 vino
738 3715 878 3788 modico
904 3723 1003 3786 utare
1037 3724 1180 3810 propter
1212 3716 1427 3788 stomachum
1460 3723 1554 3785 tuum
1582 3723 1618 3786 et
1641 3715 1842 3807 frequentas

366 3841 441 3905 tuas
467 3833 687 3908 infirmitates.
730 3823 757 3872 ²*
769 3827 821 3882 ‘¹⁴'
838 3834 1062 3921 Quorundam
1081 3833 1257 3907 bominum
1280 3845 1425 3928 peccata
1443 3831 1623 3906 manifesta
1640 3845 1718 3906 sunt
1732 3853 1840 3928 prae·-

366 3953 523 4026 oedontia
555 3955 601 4028 ad
635 3955 814 4041 iudicium,
849 3955 1021 4048 quosdam
1055 3967 1170 4028 autern
1202 3966 1237 4028 et
1268 3955 1540 4048 subsequuntur:
1583 3947 1612 3992 '⁸
1627 3953 1779 4026 similiter
1804 3963 1843 4024 et

364 4074 453 4146 lacta
478 4073 572 4146 bona
599 4077 778 4148 manifesta
796 4085 882 4160 sunt
909 4086 1052 4168 atquae
1078 4075 1174 4146 aliter
1191 4095 1231 4147 se
1256 4074 1385 4146 babent
1401 4073 1570 4146 abscondi
1596 4095 1665 4146 non
1683 4083 1840 4168 possunt.

1071 4315 1265 4420 W,

326 4597 330 4606 ·
394 4603 400 4612 .
442 4547 519 4604 Ψ)
538 4557 752 4649 Quicumque
784 4565 861 4628 sunt
891 4557 956 4629 sub
991 4557 1072 4650 iugo
1109 4557 1217 4642 servi,
1253 4557 1413 4628 dominos
1455 4577 1538 4628 suos
1580 4555 1673 4626 ornni
1707 4556 1842 4628 honoro

287 4659 290 4675 ¹
367 4678 490 4771 dignos
523 4679 743 4762 arbitrentur,
777 4697 822 4748 ne
851 4698 982 4780 pomen
1014 4677 1142 4749 domini
1175 4686 1210 4749 et
1244 4675 1400 4750 doctrina
1425 4676 1691 4770 blasphemetur.
1742 4668 1841 4760 'Qui

366 4807 480 4870 autern
513 4797 636 4871 fldeles
670 4797 799 4870 babent
831 4797 1007 4883 dominos,
1041 4817 1112 4870 non
1138 4807 1371 4882 contemnunt,
1399 4797 1478 4890 quia
1504 4797 1629 4868 lratrea
1652 4805 1747 4880 sunt,
1774 4795 1842 4867 sed

366 4919 478 5012 magis
503 4919 671 5004 serviant,
697 4919 777 5012 quia
802 4917 926 4992 fideles
951 4929 1033 4990 sunt
1062 4927 1099 4990 et
1124 4913 1238 4990 diroti
1271 4919 1327 5010 qui
1352 4917 1510 4990 bonelioii
1541 4915 1726 5011 participes
1752 4925 1843 4988 sunt.

367 5027 420 5085 θ’)
436 5039 531 5110 llaec
556 5039 646 5112 doce
672 5049 708 5112 et
732 5039 881 5112 bortare
933 5032 999 5110 ³Si
1026 5039 1104 5132 quis
1128 5039 1226 5112 aliter
1252 5033 1358 5110 docet
1382 5048 1418 5110 et
1442 5057 1511 5110 non
1538 5037 1732 5132 adquiescit
1748 5039 1843 5110 sanis

367 5159 585 5232 sermonibus
611 5159 740 5232 domini
766 5161 874 5234 nostri
900 5161 977 5232 lesu
1002 5159 1124 5232 Christi
1151 5169 1187 5230 et
1212 5159 1244 5230 oi
1271 5181 1362 5253 quae
1390 5158 1579 5233 seeundum
1605 5155 1766 5253 pietatem
1786 5171 1845 5231 cst

951 5277 989 5364 V,
1017 5283 1039 5352 a
1071 5315 1115 5334 ·-
1144 5277 1195 5364 Vl,
1221 5281 1256 5350 3.
