4254 6130
664 401 906 470 EVANGELlUll
932 404 1135 468 SECUNDUM
1162 409 1362 476 lOllANNEll
1683 403 1749 471 llll

267 615 506 700 coguoverunt
531 599 703 700 principes
737 608 816 700 quia
849 606 904 676 hic
935 615 989 676 εει
1024 605 1201 682 Christus?
1252 607 1279 652 ²⁷
1292 617 1364 688 Sed
1391 617 1482 688 hunc
1508 613 1636 683 scimus
1662 608 1756 679 uude

268 728 327 798 sit:
356 726 508 797 Christus
535 735 651 796 autern
685 747 763 796 cum
794 725 943 810 venerit,
979 745 1085 796 nemo
1120 727 1183 797 scit
1217 733 1310 804 unde
1338 737 1390 806 sit.
1442 723 1560 778 'lm‘
1579 727 1758 800 Clamabat

267 867 354 938 ergo
381 845 513 916 docens
539 845 572 914 in
599 845 729 938 templo
755 845 852 916 lesus
879 855 915 916 ει
941 843 1061 914 dicens
1088 844 1129 913 Et
1155 847 1212 917 me
1240 849 1333 922 scitis
1368 865 1403 924 ει
1429 849 1523 922 unde
1556 848 1619 918 sim
1647 847 1757 918 scitis:

269 975 304 1036 ει
328 986 348 1034 a
375 985 432 1034 me
458 965 535 1057 ipso
561 984 631 1034 non
659 965 745 1050 veui,
773 965 838 1036 sed
865 975 918 1035 est
944 984 1048 1034 verus
1074 965 1131 1054 qui
1153 965 1249 1036 'misit
1275 991 1347 1055 me,
1377 990 1483 1062 quern
1509 987 1576 1038 vos
1602 967 1758 1044 nescitis:

266 1077 373 1175 ”ego
401 1083 473 1154 scio
500 1103 590 1167 eum,
618 1084 697 1176 quia
724 1085 873 1178 abipso
901 1085 977 1154 sum
1004 1091 1039 1152 ει
1065 1083 1139 1174 ipse
1167 1105 1223 1153 me
1251 1089 1353 1160 misit.
1403 1077 1518 1132 tamt-t
1534 1087 1762 1172 Quaerebant

268 1225 354 1296 ergo
382 1223 462 1274 eum
489 1203 770 1297 apprehendere,
806 1215 841 1274 ει
872 1224 977 1274 nemo
1011 1201 1101 1271 misit
1133 1201 1167 1270 in
1200 1203 1294 1274 illum
1329 1225 1469 1290 manus,
1497 1206 1579 1300 quia
1605 1207 1763 1280 nondum

268 1332 413 1395 venerat
437 1323 525 1394 hora
553 1323 635 1394 eius.
687 1315 711 1360 ³¹
726 1314 817 1372 (NP)
835 1325 887 1394 De
915 1323 1014 1394 turba
1040 1329 1154 1391 autem
1182 1323 1278 1390 multi
1299 1323 1527 1398 crediderunt
1542 1327 1580 1400 in
1605 1349 1702 1414 eum,
1730 1339 1766 1400 et

268 1442 430 1514 dicebant
463 1442 615 1513 Christus
647 1463 724 1513 cum
755 1444 903 1528 venerit,
936 1439 1102 1533 numquid
1134 1439 1232 1532 plura
1268 1441 1383 1530 signa
1414 1443 1512 1519 laciet
1542 1469 1650 1544 quam
1677 1471 1769 1543 quae

268 1562 324 1632 hic
355 1562 458 1632 lacit‘l
511 1553 540 1599 ³²
553 1559 743 1632 Audierunt
775 1561 951 1636 Pharisaei
986 1560 1123 1631 turbam
1163 1571 1453 1638 murmurantem
1491 1569 1538 1643 de
1580 1571 1639 1642 illo
1673 1571 1771 1661 haec,

268 1671 344 1726 ‘Pl'
362 1690 398 1750 et
423 1679 588 1750 miserunt
612 1679 785 1773 principes
811 1691 846 1752 ει
872 1680 1048 1752 Pharisaei
1072 1679 1245 1750 ministres
1272 1685 1323 1747 ut
1355 1691 1660 1782 apprehenderent
1685 1717 1774 1769 eum,

268 1789 295 1835 ³³
308 1789 396 1842 ‹atat›
412 1799 506 1869 Dixit
532 1819 617 1891 ergo
643 1800 740 1870 lesus
766 1798 890 1872 Adhuc
916 1799 1091 1870 modicum
1117 1809 1253 1892 tempus
1282 1798 1478 1882 vobiscum
1505 1835 1596 1898 sum,
1624 1823 1659 1884 et
1683 1817 1777 1891 vado

270 1916 316 1990 ad
342 1939 422 1988 eum
448 1919 506 2010 qui
532 1918 622 1988 misit
647 1939 714 1988 me.
765 1905 893 1972 “Nam
912 1919 1083 2003 Quaeritis
1101 1937 1157 1988 me
1184 1927 1218 1988 et
1243 1933 1329 1986 non
1350 1921 1541 2020 invenietis,
1570 1941 1608 2004 et
1625 1935 1683 2006 ubi
1701 1959 1777 2014 sum

270 2057 340 2128 ego
367 2057 432 2106 vos
458 2059 527 2108 non
553 2038 699 2130 potestis
726 2037 855 2108 venire.
907 2032 934 2076 ³⁶
949 2037 1117 2107 Diuemut
1148 2057 1234 2129 ergo
1261 2033 1395 2116 ludaei
1428 2049 1475 2120 ad
1502 2073 1544 2122 se
1572 2051 1671 2144 ipsos
1699 2061 1776 2146 Quo

269 2155 325 2226 hic
351 2156 458 2227 iturus
485 2167 548 2242 εει,
575 2156 655 2249 quia
680 2177 752 2226 non
777 2155 991 2226 inveniemus
1018 2157 1124 2226 eum?
1150 2153 1322 2252 numquid
1352 2163 1387 2234 in
1405 2165 1669 2260 dispersionem
1687 2201 1775 2270 gen.

269 2275 369 2346 tiumv
387 2276 493 2348 iturus
529 2285 583 2346 εει
614 2285 650 2346 ει
681 2275 847 2346 docturus
880 2277 1030 2366 gentes?
1079 2267 1107 2312 ³⁰
1124 2275 1207 2360 Quis
1233 2283 1289 2347 est
1316 2277 1374 2351 hic
1401 2305 1524 2355 sermo
1553 2309 1661 2378 quem
1688 2298 1774 2374 dixit

271 2394 442 2479 Quaeritis
475 2415 533 2465 me
563 2404 599 2464 et
627 2415 699 2465 non
728 2393 922 2478 invenietis,
958 2403 994 2464 ct
1023 2393 1083 2464 ubi
1114 2415 1191 2465 sum
1225 2416 1294 2488 ego
1332 2421 1404 2469 nou
1435 2405 1588 2491 potestis
1622 2417 1771 2490 venire?

269 2505 296 2550 ³¹
311 2513 562 2586 innovissimo
589 2523 705 2584 autem
730 2513 788 2585 die
814 2533 943 2605 magno
968 2513 1160 2585 festivitatis
1187 2515 1301 2586 stabat
1325 2517 1422 2586 lesus
1449 2527 1487 2587 et
1509 2521 1687 2601 clamabat
1713 2537 1767 2607 di.

271 2653 354 2704 cens
382 2634 448 2718 Qui
474 2633 557 2718 sitit,
594 2632 717 2704 veniat
746 2631 792 2704 ad
823 2653 880 2704 me
912 2641 947 2702 et
971 2631 1079 2704 bibat.
1130 2623 1157 2670 ³⁸
1175 2635 1241 2719 Qui
1267 2633 1379 2705 credit
1404 2635 1439 2704 in
1465 2613 1543 2722 me,‘
1563 2643 1652 2717 sicut
1678 2651 1766 2726 dixit

271 2752 448 2846 scriptura,
475 2751 613 2824 flumina
641 2751 834 2823 daventre
861 2751 936 2822 eius
962 2749 1068 2822 llueut
1093 2773 1206 2845 aquae
1223 2753 1342 2825 'vivae
1389 2745 1504 2826 39Ηοε
1531 2771 1649 2834 autem
1677 2769 1764 2842 dixit

271 2862 329 2957 de¹
344 2871 463 2965 spiritu
490 2891 594 2964 quem
621 2871 795 2964 accepturi
822 2881 919 2941 eraut
945 2870 1128 2942 credentes
1154 2871 1189 2942 iu
1215 2893 1311 2943 eum:
1338 2893 1409 2943 non
1435 2875 1528 2946 enim
1555 2892 1632 2954 erat
1658 2887 1760 2976 spiri·

271 3001 325 3062 tus
358 2991 476 3077 datus,
512 2992 593 3084 quia
627 2991 723 3062 lesus
758 2989 912 3062 noudum
950 2990 1061 3060 iuerat
1094 2989 1310 3082 glorificatus.
1363 2979 1390 3026 ⁴⁰
1403 2981 1478 3038 (Μ)
1495 2994 1551 3065 Ex
1584 2998 1641 3070 illa
1673 3024 1759 3094 ergo

272 3103 387 3180 'turba
421 3131 500 3180 cum
532 3109 710 3180 audissent
742 3109 807 3180 hos
842 3129 1024 3179 sermones
1055 3109 1144 3194 eius,
1179 3110 1343 3182 dicebaut
1373 3108 1522 3184 llio'est
1550 3119 1638 3188 'vere
1673 3142 1758 3210 pro-

266 3221 392 3322 pheta:
444 3220 468 3266 *l
489 3227 545 3298 alii
584 3228 747 3300 dicebant
779 3223 841 3298 llic
877 3237 931 3298 est
964 3227 1132 3298 Christus:
1179 3221 1253 3276 (ml
1272 3227 1413 3320 quidam
1446 3241 1562 3302 autem
1597 3235 1756 3306 dicebant

272 3347 445 3438 Numquid
479 3368 501 3417 a
536 3347 686 3419 Galilaea
721 3347 873 3418 Christus
906 3346 1022 3416 veuit?
1074 3333 1101 3381 ⁴²
1117 3347 1239 3418 Nonne
1274 3345 1443 3439 scriptura
1479 3350 1559 3420 dicit
1598 3353 1678 3444 quia
1711 3375 1759 3422 ex

273 3466 405 3538 semine
431 3465 544 3537 David
577 3477 612 3538 et
645 3467 691 3537 de
720 3465 899 3536 Bethleem
935 3466 1093 3548 castello,
1121 3467 1180 3536 ubi
1207 3475 1282 3536 erat
1306 3465 1435 3552 David,
1463 3469 1555 3539 venit
1581 3470 1757 3541 Christus‘l

271 3573 591 3656 Pt“›¹⁰·>1)issensio
618 3585 735 3678 itaque
761 3584 851 3654 facta
877 3585 989 3654 estin
1024 3585 1124 3656 turba
1153 3593 1299 3677 propter
1330 3603 1422 3656 eum.
1473 3575 1591 3632 ΝΑ)
1604 3588 1757 3672 Quidam

273 3713 387 3774 autem
414 3723 460 3774 ex
486 3703 569 3796 ipsis
595 3703 761 3774 volebant
786 3701 1049 3800 apprehendere
1076 3725 1166 3788 eum,
1195 3702 1259 3774 sed
1285 3721 1388 3774 nemo
1417 3705 1508 3776 misit
1534 3727 1639 3798 super
1665 3707 1757 3778 illum

272 3842 405 3893 manus.
458 3809 585 3866 ΜΨ)
598 3821 772 3894 Venerunt
804 3841 889 3913 ergo
929 3821 1070 3892 ministri
1105 3823 1151 3894 ad
1184 3819 1364 3914 pontifices
1399 3833 1434 3893 ει
1466 3822 1687 3896 Pharisaeos:
1724 3835 1759 3896 ει

273 3939 435 4011 dixerunt
467 3941 517 4010 eis
554 3941 599 4010 illi
633 3941 749 4026 Quare
782 3961 853 4012 non
887 3938 1081 4031 adduxistis
1113 3943 1217 4012 eum‘l
1273 3929 1300 3975 ‘⁰
1316 3939 1584 4034 Responderunt
1616 3945 1759 4014 ministri

271 4061 464 4152 Numquam
491 4059 540 4129 sic
566 4059 700 4132 locutus
735 4071 789 4132 est
820 4059 926 4131 homo
959 4059 1047 4129 sicut
1081 4059 1137 4129 hic
1168 4059 1283 4130 homo.
1336 4052 1644 4154 ”Responderunt
1666 4061 1758 4156 ‘ergo

273 4177 324 4247 eis
350 4177 526 4248 Pharisaei
552 4179 725 4272 Numquid
753 4189 788 4250 ει
812 4200 878 4250 vos
905 4177 1038 4250 seducti
1065 4179 1172 4250 estis‘l
1216 4167 1428 4270 “Numquid
1451 4179 1573 4271 aliquis
1591 4185 1637 4251 ex
1662 4183 1756 4274 prin'-

273 4295 406 4388 cipibus
433 4297 579 4368 credidit
605 4299 638 4368 iu
665 4319 743 4369 eum
771 4307 830 4368 aut
855 4319 903 4368 ex
928 4297 1148 4368 Pharisaeis‘l
1191 4287 1218 4334 ⁴⁰
1231 4295 1312 4366 Sed·
1329 4298 1430 4368 turba
1457 4297 1543 4368 haec
1571 4320 1661 4391 quae
1688 4321 1759 4371 non

272 4415 368 4486 novit
393 4415 507 4506 legem
534 4417 708 4487 maledicti
735 4427 821 4487 sunt.
873 4409 1000 4486 ⁵⁰·llicit
1024 4416 1238 4488 Nicodamus
1264 4414 1310 4486 ad
1338 4437 1411 4502 ecs,
1438 4417 1493 4487 ille
1517 4417 1576 4509 qui
1593 4419 1687 4488 venit
1713 4418 1759 4489 ad

274 4553 355 4604 eum
380 4543 492 4617 nocte,
520 4535 577 4624 qui
605 4557 691 4606 unus
720 4545 795 4604 erat
821 4554 868 4604 ex
894 4535 977 4626 ipsis
1019 4527 1043 4570 ⁵¹
1062 4534 1237 4626 Numquid
1262 4535 1321 4604 lex
1347 4547 1466 4606 nostra
1492 4535 1619 4607 iudicat
1643 4537 1757 4608 homi-

272 4672 352 4722 nem
379 4651 443 4721 nisi
470 4651 617 4723 audierit
642 4654 687 4742 qb
721 4653 798 4744 ipso
833 4653 928 4745 prius
961 4664 997 4724 et
1030 4653 1235 4747 cognoverit
1267 4652 1351 4744 quid
1377 4654 1503 4725 faciat?
1555 4647 1582 4690 ⁵²
1598 4655 1756 4749 Respon-

274 4769 398 4840 derunt
430 4779 466 4840 et
498 4771 659 4842 dixerunt
692 4769 724 4841 ei
757 4771 931 4864 Numquid
965 4781 1075 4844 etta
1109 4773 1280 4844 Galilaeus
1313 4774 1379 4842 εει
1413 4773 1572 4843 Scrutare
1609 4783 1645 4844 et
1677 4773 1759 4845 vide

274 4887 353 4978 quia
379 4887 550 4982 propheta
577 4911 598 4961 a
624 4889 775 4961 Galilaea
805 4909 876 4960 nou
908 4891 1024 4983 surgit.
1075 4883 1102 4929 ω
1118 4891 1160 4962 Et
1191 4891 1322 4961 reversi
1354 4900 1432 4960 sunt
1465 4891 1759 4984 unusquisquam

274 5005 417 5077 domum
444 5027 552 5080 suam.

857 5125 922 5210 Vll,
951 5121 999 5200 27
1029 5165 1074 5178 -
1105 5127 1163 5196 53.
