4102 6128
356 399 378 470 2
678 399 899 464 suauissulo
926 399 1049 462 PAPAE
1075 396 1234 464 Dauuso
1261 397 1505 463 HIERONYMUS

357 615 443 676 sunt.
497 606 599 697 lgitur
644 599 749 678 ‘haec
790 626 959 700 praeseus
997 605 1264 698 praefatiuncula
1304 605 1482 698 pollicetur
1515 614 1676 700 quattuor
1710 615 1839 676 tantum

357 726 553 834 evangelia,
588 748 732 820 quorum
760 727 850 798 ordo
877 726 942 797 iste
970 735 1038 810 est,
1064 725 1235 796 Mattheus
1261 725 1397 796 Marcus
1422 725 1533 796 Lucas
1560 725 1757 810 lohannesp
1777 745 1838 796 oo-

358 845 472 916 dicum
500 868 704 936 graecorum
732 846 916 917 emendata
944 846 1137 917 conlatione
1164 843 1228 916 sed
1255 855 1291 916 et
1316 855 1482 917 veterum.
1544 847 1641 931 Quae
1674 867 1717 916 ne
1751 847 1838 916 mul-

358 975 429 1035 tum
457 987 476 1034 e
504 967 656 1037 lectionis
683 967 807 1037 latinae
835 965 1083 1038 consuetudine
1111 966 1364 1060 discreparent,
1381 943 1439 1036 ita
1467 965 1602 1036 calamo
1630 966 1837 1060 temperavi-

361 1107 436 1156 mus
466 1095 504 1155 ut
535 1086 597 1156 his.
623 1097 749 1157 tantum
786 1108 875 1180 quae
910 1108 1049 1158 sensum
1095 1086 1301 1159 videbantur
1335 1096 1467 1158 mutare
1510 1086 1675 1158 correctis
1711 1087 1842 1180 reliqua

360 1227 501 1276 manere
529 1216 727 1300 pateremur
759 1217 795 1277 ut
821 1209 963 1278 fueraut.
1017 1208 1174 1279 Canones
1207 1228 1362 1301 quoque,
1397 1227 1487 1300 quos
1512 1205 1682 1278 Eusebius
1716 1228 1839 1278 caesa-

361 1323 482 1397 riensis
521 1327 706 1422 episcopus
740 1327 1001 1400 alexandrinum
1035 1340 1173 1400 secutus
1208 1327 1427 1398 Ammonium
1460 1326 1494 1396 iu
1526 1326 1650 1397 decem
1678 1348 1840 1398 numeros

361 1445 538 1530 ordinavit,
566 1435 652 1518 sieut
677 1447 710 1517 iu
737 1467 867 1540 graeco
895 1448 1067 1518 habentur
1091 1449 1349 1542 expressimus3
1378 1426 1447 1540 quo
1474 1445 1607 1535 siquis
1634 1448 1678 1518 de
1697 1447 1840 1518 curiosis

361 1564 505 1636 voluerit
531 1588 635 1637 nosse
661 1590 753 1660 quae
780 1568 814 1638 in
839 1567 1027 1660 evangeliis
1052 1569 1107 1638 vel
1136 1567 1262 1639 eadem
1289 1567 1345 1638 vel
1362 1565 1473 1637 vicina
1501 1566 1555 1636 vel
1582 1567 1656 1638 sola
1675 1567 1749 1652 siut,
1778 1589 1840 1640 eo-

280 1680 283 1689 “
361 1709 434 1755 rum
460 1681 686 1786 ‘distinctione
720 1700 919 1781 cognoscat.
972 1689 1116 1780 Magnus
1152 1687 1321 1780 siquidem
1356 1686 1410 1756 hic
1444 1686 1477 1756 in
1510 1687 1636 1758 uostris
1663 1687 1840 1758 codicibus

239 1865 243 1872 .
358 1823 458 1878 error
489 1807 645 1893 inolevit,
674 1809 756 1879 dum
793 1807 887 1900 quod
920 1807 951 1876 in
987 1807 1114 1880 eadem
1148 1831 1186 1878 re
1223 1809 1308 1880 alius
1342 1807 1554 1899 evangelista
1582 1808 1658 1900 plus
1684 1807 1780 1893 dixit,
1808 1807 1840 1876 in

359 1929 426 2000 alio
454 1927 531 2019 quia
567 1929 678 1998 minus
705 1928 900 2022 putaverint
932 1927 1153 2012 addiderunt3
1188 1931 1244 2001 vel
1277 1929 1359 2000 dum
1396 1928 1559 1998 eumdem
1588 1947 1728 1998 sensum
1755 1927 1840 1998 alius

360 2049 457 2118 aliter
483 2050 673 2142 expressit,
701 2050 756 2120 ille
783 2049 840 2140 qui
870 2069 972 2119 uuum
998 2069 1019 2117 e
1046 2058 1208 2142 quattuor
1233 2051 1381 2143 primum
1408 2048 1541 2142 legerat
1558 2049 1604 2119 ad
1625 2049 1699 2119 eius
1717 2067 1838 2117 exeru—

360 2169 452 2262 plum
482 2177 620 2240 ceteros
655 2189 795 2261 quoque
829 2169 1061 2242 aestimaverit
1095 2169 1345 2241 emendandos.
1400 2169 1497 2240 Unde
1528 2169 1653 2241 accidit
1685 2179 1722 2238 ut
1748 2166 1838 2260 apud

361 2309 424 2360 nos
450 2289 556 2360 mixta
593 2289 659 2360 sint
686 2289 814 2374 omnia,
850 2299 884 2359 et
917 2289 950 2359 in
977 2289 1093 2360 Marco
1121 2291 1218 2382 plura
1250 2291 1364 2361 Lucae
1399 2301 1503 2382 atque
1530 2279 1678 2374 Matthei,
1707 2309 1838 2360 rursum

357 2410 392 2479 in
410 2409 562 2481 Mattiaco
581 2409 739 2479 lobannis
753 2419 788 2480 et
805 2411 919 2494 Mami,
947 2420 982 2479 et
1008 2409 1133 2480 ceteris
1150 2411 1357 2503 reliquorum
1387 2431 1477 2504 quae
1504 2411 1578 2481 aliis
1603 2409 1744 2504 propria
1763 2419 1840 2496 sum¹

358 2529 579 2600 inveniantur.
635 2529 717 2600 Cum
751 2531 866 2624 itaque
899 2551 1053 2602 canones
1086 2530 1214 2623 legeris
1246 2532 1303 2624 qui
1331 2531 1476 2602 subiecti
1503 2541 1596 2615 suut,
1632 2529 1839 2626 contusionis

360 2669 480 2723 errore
507 2651 644 2720 sublato
671 2660 705 2720 et
732 2651 852 2723 similia
871 2651 1022 2721 omnium
1050 2650 1140 2720 scies
1167 2661 1202 2720 et
1228 2647 1370 2743 singulis
1396 2673 1458 2722 sua
1483 2671 1643 2744 quaeque
1670 2652 1838 2723 restitues.

359 2773 395 2843 ln
422 2789 555 2842 canone
582 2771 694 2864 primo
722 2772 934 2843 concordant
959 2779 1129 2863 quattuor,
1158 2765 1328 2842 Mattheus
1354 2773 1490 2842 Marcus
1516 2773 1627 2843 Lucas
1653 2773 1837 2876 iohannem

359 2893 392 2961 in
420 2912 553 2963 (anone
585 2893 740 2965 secundo
775 2903 858 2978 tres',
892 2891 1062 2963 Mattheus
1088 2892 1224 2962 Marcus
1251 2891 1385 2986 Lucam¹
1410 2893 1441 2962 in
1470 2913 1604 2964 canone
1631 2892 1731 2962 tertio
1758 2900 1837 2974 tres,

359 3007 535 3084 Mattheus
563 3013 674 3084 Lucas
707 3013 892 3096 lohaunes;
928 3012 961 3080 in
991 3031 1127 3084 canone
1164 3021 1286 3103 quarto
1314 3021 1399 3096 tres,
1426 3011 1597 3086 Mattheus
1623 3013 1758 3084 Marcus
1782 3012 1838 3081 lo-

301 3175 304 3182 ,
359 3133 509 3216 hannem
543 3133 577 3202 in
608 3155 742 3204 canone
774 3133 890 3226 quinto
925 3131 1012 3216 duo,
1047 3131 1218 3203 Mattheus
1244 3133 1373 3216 Lucas;
1408 3133 1441 3202 in
1468 3155 1602 3204 canone
1630 3144 1732 3204 sexto
1757 3131 1837 3216 duo,

353 3253 529 3324 Mattheus
556 3255 706 3334 Marcus;
733 3255 766 3324 in
793 3275 927 3326 canone
954 3251 1103 3346 septimo
1130 3251 1216 3338 duo,
1245 3252 1415 3323 Mattheus
1436 3253 1619 3336 iohannem
1647 3253 1680 3322 in
1707 3273 1839 3324 canone

358 3385 485 3446 octavo
512 3375 592 3460 duo,
621 3375 731 3446 Lucas
756 3376 907 3458 Marcus;
935 3374 967 3444 in
995 3391 1131 3443 canone
1157 3393 1250 3444 nono
1278 3373 1357 3458 duo,
1386 3373 1496 3444 Lucas
1514 3373 1700 3457 lohannes;
1727 3373 1759 3443 iu
1777 3393 1837 3444 ca·
1864 3451 1866 3456 A

357 3515 450 3566 none
476 3495 614 3566 decimo
641 3497 782 3590 propria
810 3494 1043 3586 unusquisque
1072 3515 1162 3586 quae
1189 3515 1258 3563 non
1286 3493 1455 3564 hahentur
1488 3495 1521 3564 in
1548 3495 1622 3566 aliis
1648 3495 1838 3566 ediderunt.

359 3617 505 3708 Singulis
531 3637 616 3686 vero
643 3617 833 3708 evangeliis
860 3615 905 3686 ab
933 3635 1001 3684 uno
1028 3613 1193 3707 incipiens
1211 3635 1322 3706 usque
1349 3615 1381 3684 in
1400 3613 1502 3684 finem
1530 3613 1693 3683 librorum
1721 3613 1839 3706 dispar

358 3757 520 3807 numerus
553 3737 720 3808 increscit.
782 3735 842 3804 llic
877 3733 975 3826 nigro
1009 3736 1126 3805 colore
1160 3729 1388 3830 'perscriptus
1426 3736 1490 3806 sub
1527 3721 1566 3804 se
1598 3734 1706 3805 habet
1738 3733 1837 3804 alium

359 3877 405 3926 ex
433 3857 535 3926 minio
563 3879 741 3928 numerum
770 3855 991 3939 discolorem,
1027 3855 1085 3946 qui
1119 3855 1165 3924 ad
1193 3853 1315 3925 decem
1343 3875 1454 3948 usque
1480 3855 1677 3948 procedens
1702 3854 1838 3938 indicat,

360 3977 453 4069 prior
480 3999 642 4048 numerus
669 3981 702 4047 in
729 3999 798 4070 quo
827 3976 869 4045 sit
893 3995 1028 4045 canone
1055 3973 1293 4068 requirendus.
1347 3976 1430 4046 Cum
1450 3976 1550 4068 igitur
1577 3986 1699 4068 aperto
1718 3973 1839 4046 oodioe

358 4096 456 4166 verbi
492 4097 600 4188 gratia
635 4097 716 4171 illud
752 4098 825 4168 sive
860 4095 939 4165 illud
976 4095 1159 4188 capitulum
1193 4096 1282 4166 scire
1315 4097 1464 4167 volueris
1492 4096 1587 4166 cuius
1621 4097 1762 4167 canonis
1788 4097 1839 4179 sit,

358 4217 471 4288 statim
499 4239 544 4286 ex
574 4217 731 4288 subiecto
766 4235 910 4286 numero
942 4215 1137 4300 doceberis,
1166 4225 1201 4285 et
1226 4237 1408 4288 recurrens
1435 4217 1480 4287 od
1507 4216 1670 4310 principia
1704 4218 1736 4287 in
1763 4215 1839 4310 qui-

353 4337 424 4408 bus
450 4358 620 4408 canonum
648 4347 702 4407 est
729 4337 890 4407 distincta
914 4336 1105 4428 congeries,
1134 4335 1331 4429 eodemque
1364 4337 1479 4410 statim
1511 4357 1645 4407 canone
1671 4357 1718 4406 ex
1746 4338 1840 4408 titulo

356 4459 477 4558 frontis
505 4458 643 4528 invento
670 4457 760 4526 illum
788 4479 892 4550 quem
919 4455 1117 4548 quaerebas
1143 4479 1323 4528 numerum
1343 4457 1499 4529 eiusdem
1520 4457 1755 4548 evangelistae
1783 4459 1838 4551 qui

359 4589 394 4648 et
420 4581 495 4672 ipse
523 4599 567 4648 ex
597 4577 817 4670 inscriptione
843 4577 998 4668 signatur
1023 4577 1188 4662 invenies,
1216 4589 1321 4670 atque
1347 4601 1369 4649 e
1394 4577 1516 4662 vicinia
1544 4587 1739 4647 ceterorum
1759 4589 1838 4649 -tra-

358 4699 496 4770 mitibus
528 4697 691 4791 inspectis
725 4719 814 4790 quos
848 4719 1011 4768 numeros
1046 4718 1066 4768 e
1102 4699 1244 4791 regione
1275 4697 1429 4769 habeant
1461 4697 1662 4782 adnotabis;
1695 4707 1730 4770 m
1763 4721 1839 4768 eum

360 4819 487 4902 scieris,
513 4837 674 4888 recurres
702 4819 747 4888 ad
773 4819 945 4889 volumina
973 4817 1201 4909 singulorum,
1229 4827 1265 4888 et
1291 4819 1364 4889 sine
1391 4841 1489 4890 mora
1516 4819 1664 4913 repertis
1690 4819 1841 4889 numeris

362 4957 450 5030 quos
477 4947 555 5009 ante
583 4939 785 5029 signaveras
816 4939 998 5033 repperies
1031 4927 1066 5007 et
1093 4939 1169 5008 loca
1203 4939 1236 5008 in
1260 4938 1387 5030 quibus
1412 4940 1468 5010 vel
1495 4939 1621 5010 eadem
1648 4929 1703 5008 v'el
1730 4939 1840 5036 vicina

361 5059 529 5129 dixerunt.
581 5059 675 5151 Opto
702 5071 738 5128 ut
765 5059 797 5128 in
825 5059 958 5130 Christo
984 5060 1104 5130 valeas
1131 5068 1166 5128 et
1192 5058 1388 5130 memineris
1416 5061 1492 5144 mei,
1521 5081 1613 5154 papa
1630 5058 1841 5130 beatissime.

951 5311 1258 5326 *Q
