4220 6124
738 431 919 496 EPISTULA
944 432 997 496 AD
1023 431 1248 496 CORINTHIOS
1273 431 1294 494 l.
1675 421 1748 504 273

271 642 482 716 indeserto.
534 629 615 688 “⁴⁸³
632 639 729 712 ilaec
761 647 875 710 autem
908 639 943 709 in
975 635 1085 730 figura
1116 635 1206 707 iacta
1231 643 1311 706 suut
1336 635 1460 723 nostri,
1487 645 1619 711 utnon
1644 637 1752 710 simus

273 763 558 858 concupiscentes
583 761 684 846 mala,
711 758 799 830 sicut
825 768 861 830 et
885 757 930 830 illi
956 755 1223 852 concupierunt.¹
1262 747 1418 850 'Neque
1448 757 1650 832 idololatrae
1676 759 1752 832 effi-

273 883 417 969 ciamini,
444 881 533 953 sicut
558 879 700 974 quidam
727 899 774 951 ex
799 879 900 974 ipsis;
928 875 1223 974 quemadmodum
1250 874 1420 972 scriptum
1446 889 1501 951 est
1525 879 1622 953 Sedit
1638 901 1752 977 popu-

272 1007 326 1076 lus
351 1001 562 1076 manducare
594 1007 636 1071 et.
658 999 795 1086 bibere,
831 1008 866 1072 et
897 1007 1122 1072 surrexerunt
1152 997 1284 1070 ludere.
1337 990 1505 1094 8'Neque
1536 1001 1752 1088 fornicemur,

273 1125 360 1196 sicut
387 1122 526 1218 quidam
553 1141 601 1193 ex
625 1121 709 1215 ipsis
734 1119 890 1194 fornicati
916 1129 995 1193 sunt
1020 1128 1056 1191 et
1082 1117 1281 1192 caeciderunt
1304 1139 1377 1192 una
1394 1120 1452 1193 die
1468 1121 1580 1193 XXlll.
1606 1113 1753 1217 ⁹Neque
1793 1117 1795 1122 ’

273 1253 480 1338 temptemus
506 1241 685 1327 Christum,
712 1240 800 1312 sicut
825 1239 964 1334 quidam
991 1261 1113 1313 eorum
1139 1247 1395 1334 temptaveumt
1426 1251 1462 1314 et
1488 1263 1509 1316 a
1534 1245 1752 1337 serpentibus

273 1364 458 1460 perienmt.
509 1355 535 1402 ⁴⁰
551 1361 673 1456 Neque
699 1360 1001 1446 murmuraveritis,
1028 1359 1116 1432 sicut
1141 1360 1280 1454 quidam
1306 1383 1429 1434 eorum
1454 1373 1752 1436 murmuraverunt

274 1497 310 1558 et
334 1477 510 1580 perierunt
542 1484 586 1555 ab
621 1481 898 1555 exterminatore.
949 1471 972 1518 ⁴¹
989 1470 1038 1529 ‘⁴⁰¹
1051 1479 1148 1552 Haec
1180 1489 1295 1553 autem
1330 1481 1445 1554 omnia
1470 1481 1640 1576 infigura
1666 1507 1749 1556 con-

272 1605 450 1699 tingebant
474 1603 547 1690 illis,
574 1604 702 1698 scripta
727 1611 807 1674 sunt
832 1611 948 1674 autem
966 1599 1012 1672 ad
1035 1601 1290 1696 correptionem
1306 1611 1470 1688 nostram,
1496 1601 1637 1697 inques
1662 1603 1750 1676 fines

273 1727 491 1799 saeculorum
517 1724 739 1796 devenerunt.
777 1713 803 1758 ¹¹
815 1723 932 1814 ltaque
958 1721 1016 1814 qui
1042 1743 1082 1794 se
1108 1721 1280 1795 existimat
1296 1732 1398 1809 stare,
1424 1721 1611 1796 videatne
1637 1724 1749 1797 cadat.

273 1837 300 1884 ⁴³
312 1845 506 1939 Temptatio
535 1865 601 1916 vos
632 1864 703 1915 non
738 1841 978 1937 adprehendat
1010 1841 1076 1913 nisi
1107 1841 1265 1916 bumana.
1298 1831 1350 1890 (⁴⁷)
1362 1840 1487 1916 Fidelis
1519 1853 1635 1916 autem
1661 1843 1749 1918 deus

275 1975 343 2051 est,
369 1964 427 2058 qui
453 1960 542 2036 'non
566 1963 713 2058 patietur
745 1983 812 2035 vos
845 1961 1003 2058 temptari
1036 1983 1141 2057 super
1174 1963 1211 2035 id
1241 1960 1337 2058 quod
1373 1963 1529 2058 potestis,
1557 1965 1622 2038 sed
1648 1967 1750 2039 faciet

274 2107 353 2157 cum
379 2085 603 2179 temptatione
629 2084 732 2156 etiam
757 2093 972 2178 proventum,
998 2091 1036 2154 ut
1061 2082 1201 2176 possitis
1226 2083 1405 2156 sustinere.
1444 2072 1627 2180 “Propter
1643 2087 1747 2180 quod,

275 2205 440 2278 carissimi
466 2203 556 2292 mibi,
581 2203 687 2298 sugite
713 2203 757 2275 ab
783 2201 955 2276 idolorum
981 2203 1121 2276 cultura.
1173 2195 1267 2251 W)
1284 2203 1327 2275 Ut
1355 2203 1582 2298 prudentibus
1607 2207 1747 2301 loquor:

274 2349 340 2399 vos
372 2325 521 2398 iudicate
557 2323 652 2417 quod
684 2322 773 2396 dice.
824 2317 851 2362 ¹⁸
868 2323 961 2396 Calix
996 2323 1246 2396 benedictionis
1280 2323 1334 2396 oui
1364 2323 1602 2398 benedicimus
1633 2347 1747 2400 noune

275 2445 537 2518 communicatio
564 2443 738 2538 sanguinis
765 2443 884 2515 Christi
910 2445 987 2515 est‘l
1013 2445 1056 2516 Et
1080 2443 1179 2538 panis
1206 2463 1310 2538 quem
1326 2443 1515 2538 frangimus
1531 2467 1645 2519 nonne
1662 2469 1774 2542 par-⁴

273 2565 423 2660 tioipatio
451 2564 607 2658 corporis
635 2563 763 2637 domini
789 2565 869 2636 est‘l
911 2556 937 2600 ’Ὗ
955 2563 1124 2650 Quoniam
1148 2585 1237 2636 unus
1253 2565 1360 2660 panis,
1387 2587 1492 2638 unum
1510 2587 1638 2661 corpus
1654 2569 1748 2639 mrrlti

275 2707 409 2772 sumus,
444 2707 637 2780 omnesque
669 2684 716 2758 de
747 2705 816 2756 uno
849 2705 939 2778 pane
971 2684 1222 2780 participamm.
1275 2674 1364 2734 W)
1381 2685 1504 2758 Videte
1533 2687 1662 2760 Israhel
1688 2709 1747 2760 se-

274 2807 423 2879 cundum
442 2828 595 2879 carnem:
622 2825 737 2877 nonne
760 2803 819 2898 qui
844 2803 951 2877 edunt
976 2803 1107 2876 hostias
1131 2803 1318 2900 participes
1341 2815 1420 2878 sunt
1436 2805 1576 2879 altaris?
1618 2801 1645 2847 ⁴⁹
1658 2809 1748 2896 Quid

274 2949 361 3021 ergo
388 2927 493 3000 dico?
526 2926 623 3021 quod
648 2925 749 3000 idolis
774 2924 985 2997 immolatum
1018 2923 1063 2996 sit
1088 2923 1228 3018 aliquid,
1256 2932 1316 2996 aut
1340 2923 1436 3017 quod
1461 2925 1591 2999 idolum
1616 2929 1660 3002 sit
1685 2929 1747 3001 ali-

275 3046 381 3140 quid‘l
423 3040 451 3086 ’³
467 3046 538 3119 Sed
571 3067 662 3141 quae
694 3046 872 3117 immolant
902 3053 1023 3137 gentes
1057 3043 1249 3117 daemoniis
1280 3043 1458 3116 immolant
1487 3055 1522 3118 et
1554 3067 1625 3120 nou
1658 3049 1745 3122 deo:

274 3167 355 3238 nolo
383 3173 499 3238 autem
523 3187 590 3237 vos
616 3165 733 3237 socios
757 3163 832 3236 fieri
857 3163 1127 3236 daemoniorum.
1179 3156 1204 3202 ²¹
1222 3164 1300 3238 Non
1334 3165 1479 3259 potestis
1510 3165 1653 3239 calicem
1678 3167 1745 3240 do-

274 3285 356 3356 mini
380 3283 503 3355 bibere
528 3293 564 3356 et
588 3285 731 3357 calicem
756 3282 1027 3370 daemoniorum,
1052 3305 1123 3356 nou
1147 3283 1294 3376 potestis
1318 3305 1460 3356 mensae
1486 3283 1614 3358 domiui
1638 3288 1746 3382 parti·

275 3405 371 3499 cipes
398 3423 478 3475 esse
504 3411 540 3473 et
563 3411 707 3476 mensae
733 3403 1003 3476 daemoniorum.
1055 3395 1081 3442 ¹³
1096 3400 1151 3473 An
1183 3403 1394 3508 aemulemur
1419 3403 1619 3477 dominum
1645 3429 1746 3478 num-

275 3523 359 3618 quid
388 3523 547 3596 lortiores
578 3523 635 3596 illo
665 3527 814 3598 sumus‘l
855 3514 883 3562 ²³
899 3522 1022 3594 Omnia
1050 3522 1168 3608 licem,
1202 3521 1267 3595 sed
1299 3545 1369 3596 non
1401 3524 1516 3598 omnia
1541 3525 1728 3621 expediunt
1737 3553 1750 3612 ε,

275 3645 390 3717 omnia
414 3644 526 3730 licent,
553 3643 618 3716 sed
643 3667 714 3718 non
741 3645 856 3718 omniu
881 3641 1073 3716 aedificant.
1108 3629 1135 3680 ¹⁴
1151 3643 1263 3714 Nemo
1289 3643 1385 3738 quod
1411 3665 1510 3718 suum
1535 3639 1610 3717 'est
1634 3667 1744 3738 quae-

273 3775 336 3851 rat,
369 3763 433 3836 sed
469 3763 564 3858 quod
596 3765 744 3838 altadus.
795 3754 886 3814 Μ)
904 3763 1015 3835 Omne
1046 3761 1141 3855 quod
1174 3761 1209 3832 iu
1241 3765 1385 3836 macello
1412 3765 1505 3838 venit
1529 3764 1744 3852 manducate,

273 3883 355 3957 nibil
388 3881 639 3977 interrogantes
671 3893 817 3982 propter
850 3883 1104 3956 conscientiam.
1154 3872 1181 3920 ¹⁸
1196 3882 1332 3955 Domini
1363 3893 1418 3956 est
1448 3895 1540 3957 terra
1571 3895 1607 3958 et
1635 3887 1744 3984 pleni-

273 4004 358 4078 tudo
385 4003 469 4077 eius.
519 3995 604 4054 ”³¹¹
622 4007 658 4078 Si
691 4005 768 4100 quis
792 4019 898 4078 vocat
920 4025 987 4077 vos
1018 4002 1203 4076 infidelium
1235 4013 1271 4075 et
1295 4003 1396 4076 vultis
1427 4006 1493 4091 ire,
1520 4027 1624 4079 omne
1650 4007 1745 4102 quod

272 4124 375 4196 vobis
401 4123 584 4218 adponitur
610 4126 824 4211 manducate,
849 4123 931 4197 nihil
947 4125 1197 4222 interrogantes
1222 4131 1366 4218 propter
1391 4124 1652 4199 conscientiam:
1676 4118 1744 4199 ¹'si

273 4244 350 4338 quis
375 4253 489 4316 autem
515 4243 641 4319 dixerb
664 4247 741 4320 lloc
765 4243 1006 4318 'immolatitum
1032 4255 1090 4319 est
1109 4243 1219 4330 idolis,
1246 4244 1351 4316 nolite
1375 4245 1585 4320 manducare
1601 4239 1745 4342 propter

273 4364 366 4435 illum
392 4363 449 4457 qui
473 4363 634 4438 indicavit
664 4377 699 4439 et
730 4375 874 4463 propter
905 4367 1157 4440 conscientiam.
1206 4356 1492 4438 ”Conscientiam
1524 4375 1638 4440 autem
1664 4367 1743 4440 dico

273 4505 344 4556 non
369 4492 460 4556 tuam
489 4485 553 4558 sed
578 4487 732 4558 alterius:
758 4495 797 4558 ut
822 4485 904 4579 quid
929 4486 1021 4558 enim
1045 4485 1187 4558 iheum
1212 4505 1294 4558 mea
1318 4485 1485 4558 iudicatur
1510 4487 1556 4559 ab
1575 4485 1639 4560 alia
1657 4507 1751 4558 oon-7

274 4603 439 4676 edentia?
481 4597 509 4644 ³⁰
525 4605 560 4677 Si
585 4627 650 4700 ego
677 4627 755 4677 cum
781 4607 890 4699 gratia
914 4605 1100 4700 participo,
1133 4604 1216 4697 quid
1239 4605 1463 4700 blasphemor
1486 4625 1551 4702 pro
1578 4627 1622 4679 eo
1648 4605 1745 4700 quod

273 4724 400 4817 gratias
425 4728 519 4817 agol
570 4717 593 4764 ³¹
609 4716 661 4772 θ’)
678 4727 759 4798 Sive
786 4747 872 4819 ergo
897 4725 1113 4798 munducatis
1139 4725 1214 4796 sive
1238 4723 1354 4796 bibitis
1384 4728 1442 4799 vel
1474 4727 1556 4800 aliut
1581 4726 1665 4822 quid
1688 4729 1741 4800 ia-

273 4844 361 4932 citis,
389 4845 504 4918 omnia
534 4846 570 4917 in
600 4839 763 4939 ‘gloriam
797 4846 855 4918 dei
886 4847 996 4919 tacite.
1046 4835 1073 4883 ³²
1089 4843 1170 4916 Sine
1196 4843 1386 4917 offensione
1412 4855 1525 4920 estote
1549 4847 1685 4920 ludaeis
1709 4855 1744 4920 et

272 4965 431 5058 gentibus
462 4973 497 5036 et
530 4965 699 5037 ecclesiae
734 4965 806 5053 dei;
853 4959 881 5006 ³³
896 4965 983 5038 sicut
1012 4973 1048 5036 et
1082 4983 1151 5056 ego
1183 4965 1393 5058 peremnia
1426 4965 1583 5039 omnibus
1609 4969 1740 5064 placeo,
1799 4959 1806 4968 ’

271 5107 341 5159 non
366 5068 537 5181 'merens'
562 5084 658 5180 quod
683 5085 766 5159 mibi
790 5085 872 5162 utile
897 5093 952 5156 est
977 5083 1043 5156 sed
1069 5084 1163 5178 quod
1188 5085 1311 5174 multis,
1339 5079 1485 5162 ut'salv'i
1510 5085 1600 5162 fiant.
1699 5085 1702 5092 ’

876 5205 917 5291 Χ,
945 5207 968 5276 6
997 5243 1043 5260 -
1073 5207 1131 5278 33.
1549 5205 1552 5212 '

1388 5448 1436 5518 35
