4102 6128
615 333 855 400 avanoutlun
881 331 1087 395 SECUNDUM
1114 333 1325 400 ttawttsstttt
1670 345 1717 414 35

217 536 297 614 lllt
327 540 385 613 illa
417 540 629 634 praemonita
662 560 683 610 a
718 547 830 610 matre
866 555 930 608 sua
964 535 1019 604 Da
1051 511 1151 622 mibi,
1189 539 1318 632 inquit,
1346 544 1404 616 hic
1429 546 1465 617 iu
1491 547 1592 621 disco
1619 563 1723 648 caput

220 662 383 736 lobannis
408 661 586 756 baptistae.
636 653 704 731 ⁹llt
730 656 952 732 contristatus
980 662 1034 724 est
1059 673 1142 739 rex3
1173 671 1327 753 prepter
1353 665 1585 742 iuramentum
1607 681 1722 746 autem

222 795 260 856 et
284 803 349 854 eos
377 781 434 874 qui
458 781 586 874 pariter
610 778 863 852 recumbebant
887 774 989 846 iussit
1014 771 1096 855 dari,
1152 766 1185 812 ¹⁰
1201 779 1367 875 misitque
1394 795 1430 856 et
1456 787 1641 866 decollavit
1664 795 1722 866 lc-

222 906 389 992 hannem.
403 901 437 974 in
463 921 611 972 carcere.
662 893 685 937 ¹¹
700 901 743 972 Et
777 899 919 970 allatum
948 901 1004 966 est
1030 901 1133 984 caput
1165 895 1251 970 eius
1277 901 1312 972 in
1338 903 1437 977 disco
1463 918 1498 980 et
1524 911 1641 984 datum
1668 925 1723 986 est

220 1023 370 1120 puellae,
398 1029 433 1090 et
457 1021 530 1092 tulit
554 1021 652 1092 matri
678 1041 771 1092 snae.
820 1008 856 1055 '⁴'
870 1017 915 1088 tlt
941 1011 1155 1087 accedentes
1194 1015 1350 1115 discipuli
1377 1025 1451 1098 aius
1469 1031 1616 1104 tulerunt
1639 1057 1718 1107 cor.

220 1166 289 1240 pus
324 1151 362 1213 ot
394 1141 602 1235 sepelienmt
633 1140 730 1225 illud,
759 1149 794 1210 et
832 1138 1013 1210 venientes
1044 1130 1298 1211 nuntiaverunt
1328 1143 1415 1216 Iesu.
1468 1139 1493 1186 ⁴³
1506 1139 1596 1200 (Μ)
1614 1155 1716 1238 Quod

220 1285 301 1338 cum
330 1259 486 1333 audisset
511 1261 615 1346 lesus,
642 1257 788 1332 secessit
822 1257 905 1331 inde
941 1257 978 1328 in
1011 1253 1174 1330 navicula
1209 1261 1243 1330 in
1270 1263 1383 1333 locum
1409 1265 1585 1340 desertum
1612 1294 1712 1343 seor-

219 1405 314 1467 sum;
343 1389 486 1454 etcum
521 1379 697 1452 audissent
722 1379 865 1463 turbae,
894 1389 1037 1451 secutae
1062 1385 1140 1450 sunt
1170 1401 1250 1451 oum
1275 1381 1458 1474 pedestres
1492 1387 1538 1458 de
1564 1391 1710 1462 civitati-
1747 1469 1754 1482 ¹

217 1507 293 1577 bua
335 1489 679 1574 “tremescat
710 1498 849 1568 turbam
885 1501 1045 1586 mmmm,
1080 1509 1115 1572 et
1142 1502 1304 1574 misertus
1331 1513 1385 1574 est
1416 1506 1490 1576 eius
1517 1516 1553 1598 et
1579 1511 1709 1580 curavit

216 1619 398 1716 languidos
426 1643 561 1692 eorum.
613 1607 741 1666 ¹⁵<¹⁴⁷’'‘)
754 1618 915 1712 Vespere
942 1629 1056 1694 autem
1087 1623 1179 1694 lacto
1213 1634 1434 1694 accesserunt
1465 1625 1511 1696 ad
1546 1647 1625 1698 eum
1651 1628 1737 1698 di-.

216 1742 336 1840 scipuli
362 1741 443 1815 eius
474 1740 631 1812 dicentes
656 1739 823 1808 Desertus
857 1751 914 1812 est
939 1741 1053 1828 locus,
1088 1753 1124 1814 et
1149 1743 1236 1814 bora
1261 1742 1329 1812 iam
1355 1745 1548 1838 praeteriit:
1575 1745 1706 1818 dimitte

217 1868 346 1950 turbas,
371 1873 411 1936 ut
442 1870 568 1934 euntes
595 1859 629 1928 in
663 1857 801 1928 castolla
829 1871 950 1932 emant
983 1863 1047 1934 sibi
1073 1883 1184 1934 cacas.
1237 1853 1263 1898 ¹⁶
1278 1863 1373 1938 lesus
1398 1874 1513 1936 autem
1542 1865 1627 1936 dixit
1652 1867 1705 1937 eis

216 1993 294 2064 Non
319 1983 458 2057 babent
484 1999 633 2051 necesse
658 1978 724 2048 ira:
757 1976 840 2049 date
877 1980 942 2054 illis
977 2005 1041 2055 vos
1072 1981 1290 2054 manducare.
1343 1977 1645 2076 ⁴⁷llespoudemnt
1671 1987 1705 2056 ei

216 2114 294 2185 Non
318 2105 500 2178 habemus
527 2099 582 2170 hic
608 2097 672 2168 nisi
698 2097 848 2190 quinquo
875 2123 985 2195 panes
1012 2114 1047 2176 et
1072 2102 1163 2176 duos
1188 2103 1311 2196 pisces.
1356 2098 1383 2142 ¹⁸
1400 2105 1466 2190 Qui
1493 2106 1540 2176 ait
1565 2105 1616 2176 eis
1641 2103 1703 2175 Al-

219 2238 306 2308 terte
331 2228 407 2298 illos
435 2219 522 2292 mihi
548 2219 625 2290 huc.
678 2207 757 2288 ⁴⁹ttt
787 2240 867 2292 cum
893 2222 1050 2296 iussisset
1082 2223 1217 2295 turbam
1251 2201 1472 2295 discumbere
1498 2245 1602 2318 supra
1627 2225 1703 2296 lae—

220 2375 312 2436 uum,
341 2341 497 2436 acceptis
524 2339 675 2436 quinque
708 2337 855 2430 panibus
880 2351 917 2413 ct
943 2344 1080 2443 duobus
1113 2343 1264 2437 piscibus
1298 2344 1468 2436 aspicieus
1500 2346 1535 2415 in
1568 2344 1703 2416 caelum

221 2466 419 2549 benedixit,
466 2470 501 2530 et
535 2459 638 2553 fregit
671 2467 707 2528 et
740 2455 837 2529 dedit
869 2461 1046 2558 discipulis
1076 2485 1204 2557 panes,
1242 2462 1399 2556 discipuli
1434 2471 1549 2536 autem
1583 2465 1701 2542 turbis.

221 2587 304 2664 ”ut
328 2582 628 2658 manducaverunt
654 2597 775 2650 omnes
801 2587 837 2649 et
862 2585 1004 2655 saturati
1038 2591 1124 2654 sunt.
1176 2583 1218 2654 Et
1243 2584 1390 2654 tulerunt
1415 2583 1581 2676 reliquias,
1609 2585 1702 2658 duo·
1797 2627 1799 2630 ·
1923 2659 1927 2670 .

224 2711 337 2786 decim
365 2701 532 2798 cophinos
567 2703 836 2793 fragmentorum
862 2703 996 2794 plenos.
1046 2695 1070 2742 ¹¹
1086 2703 1360 2778 Manducandum
1395 2712 1509 2775 autam
1542 2705 1603 2776 ruit
1634 2727 1702 2777 nu-

224 2851 341 2906 mema
367 2825 517 2919 qruuque
544 2821 640 2894 milia
664 2821 824 2905 mmmm,
851 2825 1011 2918 exceptis
1036 2824 1234 2896 mulieribus
1261 2833 1296 2894 et
1320 2825 1479 2916 parvulis.
1518 2815 1546 2862 ²²
1559 2811 1646 2871 (ω)
1659 2824 1704 2896 Et

227 2953 340 3026 statim
366 2943 465 3019 iussit
497 2941 688 3038 discipules
721 2939 915 3016 ascendere
940 2945 975 3014 in
1000 2944 1156 3016 naucula
1182 2951 1217 3014 et
1248 2945 1464 3036 praecedere
1496 2965 1574 3018 eum
1606 2953 1702 3018 trans

228 3077 368 3155 fretum,
402 3065 516 3138 donec
552 3061 738 3136 dimitteret
769 3062 898 3136 turbas.
949 3055 1041 3110 ”lm
1049 3055 1081 3112 ²)
1093 3065 1137 3136 Et
1170 3062 1310 3136 dimissa
1349 3065 1449 3136 turba
1482 3064 1638 3136 ascendit
1667 3066 1702 3139 in

229 3202 382 3266 montem
409 3186 503 3257 solus
529 3205 640 3256 orare.
681 3173 768 3229 (Μ)
793 3183 948 3277 Vespere
975 3192 1087 3255 autem
1114 3185 1203 3254 lacto
1229 3182 1324 3252 solus
1350 3193 1425 3254 erat
1449 3184 1505 3255 ibi.
1557 3173 1700 3256 '‘Navi-

231 3313 307 3386 cula
339 3317 454 3382 autem
487 3303 522 3373 in
557 3303 673 3376 medio
707 3301 792 3372 mari
828 3302 1019 3376 iactabatm
1055 3301 1227 3374 fluctibus:
1263 3284 1348 3371 erat¹
1377 3303 1469 3374 enim
1509 3305 1699 3376 conterius
1769 3314 1774 3323 '

230 3441 382 3505 vontus.-
414 3419 443 3464 ἦ
456 3427 586 3510 Quarta
611 3431 723 3494 autem
741 3421 856 3514 vigilia
881 3423 991 3496 noctis
1016 3421 1108 3492 venit
1132 3421 1177 3493 ad
1195 3439 1257 3491 eos
1274 3421 1453 3494 ambulans
1471 3443 1575 3516 supra
1591 3443 1698 3496 mare.

230 3543 258 3590 ¹⁵
273 3551 316 3622 llt
340 3545 501 3620 videntes
528 3565 607 3616 eum
641 3561 745 3635 supra
777 3561 874 3616 mare
901 3543 1130 3616 ambulantem
1164 3540 1287 3612 turbati
1300 3527 1408 3629 sunt,
1436 3544 1592 3618 dicentes
1618 3546 1699 3639 quia

231 3669 435 3764 phantasma
462 3674 528 3749 est,
556 3674 592 3734 et
622 3683 707 3756 praa
733 3663 856 3734 umore
891 3664 1131 3734 clamaverunt.
1181 3653 1413 3757 ”Statimque
1443 3664 1538 3737 lesus
1563 3666 1698 3739 locutus

231 3799 288 3861 ost
312 3788 364 3859 eis
390 3786 508 3858 dicens
525 3785 659 3856 Habete
684 3782 859 3856 fiduciam:
887 3805 954 3878 ego
980 3805 1066 3869 sum,
1092 3784 1197 3856 nolite
1221 3781 1352 3854 timere.
1383 3776 1410 3822 ³
1423 3775 1525 3834 (Μ)
1538 3787 1698 3882 Respon-

233 3909 321 3982 dens
348 3916 463 3979 autem
489 3905 610 3976 Petrus
636 3902 723 3976 dixit
747 3904 900 3991 Domine,
927 3905 957 3976 si
983 3913 1020 3977 tu
1045 3926 1093 3990 es,
1120 3906 1201 3977 iube
1226 3905 1283 3974 me
1313 3905 1432 3976 venire
1458 3906 1505 3977 ad
1532 3917 1566 3978 te
1593 3929 1697 4002 super

188 4049 195 4064 ·
233 4049 350 4122 aquas.
376 4019 403 4066 ⁹
418 4025 464 4097 At
486 4025 562 4119 ipse
585 4025 633 4095 ait
655 4023 749 4096 Veni.
775 4024 818 4096 llt
848 4023 1065 4096 descendens
1089 4025 1210 4097 Petrus
1239 4021 1286 4096 de
1318 4025 1475 4096 naucula
1499 4029 1698 4101 ambulabat

232 4167 474 4244 superaquam
499 4155 538 4218 ut
560 4145 693 4217 veniret
710 4146 755 4218 ad
773 4146 894 4218 lesum.
919 4135 947 4182 ³⁰
958 4144 1083 4218 Videas
1099 4167 1186 4220 vero
1202 4155 1341 4218 ventum
1358 4145 1509 4218 validum
1526 4147 1642 4234 timuit
1661 4156 1697 4219 et

204 4350 209 4362 ,
233 4291 310 4341 cum
329 4268 502 4362 coepisset
518 4267 675 4358 mergam,
693 4265 850 4337 clamavit
866 4263 986 4336 dicens
1002 4267 1157 4352 Domine,
1171 4267 1302 4339 saluum
1320 4289 1378 4338 me
1395 4267 1457 4340 lac.
1484 4261 1507 4306 θ’
1525 4267 1568 4338 Et
1585 4267 1695 4339 conti-

232 4411 301 4462 nuo
317 4389 412 4460 lesus
429 4387 622 4460 extendens
639 4407 776 4458 manum
794 4383 1022 4479 apprehendit
1034 4405 1122 4471 aum,
1141 4397 1177 4458 et
1189 4387 1235 4458 ait
1250 4386 1295 4458 illi
1312 4388 1469 4461 Modicae
1482 4387 1572 4473 fidei,
1587 4407 1695 4480 quare

233 4509 417 4583 dubitasti?
443 4500 469 4546 ³²
482 4499 569 4556 (Μ)
582 4508 625 4578 Et
641 4529 719 4578 cum
738 4504 974 4577 ascendissent
989 4505 1023 4575 in
1040 4506 1240 4590 naviculam,
1268 4509 1416 4581 cessavit
1432 4517 1563 4580 ventus.
1593 4499 1694 4591 ”Qui

233 4641 347 4702 autem
363 4630 398 4700 iu
409 4628 565 4701 navicula
582 4635 680 4699 erant
691 4633 858 4697 venerunt
869 4634 905 4697 et
922 4625 1152 4698 adoraverunt
1164 4647 1242 4698 eum
1260 4627 1414 4700 dicentes
1427 4629 1515 4698 Vere
1532 4625 1619 4698 lilius
1637 4625 1694 4697 dei

232 4773 282 4824 es.
316 4739 344 4788 ³⁸
355 4739 444 4798 (ω)
457 4749 500 4820 Et
516 4769 593 4820 cum
611 4747 895 4831 transiretassent
919 4755 1085 4818 venerunt
1101 4747 1135 4816 in
1152 4758 1276 4818 terram
1301 4747 1485 4820 Gennesar.
1518 4739 1546 4784 ³⁵
1557 4747 1600 4817 Et
1616 4767 1694 4816 cum

233 4871 477 4966 cognovissent
501 4889 579 4940 eum
603 4867 667 4939 viri
691 4867 758 4938 loci
775 4868 874 4952 illius,
901 4867 1066 4940 miserrmt
1081 4867 1116 4937 in
1131 4865 1326 4938 universam
1343 4867 1521 4962 regiomm
1544 4866 1644 4950 illam,
1663 4875 1698 4938 et

232 4989 482 5088 optulenmt·'ei
508 5009 629 5060 omues
652 4987 944 5074 malababentes,
975 4979 1001 5026 ὅ
1014 4997 1049 5059 et
1073 4987 1241 5080 rogabant
1275 5009 1354 5060 eum
1389 4997 1426 5060 ut
1447 4987 1504 5060 vel
1528 4985 1696 5058 fimbriam

232 5110 424 5186 vestimenti
439 5103 522 5182 'aius
546 5118 738 5204 tangerent:
774 5117 810 5180 et
833 5109 1038 5203 quicumque
1063 5107 1245 5200 tetigerunt
1268 5110 1352 5182 salui
1377 5109 1455 5182 lacti
1482 5117 1569 5182 sunt.

789 5229 870 5315 xlv,
899 5231 920 5301 8
976 5269 1021 5281 -
1078 5231 1135 5301 36.
1188 5273 1191 5278 ·

1338 5356 1358 5425 5
1375 5354 1396 5399 d*
