4102 6128
523 1423 890 1530 Evandriana
937 1423 1245 1526 SECUNDUM
1291 1425 1635 1526 MATTHEUM.

414 1909 423 1950 ¹
454 1906 519 1959 Μ)
547 1903 658 2002 Linea
685 1920 918 2015 generationis
945 1921 1020 1994 nso
1040 1922 1160 1992 onaan
1180 1921 1235 1993 orna
1254 1922 1366 1994 David
1386 1922 1442 1992 arni
1459 1922 1647 1994 somnam.
1681 1915 1820 1996 *aora-

336 2055 416 2123 ham
445 2047 562 2140 genuit
587 2047 694 2128 isaac,
722 2044 820 2112 isaao
854 2051 968 2112 autem
997 2041 1115 2132 genuit
1141 2041 1255 2125 Iacob,
1283 2043 1387 2112 iacob
1416 2051 1530 2114 autem
1557 2041 1674 2133 genuit
1700 2038 1819 2110 indam

337 2181 372 2242 et
398 2171 520 2240 iratres
547 2167 630 2236 eins.
682 2157 815 2232 ³iudas
841 2172 956 2231 aotam
984 2161 1102 2252 genuit
1115 2160 1245 2230 Pharos
1272 2170 1307 2230 et
1331 2162 1442 2234 Zarad
1470 2160 1516 2231 de
1544 2161 1701 2245 Thamar,
1729 2159 1819 2230 Pha-

338 2311 395 2361 res
422 2298 536 2360 autern
564 2284 682 2376 genuit
707 2281 841 2362 Esrom,
868 2281 991 2350 Esrom
1019 2289 1134 2350 autem
1162 2281 1279 2369 genuit
1304 2281 1427 2366 Aram,
1455 2269 1585 2350 ‘hrono
1613 2289 1729 2351 autern
1757 2301 1821 2372 ge·

337 2411 409 2481 nuit
435 2405 640 2486 Aminadah
673 2400 867 2472 Aminadab
896 2410 1010 2472 autern
1039 2399 1156 2490 genuit
1182 2400 1351 2485 Naasson,
1378 2401 1537 2472 Nnasson
1564 2410 1678 2471 autem
1707 2399 1823 2491 genuit

337 2532 487 2612 Salmom
539 2517 708 2596 ⁵satmon
735 2530 850 2591 autern
878 2519 996 2611 genuit
1021 2519 1116 2588 Booz
1144 2517 1189 2586 de
1216 2518 1342 2603 Racob,
1370 2521 1465 2590 Booz
1492 2519 1609 2610 genuit
1636 2519 1750 2590 Obeth
1776 2541 1822 2590 en

336 2630 435 2732 Ruth,
462 2645 578 2717 Obeth
596 2651 710 2714 autem
730 2641 847 2732 genuit
872 2641 976 2720 lesse,
1001 2639 1095 2708 iesse
1114 2647 1229 2710 autem
1257 2639 1374 2729 genuit
1391 2638 1502 2709 David
1530 2660 1660 2730 regem.
1685 2632 1823 2712 ⁶David

338 2779 452 2840 antem
479 2787 542 2835 rex
572 2761 689 2855 genuit
716 2761 938 2830 Salomonem
966 2778 1013 2826 ex
1047 2778 1090 2826 ea
1118 2779 1208 2848 quae
1235 2758 1296 2828 hrit
1323 2757 1432 2840 Uriae,
1485 2751 1680 2830 ⁷satomon
1707 2765 1821 2828 autam

339 2887 456 2982 genuit
473 2885 642 2966 Roboam,
656 2879 814 2950 Roboam
829 2885 943 2947 autem
963 2875 1081 2966 gennit
1098 2875 1233 2960 Abiam,
1253 2877 1341 2948 Abia
1356 2887 1470 2948 antem
1489 2877 1606 2967 genuit
1624 2877 1704 2962 Asa,
1731 2871 1821 2950 “Asa

339 3017 454 3078 autern
483 3002 601 3096 genuit
625 2997 797 3090 iosaphat,
826 2995 988 3086 iosaphat
1014 3005 1130 3066 auteur
1158 2997 1275 3086 genuit
1292 2999 1415 3080 loram,
1442 2997 1554 3068 iorem
1573 3007 1688 3068 autem
1706 2998 1823 3090 gennit

340 3126 468 3208 oniam,
521 3114 655 3191 ⁹Ozias
693 3127 808 3188 antem
843 3116 960 3206 gennit
996 3115 1160 3192 ioatham,
1201 3117 1354 3187 inatham
1396 3126 1511 3187 autem
1545 3119 1663 3207 genuit
1697 3119 1822 3202 hohaz,

340 3245 455 3316 hohan
483 3250 598 3312 autem
627 3235 744 3330 genuit
769 3233 962 3316 Ezechiam,
1006 3225 1032 3268 ¹⁰
1045 3234 1212 3324 Ezechias
1239 3245 1355 3306 autem
1383 3236 1500 3326 genuit
1517 3238 1722 3322 Manassem,
1749 3237 1823 3308 hia·
1909 3231 1913 3238 ’

338 3385 462 3436 nasses
489 3371 604 3431 autem
631 3355 748 3449 genuit
774 3354 896 3437 Annon,
924 3353 1036 3423 Arnon
1064 3365 1179 3425 autem
1208 3355 1326 3446 genuit
1351 3355 1485 3440 losianr,
1529 3348 1551 3396 ¹¹
1571 3357 1681 3428 iosias
1709 3368 1822 3428 autern

339 3483 457 3577 genuit
481 3478 677 3550 lechoniam
705 3485 740 3546 et
766 3477 890 3544 fratres
909 3475 983 3544 eius
1001 3473 1033 3544 in
1053 3475 1389 3565 transmigrationem
1407 3475 1602 3568 Babylonis.
1648 3470 1728 3547 ''Et
1746 3487 1824 3570 post

340 3599 675 3692 transmigrationem
687 3593 875 3687 Babylonis
890 3593 1069 3664 lechonias
1083 3594 1381 3686 genuitSalathiei,
1396 3595 1559 3667 Saiothiel
1578 3607 1694 3666 antem
1710 3598 1826 3689 genuit

339 3720 544 3802 Zorohahei,
571 3707 598 3752 ⁴³
610 3714 804 3786 Zorobabel
824 3723 937 3784 autom
958 3713 1076 3804 genuit
1093 3713 1222 3798 Abinna,
1248 3713 1362 3784 Abiud
1382 3725 1499 3786 autem
1516 3715 1634 3806 genuit
1651 3715 1824 3800 Eliaohim‚

339 3839 502 3912 Etiaohim
531 3847 645 3906 autem
673 3833 791 3926 genuit
815 3831 917 3916 Azor,
970 3825 996 3872 ⁴⁸
1014 3837 1102 3903 hzor
1128 3845 1243 3906 autern
1271 3835 1388 3924 genuit
1414 3835 1565 3918 saddoc,
1593 3835 1736 3907 Saddoc
1763 3857 1824 3908 ao-

341 3973 411 4033 tam
448 3957 564 4050 genuit
595 3953 733 4036 Aehim‚
768 3951 889 4022 thim
924 3962 1040 4022 autem
1076 3953 1193 4043 genuit
1227 3953 1334 4037 Eiitrd,
1388 3945 1530 4026 15ΕΙίιιά
1561 3965 1676 4026 autem
1710 3957 1825 4048 genuit

341 4083 500 4160 Eleazar,
536 4077 681 4145 Eleazar
717 4081 833 4142 autem
866 4072 983 4160 gennit
1015 4073 1183 4157 Matthan,
1231 4072 1383 4144 Matthan
1411 4083 1527 4144 autom
1563 4075 1681 4165 genuit
1712 4077 1826 4160 iacob,

250 4203 258 4222 '
340 4193 629 4270 ¹⁶1aoobautem
658 4190 1063 4282 genuitlosephvirom
1090 4193 1233 4274 Mariae,
1273 4192 1318 4261 de
1345 4215 1413 4283 qua
1440 4203 1541 4264 natm
1567 4205 1621 4265 est
1646 4195 1744 4266 lesos
1771 4196 1827 4288 qui

342 4329 486 4410 voeatur
519 4313 681 4385 Christus.
735 4301 847 4356 ¹⁷‘²‘¹⁰·¹
866 4309 995 4380 Omnes
1029 4333 1115 4402 ergo
1152 4312 1396 4403 generationes
1432 4313 1478 4382 ab
1511 4313 1688 4386 Abraham
1716 4337 1827 4408 usque

343 4441 388 4512 ad
415 4434 528 4510 David
562 4430 807 4523 generationes
842 4429 1137 4522 quattuordecim,
1165 4442 1201 4502 et
1227 4455 1246 4503 a
1275 4431 1387 4502 David
1415 4453 1525 4523 usqua
1551 4434 1827 4525 transmigratio·

342 4581 422 4630 nem
448 4552 637 4648 Babyionis
664 4550 908 4640 generationes
936 4547 1242 4642 ’quattuordecim
1271 4561 1306 4622 et
1332 4573 1352 4620 a
1381 4552 1683 4642 transmigratione
1710 4555 1828 4648 Baby-

342 4680 430 4750 lonis
466 4693 575 4766 usque
610 4669 656 4741 ad
691 4669 859 4740 Christum
896 4671 1142 4760 generationes
1176 4668 1463 4762 quattuordecim.
1517 4662 1542 4708 ¹⁸
1560 4671 1679 4742 Christi
1714 4683 1828 4743 autem

343 4795 522 4890 generatio
548 4791 598 4862 sia
624 4801 701 4861 erat
754 4781 821 4836 *³¹⁵³
841 4789 924 4860 Cum
958 4799 1053 4860 osset
1079 4789 1291 4882 desponsata
1320 4797 1429 4858 mater
1457 4789 1531 4859 eius
1557 4789 1664 4861 Maria
1693 4792 1829 4886 ioseph,

345 4926 424 4987 ante
453 4935 556 5004 quam
590 4909 814 4980 convenirent
846 4909 984 4980 inventa
1021 4917 1075 4978 est
1109 4907 1141 4980 in
1168 4917 1270 4978 otero
1305 4907 1438 4978 habens
1465 4906 1511 4978 de
1546 4908 1664 5001 spiritu
1699 4921 1830 4982 saneto.

345 5025 370 5068 ¹⁹
396 5021 472 5076 Μ’)
493 5031 617 5122 loseph
647 5039 761 5100 antem
789 5029 841 5099 vir
867 5027 950 5112 eino,
979 5051 1057 5098 oum
1085 5037 1180 5098 esset
1207 5026 1316 5096 iustus
1343 5036 1378 5096 et
1403 5027 1510 5098 noiiet
1536 5047 1615 5100 eam
1635 5029 1830 5114 traducere,

343 5149 451 5220 voluit
478 5151 611 5220 ooouite
639 5149 812 5220 dimittere
839 5171 929 5220 earn.
982 5139 1008 5184 ’⁰
1026 5145 1121 5216 Haeo
1149 5154 1264 5216 autem
1292 5167 1337 5214 eo
1365 5148 1549 5240 cogitante,
1577 5167 1661 5216 ecce
1689 5149 1833 5235 angelus

913 5269 979 5350 i,t
1043 5305 1088 5316 -
1145 5267 1172 5351 Ι,
1202 5269 1260 5338 20.
