4102 6128
339 393 386 462 :to
726 378 964 456 nutncanun
991 392 1198 476 saonam.
1217 391 1420 456 sarracon

391 501 508 510 ------
525 502 595 508 ..-..-·-
622 503 635 510 -
730 504 774 509 -—-
793 503 831 510 „a
843 503 902 510 ...ι-.-
939 501 984 508 ι--
1128 503 1146 508 m
1169 501 1226 508 -..---
1241 503 1252 508 -
1309 503 1320 509 .-
1343 499 1615 510 ——a——n-——t-—w—
1632 503 1749 511 --.....-.

338 585 448 682 uobis,
476 597 556 668 olim
574 597 607 667 in
634 598 742 670 cilicio
769 607 805 669 et
830 597 946 668 cincre
962 597 1204 690 paenitentiam
1224 597 1385 692 egissent.
1411 592 1438 638 Β
1455 599 1580 668 Verum
1600 607 1715 670 tamen
1733 599 1812 672 dico

337 718 447 802 vobis,
474 717 566 811 Tyro
592 728 628 790 ει
653 717 772 790 Sidoni
797 717 972 788 remissius
999 718 1063 788 erit
1088 718 1123 788 in
1147 717 1205 790 die
1231 717 1344 791 iudicii
1370 739 1474 811 mam
1510 713 1622 790 vobis
1672 711 1754 790 ”lit
1778 730 1814 792 tu

339 839 587 934 capharnaum,
622 835 789 930 numquid
822 838 991 932 usquein
1018 838 1151 910 caelum
1184 839 1420 910 exaltaberis?
1447 840 1563 932 Usque
1588 839 1624 910 in
1649 840 1813 912 internum

338 957 543 1044 descendes,
571 949 677 1004 (Μ)
702 957 782 1050 quia
808 958 897 1030 siin
923 958 1085 1031 Sodomis
1111 961 1223 1032 laetae
1249 959 1391 1034 luissent
1416 960 1559 1032 virtutes
1586 981 1677 1054 quae
1703 961 1814 1032 lacteo

337 1089 415 1152 sunt
440 1079 474 1150 in
500 1089 543 1164 ιε,
570 1081 659 1151 forte
685 1079 892 1150 mansissent
924 1081 1094 1174 usquein
1122 1081 1210 1152 bunc
1237 1079 1339 1152 diem.
1391 1069 1417 1118 ²⁸
1433 1082 1559 1152 Verum
1591 1090 1708 1154 tamen
1734 1080 1814 1152 dico

336 1201 437 1273 vobis
470 1200 549 1293 quia
582 1207 697 1270 terrac
729 1198 963 1271 Sodomorum
995 1201 1172 1272 remissius
1205 1202 1271 1272 erit
1304 1201 1337 1272 in
1373 1201 1430 1273 die
1466 1201 1579 1274 iudicii
1610 1222 1715 1294 quam
1742 1201 1813 1272 tibi.
1915 1187 1922 1214 ⁸

335 1313 465 1366 ”Uilli
483 1321 519 1390 ln
545 1319 601 1390 illo
628 1329 788 1413 tempore
813 1320 1031 1414 respondens
1057 1323 1152 1393 lesus
1178 1320 1266 1392 dixit
1293 1321 1465 1394 Confiteor
1501 1321 1559 1394 tibi
1596 1333 1709 1416 pater,
1746 1322 1813 1394 do-

337 1439 427 1510 mine
454 1437 540 1510 caeli
567 1447 601 1510 et
627 1449 749 1525 ternae,
777 1440 856 1532 quia
884 1438 1096 1512 abscondisti
1122 1441 1212 1512 hacc
1238 1465 1259 1514 a
1287 1443 1497 1536 sapientibus
1524 1453 1559 1514 et
1576 1441 1811 1537 prudentibus,

338 1571 373 1630 ct
398 1559 559 1631 revelasti
585 1580 627 1631 ea
654 1561 813 1654 parvulis.
866 1553 894 1598 ἦ
908 1562 958 1648 Ita
986 1569 1093 1654 pater,
1122 1563 1284 1654 quoniam
1310 1563 1361 1634 sic
1388 1563 1448 1634 luit
1473 1563 1633 1657 placitum
1661 1571 1741 1634 ante
1767 1571 1811 1632 te.

336 1673 363 1716 ῃ
378 1671 471 1727 (Μ’)
496 1679 618 1752 Omnia
649 1680 731 1750 mibi
764 1679 889 1752 tradita
916 1690 995 1753 sunt
1028 1705 1048 1754 a
1084 1691 1183 1776 patre
1209 1705 1298 1769 meo,
1340 1675 1434 1730 (Μ)
1459 1693 1495 1755 ει
1519 1705 1623 1754 nemo
1649 1683 1746 1754 novit
1770 1681 1810 1752 fi-

337 1801 415 1872 lium
442 1801 506 1872 nisi
533 1813 640 1895 pater,
667 1823 780 1893 neque
806 1811 941 1894 patrem
968 1801 1044 1894 quis
1069 1803 1165 1876 novit
1191 1804 1254 1875 nisi
1280 1804 1368 1876 tilius
1400 1813 1435 1874 et
1467 1803 1520 1874 cui
1554 1803 1701 1874 voluerit
1727 1801 1813 1875 iilius

337 1923 501 1993 revelare.
554 1911 695 1968 ΜΨ)
715 1921 834 1992 Venite
862 1920 905 1992 ad
933 1943 990 1992 mc
1017 1944 1140 1995 omncs
1167 1924 1224 2018 qui
1250 1924 1416 1996 laboratis
1443 1934 1478 1996 at
1505 1924 1636 1996 onerati
1660 1922 1751 2007 estis,
1778 1931 1814 1992 ει

337 2063 406 2135 ego
442 2041 593 2114 reficiam
624 2063 698 2114 vos.
748 2033 776 2078 ²⁹
793 2041 913 2113 Tollite
943 2043 1060 2134 iugum
1095 2065 1209 2116 meum
1246 2067 1351 2139 super
1387 2065 1466 2131 vos,
1503 2055 1538 2116 et
1564 2043 1685 2116 discite
1710 2065 1730 2114 a
1757 2065 1814 2112 mc

337 2162 416 2256 quia
443 2162 531 2234 mitis
557 2183 632 2234 sum
660 2171 695 2232 et
721 2161 854 2232 humilis
880 2161 998 2247 corde,
1027 2172 1061 2234 et
1087 2165 1267 2236 invenietis
1293 2165 1446 2258 requiem
1475 2165 1655 2250 animabus
1679 2163 1812 2235 vestris.

335 2275 362 2322 ³⁰
378 2283 497 2376 logum
524 2284 614 2354 cnim
641 2305 755 2354 meum
783 2303 891 2354 suave
917 2291 980 2366 est,
1008 2293 1044 2355 et
1070 2304 1158 2356 onus
1185 2307 1299 2358 meum
1328 2287 1405 2358 leve
1431 2297 1493 2358 εει.

1041 2559 1107 2632 Xll.

413 2755 529 2814 totta>
547 2767 582 2838 ln
609 2765 666 2837 illo
692 2775 850 2860 tempore
877 2765 961 2838 abiit
986 2768 1082 2840 lesus
1108 2768 1256 2842 sabbato
1287 2791 1351 2864 per
1388 2777 1480 2840 sata:
1516 2767 1672 2861 discipuli
1698 2775 1812 2838 autem

337 2891 410 2962 cius
436 2888 626 2960 esurientes
653 2895 843 2981 coeperunt
872 2887 1002 2958 vellere
1029 2888 1144 2982 spicas
1176 2899 1212 2962 et
1244 2890 1464 2963 manducare.
1517 2883 1720 2960 'Pharisaei
1748 2909 1811 2958 au-

336 3021 404 3083 tam
435 3008 593 3081 videntes
627 3007 791 3080 dixerunt
823 3007 855 3078 ci
888 3007 979 3080 Ecce
1013 3007 1167 3104 discipuli
1201 3011 1247 3082 tui
1273 3010 1399 3083 faciunt
1429 3009 1524 3103 quud
1555 3031 1624 3081 non
1657 3010 1735 3081 licet
1761 3010 1812 3080 eis

336 3135 452 3205 lacere
478 3129 641 3202 sabbatis.
693 3119 707 3166 ³
723 3125 767 3198 At
793 3127 952 3199 illedixit
970 3129 1021 3200 eis
1038 3125 1115 3202 Non
1132 3130 1264 3223 legistis
1290 3130 1372 3224 qnid
1396 3131 1515 3202 feccrit
1531 3129 1654 3214 David,
1672 3129 1811 3223 quando

233 3329 257 3354 ο
336 3251 461 3336 esuriit,
488 3260 523 3322 et
549 3250 606 3344 qui
633 3270 711 3321 cum
738 3269 782 3320 co
809 3249 931 3320 erant‘l
982 3238 1192 3343 ‘quomodo
1218 3252 1355 3325 intravit
1381 3251 1414 3322 in
1441 3249 1582 3322 domum
1610 3249 1666 3322 dei
1693 3258 1728 3320 et
1745 3271 1809 3344 pa-

334 3395 397 3444 nes
422 3368 668 3468 propositionis
699 3369 859 3456 comedit,
887 3391 976 3462 qnos
1002 3391 1071 3441 non
1097 3371 1224 3444 licebat
1249 3374 1280 3444 ci
1306 3372 1414 3446 edere
1440 3391 1554 3464 neque
1579 3371 1632 3442 his
1650 3371 1707 3464 qui
1733 3391 1813 3442 cnm

335 3515 379 3564 eo
406 3502 511 3576 erant,
539 3490 602 3563 nisi
628 3489 712 3561 solis
744 3489 1011 3565 sacerdotibus?
1062 3483 1196 3540 ⁵⁰¹i¹⁰l
1213 3491 1282 3566 Aut
1315 3513 1385 3564 non
1410 3491 1542 3585 legistis
1567 3491 1601 3562 in
1627 3492 1706 3584 lege
1732 3491 1812 3586 qaia

335 3613 488 3686 sabbatis
523 3611 726 3684 sacerdotes
758 3611 795 3681 in‘
826 3611 954 3704 templo
986 3609 1171 3683 sabbatum
1204 3615 1332 3688 violant
1364 3623 1400 3686 et
1432 3613 1506 3682 sinc
1538 3612 1679 3684 crimine
1705 3615 1811 3684 sunt?

333 3725 450 3806 ‘Dico
479 3741 594 3804 autem
620 3731 722 3803 vobis
748 3731 828 3824 qnia
855 3731 985 3825 templo
1011 3731 1122 3802 maior
1147 3740 1203 3802 εει
1227 3731 1291 3802 bic.
1335 3723 1401 3806 7Si
1428 3741 1541 3804 autem
1570 3731 1703 3803 sciretis
1729 3729 1812 3824 quaid

334 3863 388 3924 est
412 3852 682 3926 Misericordiam
708 3851 790 3923 volo
817 3859 853 3922 et
878 3871 946 3922 non
973 3850 1186 3936 sacrificium,
1213 3873 1398 3946 numquam
1436 3850 1732 3924 condemnassetis
1757 3851 1810 3921 in-

334 3983 509 4046 nocentes.
561 3965 760 4046 ⁸Dominus
787 3982 842 4043 est
875 3971 964 4042 enim
1000 3970 1088 4044 iilius
1121 3971 1268 4044 bominis
1300 3975 1402 4046 etiam
1438 3971 1584 4044 sabbati.
1635 3961 1752 4016 ΝΜ)
1769 3969 1811 4041 Ει

334 4117 412 4166 oum
438 4093 519 4166 inde
545 4093 733 4178 transisset,
761 4092 855 4164 venit
887 4092 921 4162 in
947 4113 1163 4187 synagogam
1198 4113 1329 4166 eorum.
1381 4085 1408 4130 ⁴⁰
1420 4090 1463 4164 Et
1488 4111 1574 4162 ecce
1600 4092 1706 4163 bomo
1732 4082 1809 4164 ma-

334 4239 413 4288 num
442 4215 576 4288 babens
603 4215 753 4288 aridam:
780 4223 816 4284 ct
841 4213 1101 4307 interrogabant
1126 4235 1205 4286 enm
1232 4214 1388 4286 dicentes
1414 4213 1449 4284 Si
1468 4212 1546 4284 licct
1564 4209 1720 4284 sabbatis
1746 4231 1808 4282 cn-
1856 4273 1859 4280 .

332 4339 435 4408 rare‘l
467 4345 504 4406 ut
538 4343 740 4407 accusarent
772 4355 861 4405 cnm.
914 4324 937 4370 ¹⁴
957 4335 1035 4429 lpse
1068 4343 1183 4408 autem
1216 4333 1303 4406 dixit
1334 4334 1398 4406 illis
1430 4332 1513 4419 Quis
1546 4332 1610 4404 erit
1635 4351 1682 4404 ex
1708 4331 1809 4404 vobis

331 4457 437 4530 bomo
465 4456 522 4550 qni
549 4456 677 4528 babeat
711 4477 814 4526 ovem
841 4475 954 4540 unam,
982 4465 1018 4528 et
1050 4455 1079 4527 si
1114 4453 1281 4528 ceciderit
1305 4453 1393 4526 baec
1419 4453 1574 4526 sabbatis
1600 4453 1633 4524 in
1660 4455 1809 4538 foveam,

332 4599 446 4649 nonne
472 4577 603 4649 tenebit
629 4585 664 4648 ει
689 4573 817 4647 levabit
843 4577 948 4646 earn‘l
1001 4568 1027 4614 ⁸²
1044 4577 1179 4663 Quanto
1213 4573 1324 4669 magis
1360 4576 1481 4648 melior
1514 4585 1568 4646 est
1593 4573 1700 4646 bomo
1727 4595 1809 4646 ove:

332 4698 446 4792 itaque
479 4696 558 4769 licet
590 4696 747 4769 sabbatis
780 4697 871 4768 bene
905 4697 1028 4768 lacere.
1080 4689 1107 4737 ¹³
1123 4697 1218 4768 Tunc
1249 4695 1299 4767 ait
1333 4697 1461 4768 homini
1487 4695 1647 4768 Extende
1673 4717 1833 4774 manumt

332 4829 434 4891 tuam.
468 4819 510 4890 Et
535 4817 699 4902 extendit,
727 4827 762 4888 ct
787 4817 940 4888 restituta
969 4825 1022 4887 est
1048 4818 1182 4890 sanitati
1209 4817 1298 4888 sicut
1321 4819 1439 4890 altera.
1492 4805 1517 4854 ¹⁴
1530 4806 1620 4862 (Μ’)
1637 4817 1812 4886 Exeuntes

232 4913 239 4930 ⁵
332 4949 447 5011 antem
474 4939 650 5012 Pharisaei
682 4937 858 5010 consilium
891 4936 1064 5009 iaciebant
1090 4939 1259 5010 adversus
1287 4959 1382 5023 eum,
1411 4937 1589 5032 quomodo
1623 4959 1701 5008 eum
1729 4957 1811 5030 per·

332 5059 463 5132 darent.
516 5051 658 5110 ¹⁵<⁴¹⁸¹⁰i
672 5059 766 5132 lesus
800 5069 914 5130 autem
951 5057 1063 5129 scians
1097 5057 1243 5128 secessit
1274 5058 1371 5143 inda,
1405 5071 1442 5130 et
1481 5043 1587 5130 secuti
1621 5065 1700 5128 sunt
1731 5073 1811 5126 cum

332 5179 435 5264 multi,
464 5189 499 5250 et
526 5178 656 5251 curauit
681 5201 744 5251 eos
771 5199 902 5261 omncs,
956 5169 982 5216 ¹⁶
1000 5189 1034 5250 et
1059 5175 1238 5272 praecepit
1264 5178 1315 5249 eis
1340 5201 1385 5252 nc
1411 5179 1625 5252 manifestum
1653 5197 1732 5247 eum
1759 5177 1810 5244 la-

851 5299 905 5384 xl,
935 5299 982 5373 22
1038 5337 1083 5350 -
1136 5297 1203 5384 Xll,
1233 5299 1290 5370 ld.
