4220 6124
363 383 435 459 252
870 384 1050 450 tatstvta
1074 383 1128 450 aa
1153 383 1334 451 MANUS

364 593 571 666 iust'uicavit:
603 613 693 684 quos
724 601 840 662 auton
871 589 1079 674 iustdioavit,
1116 591 1191 662 illos
1225 601 1261 662 et
1291 589 1530 682 magnificavit.
1581 581 1605 628 ³¹
1623 587 1717 675 Quid
1750 611 1838 682 ergo

327 773 331 789 .
363 714 509 788 dicimus
536 712 582 786 ad
607 712 719 811 haar?
746 711 777 782 si
801 710 891 782 daus
916 732 982 806 pro
1007 709 1118 795 nobis,
1145 711 1223 804 qais
1242 714 1467 786 ooatraoos‘?
1517 700 1622 796 ³²'Qui
1639 710 1742 784 adum
1768 709 1837 782 lilio

363 857 426 906 suo
452 855 521 904 πω
545 833 719 927 paparoit,
753 831 818 907 sed
851 852 917 924 pro
949 831 1051 904 nobis
1085 821 1244 904 omnibu
1268 831 1410 904 tradidit
1434 831 1535 916 illum,
1563 831 1742 923 quomo
1768 853 1839 904 non

364 954 468 1026 edam
482 974 562 1024 orm
580 952 638 1024 illo
656 952 770 1024 omia
790 951 893 1024 uobis
910 951 1077 1024 donavit?
1103 941 1192 1000 Μ’)
1205 953 1289 1038 Quis
1305 952 1482 1026 aoousavit
1497 951 1630 1024 eleetos
1648 952 1732 1026 dai‘?
1751 951 1839 1024 deas

364 1075 421 1167 qui
452 1071 637 1144 iustificati
680 1060 707 1108 ³*
723 1071 808 1156 Quis
841 1082 895 1144 est
928 1073 986 1165 qui
1017 1071 1249 1144 ooadsmnat‘?
1282 1072 1436 1144 Christus
1467 1072 1565 1144 lesus
1598 1072 1657 1165 qui
1680 1081 1838 1146 morans

364 1194 559 1278 estimo
586 1191 643 1284 qui
669 1185 887 1276 'ressurexit
914 1194 972 1286 qui
996 1201 1111 1265 otest
1144 1192 1189 1264 ad
1215 1191 1397 1266 dexteram
1423 1192 1492 1277 dei,
1518 1193 1577 1286 qai
1602 1193 1707 1264 otiam
1732 1193 1838 1264 intar-

365 1315 468 1408 psllot
492 1335 557 1406 pro
584 1311 709 1384 uobis?
750 1303 778 1350 ³⁵
795 1314 880 1398 eris
906 1335 972 1386 nos
1000 1313 1174 1408 separarit
1205 1334 1227 1384 a
1253 1313 1396 1386 oaritata
1422 1313 1569 1385 Christi?
1595 1313 1767 1388 tribulatio
1794 1337 1839 1388 aa

366 1432 521 1526 augustia
554 1455 598 1504 aa
629 1434 825 1526 persecutio
858 1455 903 1506 an
934 1436 1044 1508 lanes
1076 1455 1120 1506 aa
1152 1432 1291 1505 auditas
1324 1432 1581 1526 aaperimdum
1608 1455 1653 1506 aa
1677 1434 1839 1528 gladius?

365 1547 391 1593 ³⁵
408 1549 503 1626 Siout
532 1553 697 1647 scriptura
732 1564 787 1624 ast
819 1555 898 1647 qaia
929 1564 1072 1648 propter
1106 1565 1142 1626 to
1175 1551 1421 1626 mortfioamur
1456 1563 1529 1626 tots
1560 1553 1635 1640 dio,
1671 1556 1838 1627 aestimati

367 1697 484 1746 sumus
511 1683 548 1746 ut
575 1695 661 1744 ovas
679 1673 870 1746 oodsioais.
921 1667 948 1712 ³⁷
964 1675 1095 1746 Sedis
1120 1673 1173 1746 his
1199 1673 1358 1746 omnibus
1376 1693 1581 1766 superamus
1598 1685 1743 1768 propter
1759 1696 1838 1747 sam

366 1797 423 1888 qui
450 1795 569 1866 dilexit
592 1815 669 1865 nos.
719 1786 747 1834 ³
763 1795 882 1866 Certus
908 1815 985 1867 sam
1011 1795 1101 1866 enim
1126 1793 1347 1886 quinosque
1373 1815 1468 1866 mors
1493 1815 1608 1887 nequa
1634 1795 1702 1867 vita
1724 1815 1839 1887 aeque

367 1915 479 2007 aagali
512 1935 626 2006 nequo
660 1915 868 2010 principatus
899 1937 1014 2009 aeque
1046 1914 1207 1987 instantia
1239 1935 1354 2008 aeque
1386 1913 1499 1986 fatua
1527 1936 1642 2008 aeque
1675 1913 1838 1986 tortitudo

366 2027 393 2072 ³⁹
409 2055 522 2127 aequa
549 2034 689 2108 altit-udo
715 2017 835 2129 neque
854 2035 1059 2129 profmrdum
1085 2055 1201 2128 nemra
1227 2044 1384 2106 matura
1401 2035 1467 2106 alia
1492 2036 1619 2128 poterit
1642 2057 1708 2108 nos
1733 2055 1838 2127 sepa-

368 2176 445 2226 rare
471 2175 493 2224 a
519 2155 660 2228 caritate
686 2155 742 2227 dei
769 2177 859 2248 quae
885 2166 938 2227 ost
963 2157 997 2227 ia
1022 2155 1158 2227 Christo
1184 2155 1261 2226 losa
1287 2153 1428 2227 domino
1453 2166 1584 2228 nostro.

1077 2431 1130 2500 lX.

444 2628 522 2684 ΗΜ)
544 2638 728 2708 Veritatem
755 2635 834 2709 dioo
859 2638 895 2708 ia
920 2637 1068 2720 Christo,
1104 2657 1172 2708 non
1205 2638 1367 2722 mentior,
1392 2637 1623 2712 testimonium
1650 2636 1731 2706 mihi
1756 2655 1838 2730 par·

369 2757 508 2829 bibente
542 2757 749 2832 oonseieatia
779 2779 859 2830 mea
891 2757 927 2829 ia
958 2756 1077 2852 spiritu
1107 2767 1244 2842 sancto,
1294 2750 1487 2850 ²quoniam
1522 2757 1653 2829 tristitia
1679 2765 1734 2828 est
1758 2755 1838 2830 milti

368 2899 495 2972 magas
529 2887 565 2949 at
598 2878 776 2950 continuus
809 2879 910 2952 dolor
943 2879 1041 2950 cordi
1070 2898 1166 2950 meo:
1214 2869 1409 2971 ³optabam
1440 2879 1532 2950 enim
1558 2879 1633 2971 ipse
1659 2899 1728 2970 ago
1754 2899 1838 2950 aaa·

369 2999 484 3070 thom
509 3019 592 3070 esse
618 3021 640 3070 a
664 2998 798 3070 cbristo
824 3019 888 3092 pro
914 2999 1074 3071 iratribus
1098 2999 1195 3083 meis,
1222 2998 1280 3090 qui
1305 3010 1385 3070 suat
1408 2999 1546 3092 oognati
1561 3000 1630 3070 mai
1648 2997 1838 3072 secundam

369 3139 522 3198 caraem,
565 3110 654 3212 ‘qui
679 3127 758 3190 sant
782 3119 988 3205 israhelitae,
1014 3141 1161 3214 prorum
1187 3118 1330 3212 adoptio
1356 3129 1413 3190 ast
1436 3119 1582 3190 liliorum
1608 3129 1644 3190 et
1669 3119 1779 3224 gloria
1804 3129 1839 3190 at

370 3249 574 3313 testamenta
600 3250 636 3311 et
659 3239 829 3332 legislatio
854 3251 891 3310 ot
917 3239 1122 3332 obsequium
1147 3249 1184 3310 at
1209 3239 1399 3333 promissa,
1442 3231 1619 3332 ⁵quorum
1645 3249 1777 3334 patras,
1804 3249 1840 3310 et

370 3381 416 3432 ax
442 3361 567 3454 quitus
593 3359 744 3434 Christus
771 3360 961 3434 securam
996 3381 1154 3445 earnem,
1180 3360 1239 3453 qoi
1265 3369 1320 3432 ost
1345 3381 1450 3452 sapa
1476 3360 1591 3433 omnia
1616 3359 1703 3433 deus
1727 3359 1839 3432 bana·

370 3481 481 3554 dietis
506 3481 541 3552 in
566 3481 713 3566 saecula,
740 3501 851 3555 smera
903 3471 982 3530 Ψ)
998 3481 1077 3552 Noa
1103 3489 1216 3554 autam
1233 3501 1304 3574 quo
1322 3479 1490 3552 exciderit
1506 3481 1652 3552 verbum
1669 3480 1737 3554 dei.
1761 3481 1839 3552 Noa

371 3604 461 3674 onim
492 3623 615 3674 omues
648 3602 706 3694 qui
740 3621 787 3673 eu
820 3602 964 3686 lsralral,
997 3601 1032 3674 hi
1065 3613 1144 3674 emt
1173 3600 1388 3686 lsraholitaa;
1436 3591 1580 3694 'aequa
1612 3601 1693 3694 quia
1718 3613 1839 3672 semea

370 3733 449 3796 sunt
472 3721 650 3805 Abrahae,
685 3742 807 3797 omues
833 3721 899 3806 lilii,
926 3721 991 3793 sed
1023 3723 1059 3794 la
1085 3723 1180 3796 heac
1203 3721 1384 3796 vocabitur
1409 3721 1469 3792 tibi
1501 3741 1631 3793 amaa.
1682 3713 1750 3794 ‘td
1776 3729 1838 3804 est,

370 3841 1836 3938 aoaquiffiicarais,hiiflliidai,sedquillliisuntpromissioaisaestimun-

371 3974 425 4034 tur
455 3963 490 4032 ia
524 3963 667 4039 semine.
718 3955 989 4040 ⁹Prorutissioais
1020 3973 1134 4036 mma
1168 3963 1314 4036 verbum
1348 3963 1416 4036 lsoo
1449 3971 1503 4034 est
1542 3960 1740 4034 Seormdum
1772 3960 1840 4034 hoo

371 4093 508 4176 tempus
541 4083 677 4155 uoniam
710 4093 746 4154 at
777 4085 841 4156 erit
871 4087 997 4158 Sarrae
1029 4081 1125 4156 lilius.
1178 4077 1292 4157 ”Noa
1324 4084 1437 4156 solam
1463 4093 1594 4168 amem,
1620 4081 1685 4156 sed
1711 4093 1747 4154 et
1769 4081 1838 4154 lto·

369 4205 481 4275 baoos
505 4224 552 4275 ex
578 4225 647 4276 uuo
673 4204 857 4280 coactata
881 4205 1014 4279 haltans
1037 4204 1137 4276 lssao
1166 4214 1268 4299 putre
1293 4213 1432 4280 nostro:
1482 4195 1505 4242 ¹⁴
1524 4225 1603 4275 uum
1632 4203 1726 4274 mim
1751 4221 1839 4276 nou-

371 4325 454 4404 dum
479 4325 549 4398 nati
581 4325 726 4398 ιιιίεεωι
758 4335 817 4396 aut
841 4323 968 4416 aliquid
1000 4325 1155 4416 egissent
1177 4325 1308 4397 boum
1332 4332 1393 4396 aut
1416 4325 1560 4408 malum,
1587 4331 1625 4396 ut
1646 4321 1840 4396 seeundum

371 4447 573 4518 deotionam
593 4447 822 4549 ¹prepositura
858 4445 916 4518 dai
947 4453 1115 4530 manerat,
1148 4441 1219 4518 non
1250 4467 1297 4518 ox
1325 4445 1491 4538 opsrilns
1518 4443 1584 4517 ssd
1609 4465 1657 4515 ex
1681 4452 1838 4524 romule,

371 4557 397 4610 ¹²
413 4568 539 4640 diatim
572 4575 628 4639 est
659 4567 692 4640 ei
722 4566 803 4660 quia
832 4565 942 4638 maior
966 4567 1096 4646 serviet
1127 4565 1265 4652 minori,
1309 4557 1335 4606 ⁴⁸
1352 4566 1441 4638 siout
1466 4566 1631 4659 seriptum
1656 4571 1713 4636 ast
1736 4563 1839 4636 laoob

371 4687 484 4775 dilexi,
510 4687 604 4760 asan
628 4697 745 4762 aum
771 4687 853 4762 odio
879 4687 993 4760 habu.
1042 4675 1132 4734 Μ’)
1150 4685 1242 4770 Quid
1266 4707 1352 4780 ergo
1378 4685 1557 4762 doemunt
1582 4684 1750 4778 namquid
1776 4683 1841 4754 iai-

372 4810 482 4902 quitus
508 4808 601 4903 apud
627 4809 755 4882 demi
781 4807 888 4881 assit.
940 4800 1067 4881 ⁴‘ltlosi
1090 4808 1182 4879 onim
1208 4805 1291 4878 dicit
1314 4807 1507 4882 Misorahor
1537 4805 1635 4880 orius
1660 4805 1839 4886 misereor,

371 4940 407 5001 et
432 4931 702 5004 misericordium
736 4929 922 5024 praestabo
953 4931 1050 5002 ouius
1083 4929 1285 5004 miserebor.
1337 4919 1364 4972 ¹⁸
1378 4927 1482 5022 lgitur
1512 4949 1581 5000 uos
1605 4925 1752 4998 volantis
1775 4944 1840 4996 aa·

372 5073 440 5142 qao
474 5053 662 5136 mirantis,
696 5049 760 5123 ssd
785 5051 979 5124 miserentis
1013 5059 1069 5128 ost
1101 5049 1168 5124 dei.
1221 5041 1247 5086 ¹⁷
1261 5049 1350 5120 Dicit
1372 5052 1541 5145 scriptura
1567 5046 1738 5126 Pharaoni
1763 5044 1841 5138 qaia
1989 5077 1995 5084 ·

373 5171 406 5242 in
431 5171 500 5242 lieo
522 5171 636 5265 ipsura
652 5172 802 5244 exeitavi
826 5181 863 5242 te
889 5181 927 5242 ut
944 5170 1123 5244 ostendam
1151 5171 1185 5242 in
1203 5181 1236 5243 te
1261 5173 1422 5245 virtulem
1437 5191 1553 5249 mem
1572 5177 1607 5240 et
1624 5165 1841 5242 adnuntietur

909 5291 985 5374 vlit,
1013 5295 1054 5361 3t
1091 5331 1135 5346 -·
1165 5291 1215 5376 tx,
1247 5285 1303 5363 47.
