4242 6118
708 439 951 508 uulnerum:
979 442 1181 508 saeuuouu
1208 441 1334 507 ructu
1461 411 1464 424 '
1698 441 1769 508 tto

277 549 874 560 mm———.-.a—-.--

999 679 1051 751 Xl.

349 876 464 930 'iffi'
483 885 525 954 llt
551 885 679 956 lactum
707 893 761 956 est
787 905 864 955 cum
900 897 997 957 esset
1033 885 1066 956 in
1099 887 1178 958 loco
1214 884 1368 978 quodam
1396 903 1518 967 orans,
1546 894 1582 954 ut
1609 883 1770 968 cessavit,

274 1004 361 1076 dixit
386 1025 474 1074 unus
500 1023 548 1073 ex
575 1003 752 1098 discipulis
779 1004 852 1076 eius
880 1005 926 1077 ad
954 1025 1036 1076 eum
1063 1004 1218 1089 Domine,
1247 1003 1340 1075 doce
1366 1023 1435 1074 nos
1468 1020 1587 1088 orare,
1623 1003 1711 1075 sicut
1737 1011 1773 1074 et

273 1123 442 1195 lohannes
474 1121 593 1196 docuit
626 1121 814 1216 discipulos
851 1143 945 1195 suos.
999 1116 1074 1194 2llt
1097 1124 1144 1194 ait
1175 1123 1239 1194 illis
1266 1122 1352 1194 Cum
1380 1121 1501 1206 oratis,
1529 1122 1631 1194 dicite
1658 1124 1771 1209 Peter,

275 1240 505 1314 sanctificetur
530 1261 661 1312 nomen
687 1251 798 1312 tuum:
827 1242 992 1314 adveniat
1018 1263 1162 1334 regnum
1191 1254 1305 1314 tuum:
1349 1233 1506 1333 1³panem
1525 1252 1680 1314 nostrum
1708 1263 1772 1314 co-

274 1361 438 1434 tidianum
465 1360 511 1432 da
545 1361 649 1432 nobis
676 1359 819 1434 cotidie:
862 1358 929 1434 *et
956 1361 1087 1434 dimitte
1120 1361 1221 1434 nobis
1256 1367 1405 1455 peccata
1439 1370 1573 1446 nostra,
1601 1362 1773 1456 siquidem

274 1489 310 1551 et
334 1479 400 1572 ipsi
426 1479 627 1552 dimittimus
655 1481 747 1552 omni
773 1481 915 1553 debenti
941 1480 1058 1552 nobis:
1087 1489 1123 1552 ει
1148 1503 1193 1553 ne
1219 1501 1286 1553 nos
1303 1477 1450 1551 inducas
1466 1479 1501 1554 in
1525 1483 1772 1554 temtationem.

166 1657 170 1664 .
273 1589 401 1650 ΝΜ)
419 1599 462 1670 Ει
488 1597 535 1670 ait
567 1599 614 1670 ad
647 1599 724 1672 illos
758 1601 843 1686 eris
876 1611 1032 1673 vestrum
1067 1599 1210 1673 habebit
1237 1599 1404 1683 amicum,
1439 1609 1474 1670 ει
1507 1599 1567 1672 ibit
1599 1602 1646 1674 ad
1678 1603 1771 1674 illum

275 1717 390 1789 media
415 1727 519 1790 nocte
545 1727 582 1789 et
607 1718 700 1791 dicet
726 1719 770 1790 illi
796 1721 926 1805 Amice,
955 1719 1144 1792 commoda
1177 1720 1261 1792 mihi
1296 1729 1370 1790 tres
1402 1739 1528 1812 panes,
1560 1713 1591 1778 -⁰
1608 1722 1771 1814 quoniam

275 1837 406 1909 amicus
433 1859 534 1910 meus
562 1837 655 1908 venit
680 1839 727 1911 de
753 1839 810 1910 via
837 1840 884 1911 ad
910 1861 968 1911 me
995 1849 1031 1910 et
1055 1860 1126 1910 non
1143 1839 1261 1913 habeo
1288 1837 1387 1932 quod
1413 1858 1543 1931 ponam
1563 1851 1642 1912 ante
1659 1841 1770 1925 illum;

274 1950 341 2028 Ίει
365 1956 420 2028 ille
448 1958 495 2030 de
521 1957 611 2028 intus
638 1957 732 2029 dicat
757 1959 833 2032 Noli
860 1959 942 2030 mibi
969 1959 1138 2031 molestus
1164 1980 1263 2031 esse:
1290 1960 1360 2030 iam
1389 1957 1514 2030 ostium
1533 1961 1688 2032 clausum
1706 1971 1771 2046 est,

275 2086 310 2147 et
335 2076 433 2169 pueri
459 2077 527 2148 mei
554 2097 692 2148 mecum
724 2089 804 2150 sunt
835 2079 870 2150 in
897 2078 1016 2168 cubili:
1043 2099 1112 2149 non
1146 2099 1292 2172 possum
1328 2097 1476 2169 surgere
1508 2087 1544 2150 et
1579 2079 1667 2151 dare
1699 2079 1769 2150 tibi.

274 2189 342 2267 ⁸llt
365 2195 422 2267 ille
448 2197 477 2267 si
504 2198 786 2290 perseveraverit
810 2199 961 2291 pausans,
991 2198 1069 2270 dico
1096 2199 1206 2278 vobis,
1234 2197 1300 2270 etsi
1326 2217 1398 2267 non
1425 2197 1523 2269 dabit
1553 2197 1599 2268 illi
1624 2219 1771 2290 surgens

276 2335 320 2386 eo
347 2314 442 2408 quod
468 2315 599 2388 amicus
625 2317 699 2388 eius
726 2316 779 2401 sit,
806 2327 951 2410 propter
976 2317 1222 2412 inprobitatem
1250 2325 1367 2388 tamen
1394 2315 1469 2387 cius
1495 2329 1615 2410 surget
1642 2327 1679 2390 ει
1703 2318 1770 2390 da-

274 2435 325 2507 bit
350 2434 394 2504 illi
421 2443 506 2528 quot
531 2435 638 2506 habet
663 2436 892 2512 necessarios.
944 2427 1061 2485 ml)
1078 2435 1121 2507 Et
1148 2457 1217 2528 ego
1245 2435 1347 2508 vobis
1381 2434 1462 2507 dico
1488 2435 1612 2523 Petite,
1640 2447 1677 2509 ει
1703 2437 1770 2511 da-

274 2554 365 2626 bitur
390 2554 507 2626 vobis:
535 2556 700 2647 quaerite,
728 2565 765 2626 et
790 2555 984 2626 invenietis:
1012 2556 1157 2649 pulsate,
1185 2564 1221 2626 et
1247 2554 1424 2646 aperietur
1449 2555 1561 2628 vobis.
1604 2548 1631 2592 ⁴⁰
1649 2557 1769 2630 Omnis

276 2673 366 2746 enim
393 2674 451 2767 qui
476 2675 562 2767 petit
580 2675 713 2770 accipit,
741 2685 778 2746 et
803 2675 860 2768 qui
879 2675 1013 2767 quaerit
1038 2674 1175 2759 invenit,
1203 2683 1238 2746 et
1255 2673 1405 2766 pulsanti
1422 2675 1605 2769 aperietur.
1640 2667 1663 2713 ¹¹
1685 2678 1770 2762 Quis

277 2803 392 2866 autem
420 2813 467 2865 ex
492 2793 595 2865 vobis
621 2804 757 2888 patrem
784 2794 870 2888 petit
894 2815 1032 2888 panem,
1059 2793 1225 2888 numquid
1251 2791 1406 2886 lapidem
1432 2794 1530 2868 dabit
1554 2795 1621 2866 illi‘l
1655 2806 1714 2868 aut
1740 2798 1769 2867 si

276 2913 417 3007 piscem,
444 2913 611 3006 numquid
637 2935 702 3008 pro
730 2915 827 3008 pisce
853 2923 1053 3007 serpentem
1081 2913 1177 2986 dabit
1202 2911 1273 2982 illi‘l
1317 2905 1345 2952 ¹²
1358 2925 1417 2986 aut
1442 2915 1472 2986 si
1498 2915 1635 3010 petierit
1652 2937 1767 3000 ovum,

276 3013 443 3126 numquid
468 3031 613 3126 porrigit
638 3033 684 3104 illi
710 3035 959 3128 scorpionem?
1003 3025 1196 3126 ¹³s1ergo
1223 3052 1299 3117 vos,
1327 3053 1407 3104 cum
1433 3035 1507 3106 sitis
1534 3036 1631 3122 mali,
1659 3035 1770 3106 nostis
1818 3021 1823 3028 ’

277 3152 370 3224 bona
397 3150 480 3224 data
507 3150 593 3224 dare
619 3150 694 3223 liliis
720 3154 855 3238 vestris,
884 3163 1014 3245 quanto
1040 3153 1152 3246 magis
1178 3161 1278 3246 pater
1312 3162 1432 3225 vester
1465 3153 1512 3226 de
1545 3156 1645 3226 caelo
1673 3153 1770 3226 dabit

278 3271 432 3364 spiritum
464 3271 594 3343 bonum
634 3271 832 3364 petentibus
865 3273 931 3343 se?
974 3261 1102 3320 “imi
1119 3273 1163 3344 llt
1195 3279 1270 3341 erat
1301 3271 1430 3343 eiciens
1461 3272 1699 3357 daemonium,
1732 3281 1769 3342 et

278 3390 462 3462 illuderet
492 3399 642 3463 mutum:
679 3401 715 3462 et
749 3411 827 3462 cum
860 3389 1022 3462 eiecisset
1054 3389 1292 3474 daemonium,
1326 3391 1462 3463 locutus
1495 3401 1549 3462 est
1575 3401 1705 3474 mutus,
1733 3399 1769 3460 et
1815 3482 1821 3488 ι

278 3508 479 3581 ammiratae
505 3520 584 3582 sunt
609 3511 741 3582 turbae.
794 3501 922 3554 ⁴⁵‘ffl2’
938 3510 1085 3595 Quidam
1119 3520 1234 3582 autem
1261 3529 1308 3578 ex
1341 3511 1392 3581 eis
1426 3511 1587 3584 dixerunt
1619 3512 1656 3580 ln
1687 3511 1767 3580 Bel-

279 3628 390 3699 zebub
422 3628 611 3722 principem
646 3629 910 3701 daemoniorum
937 3629 1016 3701 eicit
1042 3629 1244 3704 daemonia:
1288 3619 1416 3678 ’ΝΜ
1435 3640 1471 3701 ει
1496 3629 1559 3701 alii'
1584 3637 1776 3716 temtantes·

279 3747 412 3840 signum
440 3748 486 3820 de
513 3750 612 3820 caelo
639 3750 855 3842 quaerebant
881 3751 925 3821 ab
952 3771 1007 3822 eo.
1060 3742 1086 3786 Π
1099 3740 1187 3797 “²⁹³³
1204 3747 1283 3842 lpse
1310 3757 1426 3820 autem
1461 3759 1498 3821 ut
1523 3748 1607 3820 vidit
1633 3748 1768 3840 cogita-

278 3866 547 3952 comessorum,
576 3865 663 3939 dixit
688 3869 740 3941 eis
766 3869 878 3940 Omne
911 3889 1055 3961 regnum
1087 3867 1122 3937 in
1154 3887 1193 3940 se
1223 3868 1301 3962 ipso
1337 3867 1484 3940 divisum
1512 3868 1703 3952 desolatur,
1732 3876 1768 3936 et

279 3983 404 4058 domus
431 4009 537 4081 supra
565 3987 708 4060 domum
735 3989 848 4060 cadet.
901 3981 927 4026 ⁴⁸
944 3988 978 4059 Si
1005 3997 1121 4059 autem
1149 3997 1185 4058 et
1211 3996 1353 4059 satanas
1379 3987 1413 4058 in
1440 4007 1480 4059 sc
1506 3987 1618 4080 ipsum
1637 3985 1767 4056 divisos

279 4115 341 4190 est,
370 4105 550 4198 quomodo
577 4105 682 4178 stabit
707 4129 854 4200 regnum
881 4107 1012 4201 ipsius‘l
1047 4106 1127 4199 quia
1162 4087 1272 4178 dicitis
1305 4107 1339 4176 in
1365 4107 1540 4178 Belzebub
1567 4107 1683 4177 eicere
1710 4126 1768 4174 me

279 4225 472 4296 daemonia.
525 4221 552 4266 ⁴⁹
564 4227 599 4297 Si
627 4235 746 4299 autem
781 4247 850 4320 ego
885 4227 919 4297 in
952 4225 1130 4297 Belzebub
1164 4225 1252 4297 eicio
1279 4225 1479 4312 daemonia,
1513 4225 1570 4296 lilii
1601 4225 1708 4296 vestri
1733 4225 1768 4294 in

279 4365 349 4438 quo
376 4345 524 4416 eiciunt?
539 4345 633 4429 ldeo
658 4345 724 4440 ipsi
749 4345 880 4418 iudices
906 4346 1012 4418 vestri
1040 4353 1148 4415 erunt.
1197 4337 1225 4384 ²⁰
1241 4344 1350 4417 Porro
1378 4347 1407 4418 si
1438 4346 1470 4416 in
1499 4345 1605 4437 digito
1632 4344 1690 4414 dei
1716 4343 1768 4413 ei-

279 4465 333 4536 cio
360 4463 556 4552 daemonia,
583 4465 739 4559 proiecto
766 4465 947 4558 praevenit
979 4465 1011 4535 in
1045 4483 1111 4536 vos
1127 4473 1128 4476 ’
1145 4485 1290 4557 regnum
1316 4464 1384 4536 dei.
1436 4457 1459 4502 ²¹
1476 4465 1560 4536 Cum
1587 4462 1683 4534 lortis
1709 4483 1768 4533 nr-

278 4593 391 4656 matus
417 4583 567 4656 custodit
593 4585 716 4656 atrium
743 4605 852 4670 suum,
880 4584 914 4654 in
940 4603 1030 4676 pace
1056 4593 1135 4655 sunt
1161 4603 1204 4654 ea
1231 4605 1322 4676 quae
1348 4583 1520 4678 possidet:
1562 4575 1591 4622 ¹²
1604 4583 1633 4654 si
1652 4591 1768 4654 autem
1852 4677 1853 4680 Ἴ

278 4703 399 4775 sortior
423 4703 481 4774 illo
508 4703 757 4796 superveniens
783 4703 905 4776 vicerit
931 4723 1021 4786 eum,
1048 4703 1209 4774 universa
1236 4723 1332 4774 arma
1367 4705 1440 4775 eius
1467 4705 1599 4775 auferet
1631 4701 1665 4771 in
1692 4700 1768 4794 qui·-

277 4821 343 4892 bus
370 4821 580 4908 confidebat,
607 4832 643 4892 et
669 4823 780 4916 spolia
807 4824 881 4894 eius
907 4821 1086 4894 distribuit.
1138 4809 1166 4857 ²³
1183 4821 1248 4906 Qui
1279 4843 1349 4892 non
1384 4833 1439 4894 est
1473 4843 1609 4894 mecum
1638 4819 1767 4892 adver-

279 4961 355 5012 sum
383 4963 440 5012 me
467 4951 530 5026 est
558 4950 593 5012 et
620 4941 774 5033 quinon
802 4941 929 5034 colligit
963 4961 1101 5012 mecum
1133 4941 1309 5036 dispergit.
1362 4931 1389 4978 ²⁴
1402 4931 1490 4986 (Μ)
1509 4941 1593 5011 Cum
1621 4939 1769 5010 immun-

279 5059 345 5132 dus
371 5060 509 5154 spiritus
536 5060 659 5132 exierit
685 5061 730 5133 de
757 5060 906 5146 homine,
933 5059 1151 5154 perambulat
1184 5081 1249 5153 per
1283 5061 1360 5132 loca
1395 5060 1564 5152 inaquosa
1599 5039 1770 5151 quiaerens

278 5180 448 5272 requiem:
476 5192 513 5258 et
537 5201 607 5250 non
633 5181 810 5252 inveniens
844 5179 926 5251 dicit
951 5181 1118 5251 Revertar
1152 5179 1186 5248 in
1219 5179 1360 5250 domum
1394 5197 1508 5249 meam
1542 5177 1634 5250 unde
1666 5177 1768 5248 exivi.

890 5297 943 5381 Xl,
974 5301 987 5366 l
1026 5337 1070 5350 -
1101 5297 1160 5370 at.
