4146 6120
716 425 977 500 sroonnrrsrs
1004 437 1188 502 ronnnms
1629 439 1703 520 tol

214 651 413 744 sanguinem
441 649 518 741 agni
545 641 580 718 ει
606 651 748 737 propter
774 641 921 711 verbnm
952 643 1142 714 testimonii
1170 641 1232 722 sui,
1261 652 1296 712 et
1322 664 1391 716 non
1416 645 1609 721 dilexemnt
1627 624 1703 724 ani-

215 789 431 842 mamsuam
463 788 575 860 usque
611 763 657 835 ad
682 769 839 832 mortem.
893 751 919 796 ¹²
937 757 1134 856 Propterea
1161 763 1352 847 laetamini,
1380 766 1465 836 oaeli
1491 779 1526 838 et
1552 773 1610 863 qui
1637 772 1703 844 ha-

215 891 328 963 bitatis
355 891 389 960 in
414 890 482 960 eis:
509 907 577 958 vae
604 894 717 955 terrae
744 880 901 966 otmari,
930 883 1013 974 quia
1042 881 1227 956 descendit
1244 882 1401 955 diabolus
1420 886 1465 956 ad
1482 911 1548 960 vos
1567 891 1704 963 habens

216 1014 300 1083 iram
327 1030 497 1102 magnam,
526 1005 639 1078 solens
666 1001 761 1096 quod
788 1001 968 1074 modicum
997 1014 1135 1098 tempos
1164 1002 1276 1074 hahet.
1331 996 1410 1075 43[ιι
1435 1019 1622 1101 postquam
1651 1015 1705 1082 vi-

86 1148 94 1162 ·
217 1132 267 1202 dit
299 1130 406 1202 draeo
440 1125 535 1220 quod
570 1123 745 1220 proiectus
779 1129 833 1190 est
865 1121 899 1192 in
935 1131 1074 1210 terram,
1110 1121 1167 1193 ἐι
1198 1130 1403 1216 persecutus
1436 1137 1491 1197 est
1524 1132 1706 1202 mulierem
1786 1119 1792 1136 ’

218 1273 307 1344 quae
341 1249 475 1343 peperit
507 1247 707 1318 masculum.
760 1230 846 1311 “m
878 1242 984 1316 datae
1019 1255 1099 1316 sunt
1135 1241 1286 1316 'mulieri
1321 1246 1411 1317 duae
1451 1248 1527 1318 alae
1568 1251 1708 1343 aquilae

217 1393 381 1464 magnae,
414 1381 451 1441 ut
484 1368 626 1440 volaret·
642 1351 676 1435 in
710 1363 888 1434 desertum
921 1365 956 1435 in
982 1367 1095 1436 loenm
1123 1387 1239 1450 suum,
1267 1367 1326 1437 ubi
1352 1366 1450 1438 alitur
1475 1390 1541 1461 per
1567 1382 1708 1464 tempus

197 1503 253 1564 ‘et
278 1503 434 1585 tempora
462 1498 497 1560 et
523 1486 700 1559 dimidium
728 1484 896 1576 temporis
925 1509 945 1559 a
972 1487 1059 1556 laoie
1087 1486 1268 1578 serpentis
1321 1480 1401 1557 15Ει
1434 1489 1526 1560 misit
1556 1513 1708 1584 serpens

219 1635 264 1683 ex
291 1634 353 1684 ore
380 1633 443 1682 sno
470 1617 551 1702 post
578 1605 754 1676 mulierem
781 1625 906 1696 aquam
935 1615 1108 1698 tamquam
1137 1605 1272 1691 humen,
1299 1617 1336 1677 ut
1363 1629 1440 1678 eam
1459 1610 1590 1680 laceret
1616 1610 1708 1680 trahi

219 1757 238 1804 a
272 1733 417 1803 llumine.
470 1723 497 1766 ⁴⁸
513 1729 556 1799 Et
588 1725 717 1798 adiuvit
749 1734 840 1796 terra
873 1726 1068 1809 mulierem,
1102 1737 1137 1796 et
1170 1728 1305 1818 aperuit
1336 1737 1429 1798 terra
1463 1750 1504 1800 οε
1536 1753 1635 1801 suurn
1672 1743 1709 1803 ot

219 1851 399 1924 absorbuit
424 1850 550 1920 llnmen
577 1845 672 1940 quod
699 1845 788 1916 misit
815 1846 923 1918 draeo
952 1848 997 1918 de
1030 1869 1093 1917 ore
1120 1869 1194 1944 sno.
1249 1839 1272 1881 Π
1290 1847 1331 1916 Et
1365 1849 1471 1920 iratus
1506 1860 1560 1920 εει
1594 1849 1705 1921 draco

220 1975 252 2043 in
280 1971 466 2054 mulierem,
494 1979 529 2040 et
564 1968 646 2038 abiit
678 1968 792 2038 laoere
818 1967 988 2059 proelium
1015 1989 1092 2037 cum
1128 1967 1266 2060 reliquis
1293 1967 1338 2037 de
1366 1969 1617 2054 seminemus,
1646 1973 1704 2062 qui

220 2091 417 2164 custodiunt
442 2089 605 2160 mandata
632 2088 688 2159 dei
716 2095 750 2156 ot
776 2087 833 2178 qui
860 2087 988 2158 habent
1015 2087 1246 2158 testimonium
1273 2088 1358 2158 lesu.
1411 2081 1497 2160 18Ει
1523 2091 1616 2160 ειειίι
1642 2113 1702 2161 sn-

221 2235 283 2305 per
309 2213 474 2282 harenam
500 2209 614 2279 maris.

924 2481 1003 2550 Xlll.
1128 2505 1132 2511 ·

295 2685 362 2762 'm
387 2689 458 2762 vidi
485 2689 531 2760 de
560 2709 654 2758 mare
687 2687 833 2758 bestiam
868 2686 1113 2757 ascendentem
1149 2697 1183 2758 et
1210 2688 1396 2758 habentem
1424 2689 1537 2780 capita
1565 2697 1699 2780 septem

219 2821 254 2881 et
280 2833 410 2882 oomua
437 2809 570 2894 decom,
599 2819 634 2880 et
660 2830 765 2902 super
792 2829 920 2878 cornua
947 2807 1022 2878 eius
1048 2807 1170 2878 decom
1198 2809 1410 2892 diademata,
1447 2819 1482 2879 et
1509 2831 1614 2902 super
1640 2830 1700 2878 oa-

219 2931 289 3024 pita
322 2930 395 3001 eius
428 2931 567 3000 nomina
607 2928 854 3022 blasphemiae.
913 2918 985 2996 2Et
1022 2928 1170 2999 bestiam
1214 2951 1318 3020 qoam
1352 2928 1437 3012 vidi,
1479 2929 1595 3000 similis
1626 2941 1700 3000 erat

218 3051 338 3143 pardo,
366 3060 402 3119 et
430 3051 540 3141 pedes
567 3049 642 3119 eius
670 3049 756 3117 sieut
781 3046 860 3130 ursi,
888 3055 923 3116 et
950 3067 991 3115 os
1017 3047 1090 3117 eius
1117 3048 1204 3118 sieut
1230 3069 1271 3118 os
1298 3048 1415 3118 leonis
1466 3049 1508 3118 Et
1534 3046 1631 3117 dedit
1656 3049 1700 3117 illi

219 3171 325 3242 draco
352 3160 512 3240 virtutem
545 3189 643 3238 suam
678 3177 713 3236 et
745 3174 951 3257 potestatem
986 3187 1157 3256 magnam.
1210 3161 1277 3236 3Ει
1312 3189 1414 3238 unum
1451 3168 1497 3238 de
1530 3167 1700 3260 capitibus

219 3291 290 3360 suis
316 3289 413 3382 quasi
441 3287 593 3357 occisum
621 3285 654 3356 in
681 3295 838 3368 mortem,
866 3293 901 3353 et
926 3285 1030 3376 plaga
1057 3287 1176 3356 mortis
1203 3287 1277 3356 eius
1304 3298 1419 3357 curata
1447 3297 1510 3357 εει.
1554 3287 1597 3356 Ει
1622 3307 1698 3356 am-

220 3411 341 3482 mirata
368 3417 422 3480 est
446 3408 607 3478 universa
633 3417 724 3477 terra
750 3414 831 3497 post
856 3403 1020 3490 bestiam,
1063 3393 1124 3476 *et
1142 3406 1375 3477 adoraverunt
1392 3407 1591 3492 draconem,
1620 3407 1699 3499 quia

220 3531 317 3602 dedit
347 3537 556 3624 potestatem
590 3527 737 3610 bestiae,
772 3535 807 3596 et
839 3525 1074 3596 adoravemnt
1102 3525 1249 3596 bestiam
1281 3527 1435 3598 dicentes
1471 3529 1555 3614 Quis
1582 3527 1699 3600 similis

219 3651 361 3736 bestiae,
390 3649 526 3741 etquis
552 3648 678 3740 poterit
705 3667 859 3740 pugnare
886 3667 963 3716 oum
991 3649 1058 3717 ea?
1109 3638 1177 3718 5Ει
1203 3647 1320 3718 datum
1348 3658 1401 3719 εει
1426 3649 1458 3719 ei
1486 3671 1528 3720 os
1553 3649 1699 3740 loquens

219 3793 345 3863 magna
370 3769 625 3864 blasphemiae,
661 3777 696 3838 et
722 3767 802 3839 data
836 3775 890 3837 εει
914 3767 958 3836 illi
992 3777 1149 3860 potestas
1176 3769 1290 3838 lacere
1318 3789 1457 3840 menses
1483 3769 1576 3839 XLll.
1627 3761 1699 3838 6Ει

220 3892 353 3987 aperuit
379 3913 420 3963 οε
447 3911 545 3962 suum
580 3889 614 3958 in
640 3887 854 3982 blasphemia
888 3886 933 3957 ad
966 3887 1085 3972 deum,
1117 3888 1361 3981 blasphemare
1393 3911 1520 3961 nomen
1555 3889 1629 3960 eius
1665 3899 1699 3959 et

220 4013 477 4086 tabernaculum
504 4012 578 4082 eius
605 4019 640 4080 ει
666 4031 729 4080 εοε
755 4009 814 4101 qui
840 4008 995 4078 incaelo
1022 4007 1182 4080 habitant.
1232 4002 1303 4078 ⁷Et
1328 4009 1445 4080 datum
1474 4019 1528 4081 εει
1553 4009 1596 4080 illi
1622 4009 1697 4079 bel-

218 4131 286 4202 lum
313 4137 427 4205 lacere
454 4155 532 4204 cum
559 4131 685 4203 sanetis
712 4139 747 4201 et
771 4130 911 4200 vincere
937 4127 1021 4213 illos,
1050 4143 1084 4198 ει
1110 4130 1191 4202 data
1209 4140 1262 4200 est
1281 4130 1313 4200 ei
1332 4139 1488 4222 potestas
1505 4130 1539 4200 in
1557 4152 1697 4200 omnem

193 4251 346 4320 tribum
381 4263 416 4321 et
447 4255 609 4346 populum
643 4261 679 4321 et
711 4251 923 4343 linguamet
949 4258 1096 4341 gentem.
1147 4241 1217 4319 ⁸Et
1249 4250 1443 4321 adorabunt
1468 4273 1547 4320 eum
1576 4272 1698 4320 omnes

222 4369 279 4460 qui
307 4369 458 4440 habitant
485 4383 619 4450 terram,
648 4393 794 4462 qnorum
822 4393 891 4441 non
918 4381 996 4441 sunt
1022 4370 1146 4463 scripta
1173 4370 1313 4442 nomina
1338 4371 1372 4441 in
1397 4371 1486 4440 libro
1511 4370 1601 4440 vitae
1620 4373 1698 4461 ami

219 4489 274 4580 qui
303 4487 438 4560 occisus
465 4501 518 4560 εει
544 4491 589 4561 ab
617 4490 749 4582 origine
775 4490 902 4561 mundi.
958 4483 1024 4560 ⁹Si
1051 4490 1127 4582 quis
1153 4491 1259 4561 habet
1285 4513 1412 4574 aurem,
1441 4489 1566 4562 audiat.
1593 4482 1698 4575 ¹⁰Qui

219 4608 252 4680 in
279 4609 525 4702 captivitatem,
561 4609 655 4680 vadit
686 4610 720 4678 in
755 4609 1096 4704 captivitatemzoni
1128 4611 1162 4680 in
1197 4611 1313 4702 gladio
1349 4611 1527 4695 occiderit,
1561 4617 1699 4702 oportet

215 4716 299 4802 'eum
327 4730 442 4822 gladio
470 4729 589 4801 oeoidi.
644 4730 705 4800 llio
732 4740 787 4800 εει
812 4729 973 4822 patientia
1001 4740 1035 4801 et
1062 4731 1150 4802 fides
1168 4742 1373 4802 sanctorum.
1409 4723 1430 4766 ¹¹
1450 4731 1493 4801 Et
1509 4730 1580 4802 vidi
1598 4730 1698 4801 aliam

219 4849 366 4922 bestiam
396 4850 638 4921 ascendentem
675 4851 720 4922 de
753 4859 859 4933 terra,
893 4859 928 4920 et
958 4849 1109 4922 habebat
1143 4873 1272 4922 cornua
1306 4850 1376 4922 duo
1404 4851 1523 4923 similia
1557 4851 1637 4943 agni
1664 4861 1699 4920 et

219 4969 425 5062 loquebatur
451 4972 537 5041 siout
562 4971 680 5042 draeo.
733 4963 813 5041 ⁴'m
837 4979 1044 5063 potestatem
1072 4971 1195 5064 prioris
1221 4971 1354 5042 bestiae
1387 4993 1524 5042 omnem
1552 4971 1698 5043 iaciebat

132 5178 135 5184 ι
219 5089 251 5159 in
286 5104 475 5186 conspectu
501 5093 583 5163 eins.
628 5093 670 5162 m
695 5091 773 5162 feeit
792 5079 927 5162 ¹terram
955 5099 990 5160 et
1016 5091 1210 5164 habitantes
1237 5092 1270 5162 in
1288 5113 1365 5162 eam
1384 5092 1532 5164 adorare
1550 5092 1697 5163 bestiam
1747 5119 1750 5126 ⁴

219 5211 374 5302 primam,
402 5213 497 5284 onius
524 5223 641 5284 curata
668 5223 720 5284 εει
746 5213 850 5305 plaga
878 5212 1006 5282 mortis.
1059 5205 1085 5248 ¹³
1101 5213 1142 5282 Et
1168 5213 1245 5284 lecit
1263 5213 1359 5305 signa
1377 5235 1513 5305 magna,
1542 5225 1578 5284 ut
1595 5213 1697 5285 etiam

750 5333 815 5418 xil,
848 5335 892 5406 lh
923 5373 967 5390 —
997 5333 1075 5416 Xlll,
1108 5335 1162 5402 l3.
