4102 6128
965 397 1246 462 rsotsoorlsttt

1065 671 1142 741 Vlll.

459 877 537 947 Nou
569 874 685 946 inutile
718 872 853 944 videtur
889 896 966 946 cum
999 875 1166 948 Bandiuio
1194 877 1438 970 scripturarum
1473 897 1649 946 sacrarum
1676 897 1842 947 canonem

368 997 583 1081 exscribere,
625 991 919 1086 quemadmodum
958 995 993 1064 in
1026 995 1284 1088 prolegomenis
1325 996 1433 1067 textui
1467 997 1600 1070 Veteris
1633 995 1843 1069 Testamenti

366 1117 557 1212 praetextis
581 1112 713 1206 legitur.
765 1113 796 1184 ls
822 1113 869 1184 ita
895 1113 1008 1186 hebet.

568 1235 606 1304 ln
635 1233 704 1304 hoc
736 1231 858 1304 codiee
895 1234 1109 1306 continentur
1148 1236 1280 1308 Veteris
1318 1247 1353 1307 et
1394 1237 1481 1308 Novi
1517 1237 1728 1308 Testamenti
1767 1237 1841 1306 libri

567 1373 713 1424 numero
738 1351 847 1422 LXXl.

459 1475 617 1546 Genesis.
659 1471 814 1544 Exodus.
858 1473 1038 1545 Levitieus.
1082 1474 1232 1546 Numeri.
1277 1477 1593 1548 Deuteronomium.
1637 1477 1747 1548 losue.
1788 1479 1842 1547 lu-

365 1597 490 1669 dicum.
534 1595 633 1668 Ruth.
678 1593 849 1664 Samuhel.
894 1595 1091 1666 Malachias.
1136 1595 1445 1690 Paralypomeuon.
1490 1597 1591 1668 Liber
1620 1597 1841 1668 Psalmorum.

365 1716 560 1788 Proverbia.
613 1713 851 1786 Ecclesiastes.
904 1714 1041 1788 Cantica
1069 1715 1295 1786 Cantieorum.
1343 1717 1446 1788 Liber
1472 1717 1677 1810 Sapientiae.
1720 1718 1841 1787 Eccle-

364 1836 548 1908 siasticum.
591 1835 722 1910 Esaias.
765 1835 966 1906 iheremias.
1009 1835 1212 1906 Hiezeehiel.
1256 1837 1408 1912 Danihel.
1449 1837 1552 1910 Osee.
1592 1837 1695 1908 lohel.
1722 1836 1840 1908 Amos.

276 1991 280 2000 ·
364 1955 505 2027 hhdias.
549 1955 661 2026 lonas.
704 1953 842 2027 Michas.
894 1955 1015 2026 Naum.
1058 1956 1231 2028 llabacuc.
1277 1957 1456 2028 Soffonias.
1506 1956 1660 2050 Aggeus.
1708 1955 1845 2026 Zacha-·

364 2077 442 2148 rias.
486 2075 682 2146 Malachias.
726 2074 797 2144 lob.
842 2073 1003 2146 Thobias.
1047 2075 1167 2147 Iudith.
1219 2077 1351 2148 Hester.
1403 2079 1518 2149 Ezras.
1570 2077 1841 2149 Machabeorum

363 2196 440 2266 libri
466 2194 547 2266 duo.

457 2314 680 2408 Evangehum
707 2301 897 2385 secundum
924 2313 1113 2400 Matheum,
1140 2315 1330 2388 secundum
1355 2317 1523 2402 lllarcum,
1558 2317 1748 2390 secuudum
1774 2317 1843 2388 Lu-

366 2457 453 2521 cam,
482 2433 675 2506 secuudum
700 2433 897 2506 iohannem.
941 2431 1048 2506 Actus
1075 2437 1320 2530 apostolorum.
1365 2437 1540 2538 Epistulae
1564 2437 1669 2510 Paulli
1693 2437 1842 2530 apostoli

232 2583 262 2620 ω
365 2555 412 2628 ad
436 2557 613 2626 Romanos
649 2554 672 2638 l,
700 2552 747 2624 ad
773 2553 975 2628 Corintheos
1006 2555 1042 2640 ll,
1069 2555 1116 2626 ad
1149 2555 1286 2628 Galatas
1317 2557 1339 2638 1,
1367 2557 1413 2630 ad
1438 2558 1609 2652 Ephesios
1639 2559 1662 2642 1,
1690 2556 1737 2628 ad
1763 2557 1842 2626 Phi-

365 2677 540 2770 lippenses
566 2677 589 2758 l,
617 2674 664 2746 ad
690 2673 898 2746 Colosenses
923 2675 946 2760 1,
974 2676 1019 2747 ad
1053 2675 1379 2748 Thessalonicenses
1411 2679 1446 2764 ll,
1483 2678 1530 2751 ad
1564 2678 1780 2749 Timotheum
1806 2677 1842 2760 ll,

366 2796 411 2867 ad
438 2796 549 2868 Titum
574 2795 597 2878 l,
625 2792 671 2864 ad
698 2793 865 2865 PhiHmon
890 2795 913 2879 l,
941 2796 987 2867 ad
1013 2795 1172 2867 llebrcos
1199 2796 1220 2866 l.
1247 2797 1353 2890 Epist.
1386 2798 1502 2870 lacobi
1527 2800 1549 2884 l,
1583 2797 1673 2870 Petri
1700 2789 1758 2890 1⁴),
1786 2798 1842 2867 lo-

365 2916 486 2988 hannis
513 2916 561 3001 lli,
589 2913 695 2986 Iudae
719 2915 742 2985 l.
785 2915 1015 3008 Apocalypsis
1040 2916 1154 2986 lohan.
1198 2915 1317 2988 Amen.

459 3035 646 3106 Praeterea
672 3035 706 3104 hi
731 3056 856 3106 versus
884 3035 1068 3130 subscripti
1093 3045 1182 3106 sunt.

568 3173 777 3266 Hieronyme
804 3173 974 3267 interpres
1000 3173 1103 3246 variis
1130 3174 1328 3246 doctissime
1355 3175 1486 3266 linguis,

467 3283 472 3292 ’
569 3293 617 3364 Te
643 3293 844 3366 Bethlehem
871 3295 1033 3380 celebrat,
1059 3304 1094 3365 te
1121 3303 1211 3366 totus
1237 3304 1402 3390 personat
1427 3293 1529 3364 orbis.

568 3413 618 3484 Te
645 3435 784 3506 quoque
811 3423 930 3485 nostra
956 3415 1021 3486 tuis
1047 3425 1185 3508 promet
1209 3415 1419 3487 bibliotheca
1443 3413 1547 3499 libris,

569 3535 645 3618 Qua
671 3555 762 3605 nova
789 3556 865 3604 cum
893 3535 1015 3628 priscis
1041 3535 1162 3607 condis
1189 3536 1331 3607 donaria
1358 3535 1463 3630 gazis.

1076 3777 1129 3845 IX.

459 3979 547 4052 Prae
574 3981 647 4052 aliis
681 3981 822 4076 picturis
856 3992 960 4076 atque
995 3982 1205 4052 ornamentis
1237 3982 1270 4050 in
1303 3980 1426 4052 codiee
1452 3979 1621 4052 Amiatino
1648 3980 1841 4074 conspicuis

365 4101 533 4195 picturam
559 4121 636 4172 eam
663 4125 753 4196 quae
786 4103 921 4174 Novum
962 4102 1217 4172 Testamentum
1247 4101 1425 4195 praecedit
1458 4123 1535 4172 eum
1561 4100 1727 4172 Bundinio
1755 4099 1840 4194 (cap.

365 4220 458 4316 xvi.)
485 4221 690 4293 describam.
743 4223 793 4294 Ea
819 4232 928 4294 totam
953 4221 1072 4316 implet
1097 4223 1267 4314 paginam,
1295 4221 1385 4292 circa
1412 4243 1516 4314 quam
1548 4244 1594 4291 ex
1621 4222 1716 4290 omni
1741 4231 1839 4313 perte

366 4343 509 4414 fasciola
536 4363 662 4414 crocea
687 4343 839 4427 recurrit,
867 4342 1041 4433 argenteis
1077 4342 1192 4434 parvis
1220 4363 1410 4435 conspersa
1444 4343 1601 4436 speculis.
1654 4341 1689 4411 ln
1723 4339 1839 4411 medio
1874 4407 1877 4412 ,
1920 4394 1923 4404 .

366 4461 653 4550 circumscribitur
679 4461 795 4533 discus
821 4462 924 4532 variis
951 4462 1124 4533 coloribus
1151 4473 1187 4533 et
1212 4464 1384 4555 argenteis
1410 4463 1552 4532 lamellis
1570 4461 1752 4555 plurimum
1776 4483 1841 4531 ex-

366 4592 516 4654 ornatus.
577 4583 612 4653 ln
646 4592 765 4653 centro
801 4581 887 4654 disci
921 4583 954 4652 in
992 4583 1097 4654 iundo
1131 4583 1291 4654 caeruleo
1330 4585 1502 4654 caelestes
1536 4581 1704 4675 sphaeras
1737 4581 1841 4651 stellis

366 4723 575 4795 conspersas
602 4724 721 4774 creare
747 4701 884 4774 videtur
911 4701 1044 4773 divinus
1072 4702 1188 4795 opifex
1214 4703 1249 4772 iu
1273 4702 1452 4774 maiestate
1480 4702 1608 4774 sedens
1625 4702 1659 4774 in
1677 4700 1841 4774 cathedra

366 4843 428 4892 seu
455 4823 543 4892 solio
570 4844 649 4894 cum
676 4823 815 4920 pulvino
849 4843 891 4894 ac
920 4821 1113 4918 postergali
1145 4823 1358 4914 triangularis
1391 4821 1530 4916 figurae.
1585 4823 1726 4894 Comam
1753 4821 1841 4891 bila-

365 4942 450 5013 riam
478 4942 624 5014 divisam
651 4943 685 5016 in
711 4946 821 5016 fronte
847 4952 985 5033 etpost
1011 4941 1175 5013 humeros
1201 4963 1415 5028 conversam,
1442 4942 1612 5036 simulque
1636 4941 1780 5014 barbam
1807 4941 1840 5010 in

365 5064 527 5156 angulum
564 5071 700 5134 acutum
738 5062 952 5135 desinentem
994 5061 1116 5146 habet;
1158 5062 1300 5156 eiusque
1338 5072 1439 5156 caput
1477 5063 1624 5137 rotundo
1664 5083 1841 5156 aureoque
1910 5147 1912 5158 Ι

453 5285 479 5360 l)
502 5284 567 5345 Sic:
591 5301 650 5364 per
674 5303 827 5362 errorem,
850 5293 885 5344 ut
905 5281 1035 5346 videtur.
