4102 6128
575 377 776 440 PROLOGUS
806 379 842 438 ΙΝ
870 379 1100 440 EVANGEtta
1129 378 1343 454 QUATTUOR
1490 427 1492 432 ,
1686 399 1708 463 9

195 475 541 492 --·—-*--·-
620 477 1717 516 —--—-—-—-—-———---..·-½,-

195 581 319 652 amavit
347 582 536 674 plurimum,
565 581 621 673 qui
651 601 756 674 super
786 589 905 671 pectus
934 577 1083 648 domini
1117 581 1333 653 recumbens
1366 589 1550 678 purissima
1580 597 1710 670 doctri-

196 722 314 770 narum
343 700 465 770 liuenta
494 701 641 792 potavit,
678 699 796 790 etqui
825 699 919 766 solus
948 695 1007 764 de
1039 718 1147 769 cruce
1178 701 1304 772 meruit
1332 704 1453 776 audire
1480 710 1573 784 Ecce
1601 731 1711 792 mater

197 831 262 890 tua.
314 821 345 888 ls
372 841 448 889 cum
476 829 570 889 esset
598 820 632 889 iu
661 820 743 891 Asia
772 827 808 888 et
833 818 900 888 iam
931 825 1028 884 tunc
1059 817 1297 891 hereticorum
1325 825 1457 898 semina
1477 833 1709 926 pullulassent,

196 939 341 1008 Cerinthi
377 938 540 1009 Hebionis
573 950 609 1008 et
647 950 842 1010 ceterorum
879 936 936 1028 qui
984 951 1120 1028 negant
1154 940 1326 1010 Christum
1360 943 1393 1012 in
1427 968 1533 1020 carne
1561 959 1708 1045 venisse,

197 1079 285 1148 quos
303 1068 337 1127 et
354 1059 475 1150 ipsein
494 1059 643 1151 epistula
673 1082 734 1130 sua
754 1058 949 1130 anticristus
977 1068 1086 1128 vocat
1105 1070 1140 1130 et
1163 1061 1346 1152 apostolus
1366 1063 1491 1138 Paulus
1509 1071 1708 1165 frequenter

198 1178 349 1270 percutit,
369 1187 510 1248 coactus
529 1179 646 1250 est'ab
668 1180 828 1250 omnibus
843 1199 931 1272 pene
954 1185 1041 1248 tunc
1061 1179 1169 1251 Asiae
1188 1179 1366 1272 episcopis
1385 1194 1419 1252 et
1440 1189 1621 1264 ntultarum
1644 1219 1705 1268 ec·
1736 1235 1740 1244 ·

197 1297 376 1368 elesiarum
395 1297 638 1389 legationibus
670 1296 735 1370 'de
751 1299 925 1370 divinitate
945 1297 1136 1374 salvatoris
1157 1299 1261 1372 altius
1280 1301 1435 1372 scribere
1457 1317 1493 1375 et
1520 1311 1566 1380 ad
1590 1313 1701 1405 ipsum

198 1427 233 1488 ut
259 1418 301 1488 ita
338 1417 450 1488 dicam
486 1417 541 1486 dei
576 1419 726 1490 verbum
756 1441 823 1488 non
857 1432 925 1489 tam
964 1419 1089 1490 audaci
1126 1441 1234 1510 quam
1269 1419 1356 1490 ielici
1389 1427 1582 1498 temeritate
1615 1457 1700 1524 pro-

198 1558 376 1630 rumpere,
409 1549 446 1608 ut
479 1539 719 1608 ecclesiastiea
754 1533 871 1610 narrat
903 1539 1066 1622 historia,
1102 1559 1182 1607 cum
1213 1559 1231 1608 a
1261 1539 1423 1610 hal-ribus
1449 1559 1635 1637 cogeretur
1663 1563 1699 1622 ut

199 1658 375 1740 scriberet,
402 1658 448 1728 ita
475 1659 645 1728 lucturum
677 1657 902 1749 respondisse
930 1658 958 1728 si
985 1657 1114 1730 indicto
1143 1656 1272 1728 ieiunio
1300 1659 1332 1728 iu
1361 1680 1546 1736 commune
1573 1689 1697 1738 omues

199 1777 301 1848 deum
336 1777 625 1869 deprecarentur;
662 1799 733 1868 pun
768 1779 909 1870 expleto
946 1777 1158 1848 revelatione
1185 1787 1361 1849 saturatus
1395 1779 1427 1848 in
1454 1781 1536 1854 illud
1563 1787 1695 1877 probe

199 1897 302 1968 mium
329 1898 428 1970 caelo
456 1896 601 1968 venicus
628 1896 799 1968 eructavit
825 1896 860 1966 ln
888 1896 1057 1989 principio
1085 1906 1161 1966 erat
1188 1896 1354 1980 verbum,
1383 1907 1418 1966 et
1444 1903 1588 1996 verbum
1618 1917 1693 1976 erat

200 2017 292 2112 apud
319 2017 433 2100 deum,
461 2027 496 2086 et
523 2015 612 2088 deus
641 2025 716 2086 erat
743 2015 810 2086 hoc
827 2015 992 2086 verbum:
1022 2015 1088 2089 hoc
1116 2026 1191 2086 erat
1209 2015 1241 2084 in
1262 2017 1429 2113 principio
1455 2020 1549 2110 apud
1575 2021 1692 2092 deum.

201 2139 292 2210 Haec
321 2137 420 2229 igitur
448 2145 613 2228 quattuor
640 2136 821 2226 evangelia
850 2135 993 2206 multum
1021 2145 1100 2206 ante
1130 2134 1308 2228 praedicta
1332 2136 1523 2210 Ezechielis
1550 2161 1692 2232 quoquo

200 2258 359 2328 volumen
388 2257 522 2349 probat,
550 2256 583 2328 in
610 2277 681 2346 quo
709 2257 819 2347 prima
846 2253 933 2324 visio
961 2254 1008 2324 ita
1035 2255 1230 2326 contexitur
1256 2256 1297 2326 Et
1324 2257 1357 2324 in
1384 2255 1501 2328 medio
1529 2256 1616 2330 sicut
1642 2259 1692 2328 si-

202 2375 353 2450 militudo
390 2385 551 2468 quattuor
581 2375 796 2460 animalium,
830 2383 866 2444 at
900 2373 1014 2446 vultus
1047 2397 1167 2448 eorum
1202 2375 1307 2446 iacies
1341 2375 1494 2448 bominis·
1522 2387 1557 2446 et
1583 2378 1692 2448 lacies

200 2496 309 2568 leonis
336 2506 371 2566 et
397 2497 503 2568 iacies
529 2494 623 2566 vituli
651 2507 682 2564 ct
711 2494 817 2568 iacies
845 2493 991 2585 aquilae.
1046 2495 1158 2568 Prima
1195 2494 1341 2566 hominis
1375 2496 1482 2566 iacies
1514 2495 1689 2566 hlatheum

200 2615 383 2708 significat,
421 2616 476 2708 qui
511 2615 610 2707 quasi
641 2614 687 2684 de
714 2614 854 2686 homine
881 2633 1032 2686 exorsus
1068 2624 1122 2686 est
1148 2613 1302 2684 scribere
1328 2615 1429 2686 Lihcr
1456 2615 1690 2705 generationis

199 2737 276 2808 lesu
305 2736 425 2808 Christi
453 2735 507 2806 lilii
535 2733 645 2806 David
672 2733 727 2802 lilii
746 2731 932 2806 Abrabam.
979 2733 1139 2806 Secunda
1166 2734 1328 2816 Marcum,
1357 2733 1486 2825 inquo
1514 2755 1585 2806 vox
1612 2733 1689 2806 leo-

200 2857 251 2930 nis
267 2857 312 2928 in
340 2856 484 2928 heremo
522 2853 686 2945 rugientis
720 2853 857 2926 auditur
890 2854 965 2924 Vox
1002 2853 1180 2926 clamantis
1214 2853 1247 2924 in
1275 2852 1417 2924 desorto
1445 2853 1570 2924 Parate
1599 2854 1689 2928 viam

200 2975 344 3060 domini,
373 2985 485 3050 rectas
514 2974 614 3046 lacitc
642 2972 784 3044 semitas
813 2974 895 3046 eius.
950 2974 1064 3048 Tertia
1096 2973 1198 3058 vituli,
1227 2993 1318 3063 quae
1345 2973 1591 3063 evangelistam
1619 2974 1688 3044 Lu-

201 3118 278 3168 cam
307 3117 326 3166 a
355 3094 520 3166 Zacharia
548 3093 734 3166 sacerdote
762 3093 929 3164 sumsisse
957 3093 1084 3166 initium
1109 3092 1364 3186 praefiguravit.
1406 3093 1535 3176 Quarta
1562 3093 1688 3164 loban-

202 3237 282 3286 nem
309 3213 567 3306 evangelistam,
596 3214 652 3303 qui
680 3214 848 3284 adsumtis
876 3212 986 3304 pinnis
1013 3215 1147 3304 aquilae
1175 3213 1283 3284 etad
1311 3214 1431 3286 altiora
1464 3213 1629 3284 testinans
1655 3222 1689 3284 et

201 3334 247 3407 de
275 3337 386 3408 verbo
413 3334 471 3406 dei
505 3333 665 3426 disputat.
714 3335 835 3404 Cetera
862 3352 953 3421 quac
981 3341 1170 3422 sequuntur
1196 3331 1229 3400 in
1256 3331 1407 3404 eundem
1435 3355 1575 3406 sensum
1605 3355 1688 3425 pro-

202 3455 325 3528 liciunt.
367 3456 475 3526 Crura
502 3473 622 3526 eorum
652 3463 745 3522 recta
774 3463 808 3522 et
836 3451 961 3543 pinnati
991 3451 1111 3544 pedes,
1141 3462 1174 3522 et
1202 3471 1425 3543 quocumque
1452 3452 1590 3544 spiritus
1616 3453 1690 3526 ibat

202 3574 296 3648 ibant
322 3585 357 3646 ct
383 3595 452 3648 non
479 3573 751 3655 revertebantur,
780 3581 815 3640 et
841 3571 947 3641 dorsa
975 3592 1096 3644 eorum
1127 3572 1227 3664 plena
1255 3571 1373 3656 oculis,
1402 3581 1437 3642 et
1464 3571 1628 3644 scintillae
1655 3581 1690 3644 et

201 3691 382 3788 lampades
409 3693 442 3765 in
476 3693 592 3764 medio
619 3691 867 3774 discurrentes,
896 3701 930 3762 et
958 3699 1033 3762 rota
1063 3691 1095 3760 in
1122 3700 1214 3774 rota,
1241 3701 1277 3764 et
1303 3690 1335 3760 in
1363 3691 1503 3783 siugulis
1530 3702 1690 3783 quattuor

202 3814 317 3886 lacios.
372 3812 469 3882 Unde
497 3822 532 3882 et
559 3811 781 3917 apocalypsis
808 3811 968 3882 lobannis
996 3819 1076 3902 post
1102 3811 1358 3904 expositionem
1385 3811 1501 3902 viginti
1530 3823 1690 3904 quattuor

203 3933 394 4016 seniorum,
430 3933 487 4023 qui
524 3941 679 4002 tenentes
713 3931 862 4002 citharas
889 3940 924 4002 et
952 3929 1049 4004 fialas
1075 3930 1223 4002 adorant
1251 3953 1377 4022 agnum
1406 3931 1477 4015 dei,
1507 3932 1690 4004 introducit

203 4053 335 4143 fulgura
371 4060 406 4122 et
441 4051 587 4124 tonitrua
621 4060 656 4120 et
689 4059 824 4142 septem
858 4049 996 4141 spiritus
1029 4049 1261 4122 discurrentes
1296 4059 1331 4120 et
1357 4073 1454 4122 mare
1481 4051 1626 4124 vitreum
1655 4063 1690 4122 et

203 4182 365 4263 quattaror
398 4171 556 4244 animalia
591 4171 692 4262 plena
729 4169 853 4252 oculis,
891 4169 1013 4240 diceus
1047 4169 1180 4242 Animal
1209 4173 1355 4262 primum
1384 4171 1493 4242 simile
1521 4171 1627 4254 leoni,
1655 4181 1688 4242 ct

203 4290 393 4362 secundum
430 4289 539 4358 simile
573 4289 700 4372 vitulo,
736 4298 771 4360 et
805 4289 940 4362 tertium
976 4289 1085 4362 simile
1123 4288 1286 4373 hominis,
1323 4300 1358 4360 et
1392 4301 1552 4381 quartum
1579 4290 1688 4363 simile
1711 4311 1740 4382 g
1858 4284 1859 4292 '

203 4410 339 4502 aquilae
365 4409 502 4480 volanti.
555 4409 597 4478 Et
624 4417 704 4501 post
731 4409 902 4500 paululum
932 4409 1036 4479 Plena
1064 4408 1170 4498 inquit
1196 4419 1294 4479 erant
1321 4409 1445 4492 cerdis,
1473 4419 1507 4479 et
1534 4412 1687 4502 requiem

202 4551 274 4598 nou
307 4527 484 4598 habebant
516 4527 574 4597 die
610 4549 652 4605 ac
685 4539 805 4612 uccte,
841 4526 989 4598 dicentia
1017 4528 1162 4598 Sanctus
1198 4527 1336 4599 sanctus
1363 4539 1501 4598 sauctus
1529 4529 1689 4599 dominus

204 4647 292 4718 deus
320 4646 548 4738 omnipotens,
577 4647 634 4738 qui
662 4657 737 4718 erat
763 4656 799 4716 et
825 4647 881 4737 qui
909 4656 1074 4716 venturus
1097 4654 1158 4716 est.
1189 4647 1320 4730 Quibus
1347 4647 1478 4717 cunctis
1505 4647 1688 4740 perspicue

204 4765 396 4836 ostenditur
422 4773 583 4856 quattuor
609 4775 739 4836 tautum
766 4765 898 4836 debere
925 4765 1105 4856 evangelia
1134 4765 1275 4858 suscipi,
1303 4775 1338 4834 ct
1365 4785 1486 4836 omnes
1513 4763 1687 4857 apocrifo-

203 4905 278 4954 rum
306 4883 426 4954 nenias
453 4883 596 4955 mortuis
623 4885 734 4976 magis
760 4885 921 4954 hereticis
948 4905 1051 4976 quam
1079 4883 1324 4954 ecclesiasticis
1349 4883 1437 4954 vivis
1464 4882 1649 4954 canendas
