4242 6118
420 1219 632 1293 lNCIPlUNT
660 1218 871 1291 CAPITULA
896 1215 1149 1290 LECTIONUM
1176 1219 1411 1294 SECUNDUM
1437 1218 1591 1292 LUCAM.

264 1565 266 1576 .
359 1464 385 1534 Ι.
413 1461 627 1538 Praelatione
652 1462 763 1534 Lucas
788 1461 981 1554 Theophilo
1008 1459 1222 1551 evangelium
1249 1460 1382 1534 indicat
1409 1481 1472 1552 per
1498 1461 1655 1532 ordinem
1680 1459 1745 1532 de-

409 1582 623 1676 scripturum.

345 1705 381 1775 ll.
409 1702 648 1779 Sacerdotium
680 1701 758 1772 iusti
792 1699 978 1773 Zachariae
1011 1703 1156 1772 refertur
1189 1709 1224 1772 et
1257 1701 1348 1773 visio
1385 1700 1419 1770 in
1453 1701 1582 1794 templo
1616 1722 1685 1794 qua
1711 1702 1743 1773 ei
1802 1715 1805 1723 “
1896 1687 1899 1696 ’

410 1823 497 1895 lilius
524 1823 649 1914 angelo
675 1822 851 1894 revelante
876 1819 1083 1914 promittitur
1108 1821 1316 1906 nasciturae,
1352 1825 1451 1892 cuius
1484 1821 1589 1893 etiam
1616 1843 1743 1894 concc-

409 1944 482 2038 ptio
509 1949 729 2014 memoratur.

335 2064 384 2136 lll.
411 2063 535 2136 Missus
562 2063 705 2154 angelus
739 2062 785 2134 ad
817 2062 958 2134 Mariam
989 2061 1198 2132 naseiturum
1233 2062 1385 2154 loquitur
1418 2062 1644 2133 salvatorem:
1672 2083 1741 2155 quo

409 2205 495 2254 mox
521 2189 693 2274 concepto
719 2181 883 2254 salutatum
908 2183 954 2254 ab
980 2181 1165 2266 Elisabeth,
1193 2182 1370 2252 exulmnte
1396 2180 1432 2251 in
1457 2195 1557 2256 utero
1575 2179 1740 2255 Iohanne:

409 2304 502 2376 unde
529 2312 609 2396 past
633 2302 674 2372 111
700 2323 839 2374 menses
864 2323 1008 2374 reversa
1034 2301 1146 2374 estin
1172 2301 1312 2374 domum
1342 2321 1453 2374 suam.

317 2425 388 2504 llll.
415 2425 505 2497 Nato
532 2422 683 2494 lohanne
708 2443 782 2493 vox
808 2419 933 2516 eloquii
959 2431 1054 2494 muto
1087 2421 1243 2494 redditur
1276 2422 1365 2515 patri
1397 2421 1476 2495 ilico
1510 2423 1738 2518 prophetanti.

412 2546 501 2617 Puer
527 2545 561 2614 in
587 2537 728 2614 deserto
755 2553 809 2614 est
834 2543 1005 2637 usquein
1030 2543 1124 2614 diem
1150 2542 1356 2615 ostensionis
1383 2567 1470 2618 suae
1497 2543 1543 2618 ad
1568 2547 1705 2620 israhel.

351 2669 383 2738 V.
411 2666 567 2736 Refertur
588 2661 737 2734 edictum
765 2663 935 2749 Caesaris,
964 2673 1000 2735 et
1024 2663 1182 2736 nativitas
1209 2662 1329 2734 Christi
1364 2665 1563 2758 pastoribus
1597 2669 1641 2740 ab
1674 2693 1737 2742 an-

411 2785 491 2878 gelo
518 2783 698 2868 nuntiatur,
726 2805 802 2855 oum
837 2805 906 2878 quo
940 2785 1098 2857 caelestis
1132 2781 1311 2856 multitudo
1346 2787 1439 2858 canit
1473 2788 1587 2862 Gloria
1611 2789 1646 2862 in
1672 2814 1738 2864 ex-

414 2906 514 2976 celsis
539 2904 620 2976 deo.

338 3025 555 3118 Vl'hngelis
588 3023 880 3098 descendentibus
913 3037 1072 3121 pastores
1105 3026 1249 3122 proiecti
1281 3027 1490 3100 salvatorem
1526 3032 1560 3103 in
1593 3053 1738 3124 praese-

414 3147 473 3241 pio
499 3145 648 3240 positum
674 3157 910 3238 reppererunt,
937 3147 1042 3220 deum
1069 3145 1251 3242 superbis
1283 3167 1374 3238 quae
1405 3149 1571 3222 videbant
1595 3153 1738 3224 conlau-

415 3267 549 3340 dantes.

327 3389 391 3458 Vll.
419 3388 551 3458 Octavo
592 3385 649 3456 die
682 3384 948 3459 circumcisionis
982 3387 1056 3459 eius
1089 3383 1287 3483 'prophetia
1330 3389 1524 3480 praesentis
1558 3390 1738 3484 symeonis

415 3505 492 3579 iusti
517 3507 573 3578 vel
599 3504 718 3576 Annae
743 3503 984 3600 prophetissae
1009 3517 1174 3580 narratur.

314 3628 391 3698 Vlll.
417 3625 616 3700 Duodennis
640 3625 716 3718 ipse
741 3629 905 3699 remansit
930 3649 950 3702 a
975 3628 1047 3700 suis
1073 3629 1107 3699 in
1133 3627 1271 3721 templo,
1300 3629 1478 3720 quaerenti
1503 3630 1601 3702 matri
1619 3628 1738 3702 dicens

414 3747 450 3818 ln
476 3747 529 3818 his
555 3767 645 3840 quae
670 3746 776 3840 patris
802 3748 870 3819 mei
896 3757 1034 3843 oportet
1059 3771 1116 3822 me
1141 3769 1230 3820 esse.

297 3869 387 3940 VIIII.
414 3869 514 3940 Anno
540 3869 608 3938 XV.
635 3865 759 3938 liberii
786 3867 942 3940 Caesaris
967 3870 1126 3942 lobannis
1157 3879 1231 3941 orta
1258 3869 1470 3964 praedicatio
1497 3869 1633 3955 dicitur,
1670 3893 1738 3965 qua

416 3999 559 4060 cunctos
584 3987 630 4060 ad
657 3987 897 4083 paenitentiam
925 3991 1125 4064 cohortatum
1149 4001 1185 4062 ct
1209 3989 1441 4063 calciamentis
1467 3989 1595 4062 domini
1621 4011 1660 4063 se
1685 3993 1737 4064 la-

416 4118 506 4180 tetur
531 4109 715 4202 indignum.

350 4231 389 4300 X.
416 4229 574 4302 Herodes
600 4229 732 4302 carceri
758 4229 819 4301 dat
843 4227 1045 4300 iohannem:
1079 4241 1115 4302 et
1140 4231 1232 4304 XXX
1264 4253 1430 4303 annorum
1463 4232 1637 4325 baptizato
1670 4231 1736 4304 do·
1771 4249 1773 4254 ’

416 4351 509 4421 mino
540 4349 695 4422 trinitatis
727 4349 761 4420 in
792 4348 965 4443 baptismo
999 4353 1200 4445 mysterium
1234 4353 1441 4426 declaratur:
1479 4351 1737 4445 generationum

417 4457 563 4542 LXXVII
586 4493 607 4542 a
633 4470 765 4542 Christo
791 4489 927 4542 sursum
953 4491 1079 4544 versus
1105 4473 1280 4546 addeum
1307 4473 1396 4546 ordo
1423 4473 1622 4546 contexitur.

209 4585 213 4597 '
333 4593 386 4662 Xl.
412 4593 469 4664 XL
495 4591 628 4662 dierum
654 4591 813 4663 ieiunium
840 4601 876 4662 et
901 4591 986 4663 trina
1013 4593 1210 4666 temtatione
1237 4593 1394 4666 diabolus
1411 4603 1592 4689 superatus
1619 4601 1736 4666 osten-

417 4712 515 4784 ditur.

327 4833 393 4904 Xll.
420 4832 525 4904 Fama
550 4830 701 4925 regressi
727 4832 761 4902 in
785 4819 971 4904 'sabaeum
998 4833 1151 4917 refertur,
1179 4843 1215 4904 et
1240 4833 1336 4926 quod
1361 4835 1485 4907 Esaiae
1519 4835 1641 4907 libmm
1675 4857 1735 4906 ac-

417 4952 547 5046 cipiens
573 4951 620 5024 de
645 4971 685 5023 se
710 4953 885 5046 impletum
912 4952 1054 5038 dixerit,
1080 4973 1146 5024 nec
1172 4953 1302 5025 habere
1337 4954 1543 5050 prophetam
1569 4955 1737 5027 honorem

416 5073 450 5144 in
475 5071 587 5167 patria
612 5093 691 5145 sua:
719 5071 825 5144 relata
853 5073 955 5145 eham
981 5073 1084 5146 vidua
1111 5072 1157 5144 de
1183 5073 1327 5167 Serapta
1362 5075 1418 5146 vel
1450 5075 1579 5169 leprosi
1605 5075 1738 5147 Neman

418 5194 494 5288 Syri
519 5193 758 5278 mundatione,
794 5193 889 5287 quod
920 5215 985 5288 per
1018 5193 1168 5266 medium
1203 5215 1323 5266 eorum
1358 5195 1521 5289 quicum
1549 5196 1738 5269 demonte

417 5314 645 5410 praecipitare
669 5314 833 5388 volebant
857 5314 1026 5387 transierit
1050 5313 1224 5387 indicatur.

1361 5437 1437 5512 ta*
