4146 6120
360 359 432 430 llll
869 355 1126 420 APOCALYPSIS
1152 355 1331 418 totmltltls

613 463 743 472 -—
768 463 838 470 -n-
901 464 1159 471 ———--
1349 463 1361 470 ι
1389 463 1843 470 -ι--η-..μ-μ-Ἡ--η-..ς-

1061 593 1142 666 xvl.

440 799 511 876 ¹lll
537 803 651 876 audiri
678 825 801 874 vocent
841 823 999 894 magnam
1036 803 1082 874 de
1117 803 1244 896 templu
1281 801 1452 875 dicentem
1468 813 1616 896 ‘septem
1643 799 1775 892 augelis
1801 801 1846 870 ltu

364 939 399 998 et
425 925 589 998 ellundito
617 934 751 1018 septem
781 922 913 1016 phialas
940 923 1011 994 irae
1038 923 1096 994 dei
1122 923 1155 994 in
1182 933 1319 993 terram.
1372 917 1445 994 'Et
1462 923 1544 995 abiit
1561 921 1690 1016 primus
1708 931 1743 992 et
1761 921 1846 990 ellu-

364 1049 414 1121 dit
441 1047 587 1140 phialam
616 1067 713 1116 suam
742 1043 776 1112 io
804 1053 945 1128 terram,
974 1055 1009 1114 et
1035 1045 1160 1114 laetum
1189 1053 1244 1112 est
1270 1045 1392 1114 vulnus
1419 1065 1563 1116 saevum
1591 1063 1633 1114 ao
1659 1043 1847 1136 pessimum

365 1171 398 1240 in
425 1167 584 1238 homines
611 1163 668 1256 qui
696 1163 873 1235 habebant
899 1175 1113 1234 caracterem
1148 1163 1284 1234 bestiae
1319 1175 1353 1234 et
1380 1165 1414 1236 in
1441 1165 1588 1257 eosqui
1615 1163 1847 1234 adoraverunt
1879 1149 1888 1160 ’

366 1289 550 1381 imaginem
578 1285 662 1356 eius.
715 1277 783 1355 ³Et
809 1285 984 1354 seorrndus
1018 1282 1138 1354 etludit
1171 1283 1320 1376 phialam
1353 1307 1451 1356 suam
1479 1285 1514 1356 in
1540 1305 1650 1368 mare,
1679 1295 1715 1353 et
1740 1285 1848 1354 lautus

367 1423 420 1480 est
446 1408 587 1500 sanguis
613 1417 786 1496 tamquam
816 1405 950 1490 mortui,
978 1415 1011 1474 el
1040 1403 1153 1474 omnis
1181 1403 1294 1475 anima
1321 1406 1441 1476 vivens
1468 1414 1603 1476 mortua
1630 1414 1684 1474 est
1702 1403 1736 1474 in
1755 1403 1849 1473 mari.

366 1521 437 1601 *ll
464 1529 584 1600 tertius
610 1525 729 1596 alludit
755 1525 902 1618 phialam
931 1547 1029 1595 suam
1056 1545 1162 1616 super
1187 1523 1325 1595 llumina
1352 1537 1387 1596 et
1413 1545 1518 1624 super
1543 1527 1655 1596 sontes
1673 1543 1849 1616 aquarum,

290 1734 293 1743 ¹
367 1663 402 1722 rt
428 1653 539 1722 lactus
567 1659 621 1716 est
648 1647 798 1736 sanguis.
850 1639 923 1714 ⁵Et
949 1645 1064 1716 audiri
1092 1645 1254 1735 angelum
1281 1667 1447 1738 aquarum
1475 1646 1646 1718 dicentem
1673 1645 1784 1714 lustus
1801 1665 1850 1724 ee,

367 1772 424 1864 qui
452 1792 493 1840 es
521 1767 639 1860 etqui
668 1787 747 1836 eras
774 1777 924 1849 sanctus,
953 1765 1033 1857 quia
1060 1765 1146 1834 haec
1173 1765 1346 1836 iudicasti:
1396 1757 1505 1860 ⁶quia
1539 1763 1741 1856 sauguinem
1770 1785 1852 1834 san-

369 1902 502 1962 ctorum
543 1897 577 1958 et
611 1887 857 1980 prophetarum
892 1885 1068 1970 fuderunt,
1102 1898 1137 1954 et
1168 1887 1370 1977 sanguinem
1406 1888 1458 1958 eis
1492 1887 1618 1960 dedisti
1654 1885 1784 1964 bibero,
1819 1895 1853 1952 ut

369 2013 462 2103 digni
490 2021 578 2080 suot.
631 1999 1010 2078 1ΕῑιιιιιίιιίιΙιιιιιιιιι
1038 2004 1158 2076 dicens
1184 2005 1313 2090 Etiam,
1341 2005 1480 2078 domino
1507 2007 1596 2078 deus
1622 2003 1852 2098 omnipotens,

371 2155 454 2203 uera
481 2142 518 2202 et
544 2131 632 2201 iusta
659 2127 783 2198 iudicia
818 2137 885 2198 tua.
938 2119 1006 2196 8Εἰ
1033 2137 1175 2217 quartus
1207 2127 1326 2198 elludit
1359 2127 1508 2222 phialam
1541 2147 1640 2198 suam
1674 2127 1708 2194 in
1734 2125 1852 2204 solem,

371 2265 406 2324 ot
433 2252 552 2324 datum
580 2259 634 2319 est
661 2249 703 2318 illi
731 2259 829 2318 aestu
856 2247 995 2318 afficere
1022 2247 1181 2316 homiues
1214 2259 1249 2316 ut
1283 2249 1360 2340 igni.
1412 2241 1484 2318 9Ει
1519 2255 1763 2318 aestuaverunt
1790 2244 1853 2314 ho-

373 2375 482 2444 mines
509 2381 609 2442 aestu
634 2389 771 2460 magno,
798 2381 834 2438 ot
859 2367 1187 2461 blasphemaverunt
1212 2389 1341 2439 nomen
1373 2369 1429 2440 dei
1466 2369 1623 2443 habentis
1649 2377 1855 2461 potestatem

354 2473 478 2586 'super
521 2491 584 2560 has
620 2490 756 2581 plagas,
799 2509 912 2580 neque
946 2499 1091 2578 egerunt
1124 2487 1364 2580 paenitentiam
1399 2499 1437 2558 ut
1469 2489 1592 2560 darent
1626 2485 1670 2558 illi
1702 2487 1854 2579 gloriam.

374 2607 453 2682 ¹⁰Et
487 2609 624 2702 quimus
658 2608 776 2679 elludit
810 2609 958 2700 phialam
992 2629 1089 2678 suam
1122 2629 1227 2700 super
1258 2608 1378 2678 sedum
1414 2609 1562 2692 bestiae,
1591 2619 1628 2678 et
1652 2611 1776 2678 lautum
1804 2617 1857 2676 eet

289 2817 292 2824 ¹
375 2753 519 2824 rognum
547 2729 620 2798 eius
648 2728 886 2812 tenebrosum,
915 2738 950 2798 ot
976 2728 1337 2798 conmanduoarerunt
1357 2729 1491 2822 linguas
1520 2749 1602 2799 suas
1620 2749 1704 2822 prae
1723 2727 1855 2808 dolore,

376 2845 447 2922 ¹'et
481 2849 812 2942 blasphemaverunt
844 2847 950 2919 derum
984 2849 1070 2918 caeli
1096 2869 1180 2940 prao
1215 2849 1394 2920 doloribus
1428 2860 1463 2920 ot
1490 2849 1689 2920 uulneribus
1714 2849 1794 2934 suis,
1822 2859 1854 2918 et

376 2993 443 3042 non
471 2979 615 3062 egerunt
642 2967 884 3062 paenitentiam
913 2989 959 3039 ex
987 2969 1152 3062 operibus
1180 2971 1260 3040 suis.
1316 2963 1339 3005 ¹²
1357 2971 1398 3040 Et
1425 2981 1546 3041 sentus
1573 2969 1692 3040 alludit
1709 2969 1854 3062 phialam

376 3113 472 3164 suam
500 3090 533 3160 in
560 3089 688 3160 llurnen
713 3089 804 3159 illum
832 3111 994 3181 maguum
1020 3091 1190 3174 Ennaton,
1218 3099 1253 3161 et
1279 3091 1419 3162 siccavit
1444 3113 1570 3182 aquam
1590 3090 1675 3172 eiua,
1703 3099 1738 3158 ut
1756 3109 1855 3180 prae-

377 3222 515 3306 paretur
541 3211 594 3282 via
623 3209 764 3301 regibus
791 3209 836 3280 ab
863 3221 939 3280 ortu
967 3211 1061 3282 solis.
1115 3203 1358 3282 13Ειιῑιιιιιι
1385 3231 1446 3282 ore
1474 3207 1637 3281 draconis
1663 3219 1699 3278 et
1720 3205 1766 3279 de
1794 3229 1856 3277 oro

376 3332 510 3403 bustiae
543 3343 579 3400 et
613 3330 659 3402 de
694 3351 756 3400 ore
792 3329 1122 3424 pseudoprophetae
1158 3331 1296 3424 spiritus
1329 3341 1399 3400 tres
1435 3329 1619 3400 inmundos
1652 3331 1685 3401 in
1719 3327 1857 3398 modum

269 3535 272 3545 y
378 3473 552 3524 ranarum:
598 3438 623 3484 ¹*
641 3459 720 3520 sunt
745 3450 835 3520 enim
864 3452 1002 3545 spiritus
1030 3447 1293 3522 daemoniorum
1321 3451 1483 3522 facientes
1518 3451 1635 3542 signa,
1669 3445 1859 3542 procedent

378 3573 424 3645 ad
455 3593 559 3664 rogos
592 3571 696 3641 tutius
730 3580 844 3640 torrae
877 3593 1093 3663 congregare
1126 3570 1201 3640 illos
1236 3569 1269 3640 in
1303 3573 1471 3664 proelium
1504 3573 1549 3642 ad
1577 3569 1670 3642 diem
1698 3589 1859 3662 magnum

378 3693 435 3764 dei
462 3691 714 3784 omnipotentis.
767 3682 792 3724 ¹5
809 3691 898 3762 Eece
926 3691 1028 3762 renio
1055 3691 1141 3761 siout
1166 3691 1227 3762 lur.
1272 3691 1399 3762 Beatus
1426 3693 1483 3784 qui
1510 3692 1626 3783 vigilat
1651 3702 1686 3762 et
1712 3687 1861 3762 custodit

378 3814 583 3884 vestimenta
616 3831 695 3894 sua,
729 3831 771 3880 ne
806 3811 920 3882 nudus
953 3811 1105 3882 ambulet
1137 3821 1173 3881 et
1206 3809 1347 3882 videant
1372 3813 1614 3906 turpitudinem
1642 3812 1727 3882 eius.
1780 3801 1804 3846 ¹⁶
1820 3809 1860 3880 Et

379 3931 605 4026 congregavit
630 3931 707 4002 illos
734 3931 767 4000 in
786 3931 897 4002 locum
918 3932 975 4023 qui
993 3943 1137 4004 uocatur
1156 3932 1342 4003 hebraicae
1360 3932 1616 4024 Hermagedon.
1656 3923 1681 3966 ⁴⁷
1693 3932 1735 4001 Et
1753 3931 1859 4024 septi-

381 4075 455 4122 mus
481 4050 601 4122 elladit
627 4051 776 4144 phialam
810 4073 906 4122 suam
943 4053 975 4122 in
1002 4073 1138 4138 aerem,
1167 4064 1203 4124 et
1229 4053 1335 4123 exivit
1361 4075 1431 4124 vox
1459 4073 1586 4145 magna
1613 4053 1659 4124 do
1686 4051 1860 4144 templou

379 4173 502 4245 throno
530 4171 650 4243 dicens
675 4171 817 4243 Factum
844 4183 906 4242 est.
960 4166 985 4208 ¹⁸
1000 4173 1043 4242 m
1069 4175 1155 4244 laeta
1182 4183 1260 4244 suut
1285 4174 1419 4264 fulgora
1447 4185 1482 4244 et
1507 4193 1616 4244 uoces
1642 4183 1677 4242 ot
1704 4172 1860 4254 tonitrua,

379 4305 414 4364 et
441 4305 554 4364 terrae
581 4303 696 4364 motus
722 4293 831 4364 laetus
858 4301 912 4362 est
937 4315 1094 4385 magnus,
1122 4294 1232 4386 qualis
1259 4315 1446 4387 numquam
1482 4293 1542 4363 luit
1577 4315 1624 4363 ex
1650 4313 1721 4384 quo
1749 4273 1861 4364 homi-

379 4435 442 4485 nes
468 4415 603 4484 luerunt
628 4435 735 4506 super
762 4423 899 4498 terram,
927 4414 1002 4484 talis
1029 4424 1143 4486 terrae
1170 4425 1285 4486 motus
1311 4415 1362 4484 sio
1388 4437 1543 4509 magnus.
1588 4407 1668 4483 ”Et
1692 4415 1782 4483 faeta
1809 4421 1862 4482 est

379 4535 498 4606 civitas
524 4555 651 4626 magua
678 4533 808 4604 intres
837 4542 961 4625 partes,
989 4545 1025 4605 et
1050 4535 1205 4606 civitates
1231 4536 1382 4627 gentium
1411 4535 1618 4620 oeciderunt
1646 4533 1877 4636 ot'Babylon.

381 4675 507 4748 magna
534 4651 686 4724 venitin
712 4653 915 4724 memoriam
941 4665 1020 4726 ante
1047 4654 1152 4726 deum
1179 4656 1264 4726 dare
1292 4657 1323 4726 ei
1350 4655 1492 4728 calicem
1519 4657 1587 4726 vini
1622 4653 1862 4746 indignationis

380 4773 451 4848 irae
479 4773 563 4844 eius.
615 4765 700 4843 ”Et
734 4773 845 4844 omnis
878 4775 1114 4869 insula't'ugiu
1153 4787 1189 4847 ot
1220 4787 1357 4848 montes
1391 4799 1461 4849 non
1487 4788 1565 4848 sunt
1591 4775 1726 4846 inventi.
1777 4765 1801 4810 ²¹
1822 4773 1862 4842 Et

380 4892 515 4988 grando
543 4913 669 4986 magna
695 4893 782 4966 sicut
809 4896 970 4968 talentum
997 4896 1179 4968 descendlt
1216 4895 1261 4968 do
1294 4899 1393 4970 eaelo
1430 4899 1463 4968 in
1495 4893 1670 4965 homines:
1705 4905 1741 4965 et
1766 4895 1861 4966 blas-

382 5015 634 5109 phemaverunt
668 5013 824 5086 homines
857 5017 960 5087 deum
995 5027 1138 5110 proptor
1170 5017 1308 5110 plagam
1336 5017 1519 5111 grandinis,
1547 5017 1710 5108 quoniam
1738 5035 1863 5106 magna

380 5135 467 5208 lauta
495 5147 549 5207 est
575 5137 807 5208 vehementur.

972 5255 1053 5342 xvl,
1085 5261 1099 5327 l
1136 5297 1181 5312 -
1212 5261 1270 5332 21.
