4102 6128
342 409 440 460 miv
954 389 1242 454 PROLEGOMENA

1626 493 1821 504 onnam——

398 597 525 669 curiam
551 591 711 665 librarius
736 593 1011 687 praetermisisse
1039 551 1174 666 videtur
1199 589 1263 712 15,
1283 595 1317 668 2.
1349 592 1527 664 lavabant.
1557 601 1750 663 correctum
1778 603 1830 663 est

397 718 559 789 levabant
581 709 644 812 15,
672 716 706 786 3.
734 735 827 786 eum:
856 713 972 786 codex
999 715 1115 808 inepte
1142 689 1258 786 55555555
1280 709 1343 811 15,
1373 712 1405 784 5.
1431 714 1529 784 laxa:
1557 721 1749 784 correctum
1777 723 1831 782 est

397 873 513 943 laxate
536 869 600 962 15,
638 869 695 938 56.
724 865 929 938 secedebat:
964 869 1081 939 codex
1118 865 1273 940 sedebat.
1326 863 1457 937 Ibidem
1493 865 1688 938 desertum:
1720 865 1831 936 iuerat
1952 874 1957 887 ·

298 961 306 978 κ
398 991 549 1073 deserte,
578 987 640 1060 sed
668 987 844 1059 desertum
878 988 1067 1058 restitutum
1094 981 1240 1086 55516,
1269 981 1327 1060 37.
1356 985 1525 1070 dimittite,
1553 995 1589 1056 55
1614 983 1830 1056 dimittimini:

401 1111 489 1180 haec
515 1111 549 1178 in
576 1109 730 1200 margine
756 1110 915 1202 suppleta
942 1108 1047 1199 sonti
1072 1103 1105 1193 7,
1136 1110 1193 1182 52.
1221 1117 1257 1178 55
1282 1127 1381 1178 ecce:
1408 1105 1440 1176 in
1466 1103 1588 1178 codice
1606 1105 1758 1177 deletum
1778 1115 1830 1176 est

402 1231 521 1314 5518,
552 1227 583 1299 5.
618 1239 670 1298 et:
703 1229 899 1322 suppletum
927 1230 1067 1313 55518,
1096 1229 1154 1298 30.
1183 1235 1252 1298 est:
1278 1227 1414 1297 videtur
1440 1225 1634 1320 snppletum
1662 1221 1828 1320 555518,

403 1347 460 1418 56.
487 1357 536 1418 et:
571 1347 722 1419 deletum
758 1348 898 1438 55519,
932 1346 991 1418 55.
1040 1349 1151 1418 Iesus:
1188 1347 1412 1440 praemittitur
1443 1345 1477 1416 in
1510 1345 1667 1437 margine
1701 1341 1831 1424 antemi

402 1471 434 1553 9,
470 1467 528 1538 at.
561 1467 751 1539 vidissent:
804 1469 838 1537 in
873 1468 1028 1559 margine
1061 1477 1175 1539 autem
1213 1465 1378 1556 additur!
1406 1469 1461 1550 50,
1491 1467 1548 1536 33.
1584 1465 1766 1536 transiens:
1797 1465 1830 1534 in

401 1631 497 1692 textu
531 1599 716 1706 transiens,
743 1621 777 1691 in
804 1621 959 1714 margine
985 1623 1144 1715 55055051
1171 1625 1227 1708 55,
1256 1615 1314 1694 37.
1342 1617 1564 1692 Pharisaeus:
1593 1617 1708 1690 codex
1743 1615 1829 1710 pha

264 1851 272 1864 Ι
401 1753 641 1860 5555555155,
676 1757 973 1833 tarnanensis:
1008 1759 1124 1832 codex
1158 1733 1377 1854 pharisaeis!
1404 1759 1467 1842 52,
1504 1751 1563 1831 27.
1595 1765 1716 1828 neunt:
1751 1779 1828 1826 cor

401 1906 533 1968 rectum
561 1906 616 1978 555
641 1897 751 1984 nenti
779 1897 834 1981 52,
863 1899 922 1967 39.
949 1899 1129 1990 perfodiri:
1157 1899 1192 1968 in
1217 1897 1339 1968 codice
1366 1905 1419 1966 est
1446 1870 1619 1988 perfodiri.
1672 1894 1828 1964 Deietum

400 2017 547 2108 igitura
583 2025 781 2086 correctore
816 2017 844 2086 ri
866 2015 873 2106 1
899 2017 955 2102 55,
987 2017 1043 2088 tt.
1070 2018 1375 2088 resurrectionem:
1408 2038 1443 2086 m
1471 2015 1572 2086 finale
1598 2015 1826 2109 improbatum

402 2145 455 2206 est
477 2135 483 2227 1
511 2133 566 2220 55,
595 2130 654 2208 27.
682 2157 781 2207 meus
808 2157 906 2208 esse:
934 2138 968 2207 in
995 2137 1117 2209 codice
1145 2149 1199 2209 555
1226 2137 1347 2230 Ι15555555
1374 2135 1484 2227 pesse.
1538 2135 1737 2207 Correctum
1764 2133 1828 2225 igi-

402 2267 455 2326 tur
482 2267 643 2326 estesse
671 2257 799 2346 mous!
827 2259 882 2342 55,
911 2261 971 2330 28.
999 2278 1131 2329 nonne:
1158 2279 1203 2328 ne
1230 2253 1571 2351 improbatum'estl
1598 2257 1660 2338 56,
1691 2257 1747 2324 53.
1774 2253 1827 2324 di-

402 2375 497 2466 liget:
534 2395 555 2446 e
581 2397 627 2446 ex
662 2375 673 2444 i
706 2377 895 2448 restitutum
930 2372 1100 2468 555157,
1129 2379 1188 2451 26.
1216 2377 1355 2450 diebus:
1398 2383 1575 2446 corrector
1608 2375 1724 2446 maluit
1757 2369 1823 2467 55551

406 2498 461 2580 58,
491 2489 523 2568 7.
551 2494 681 2566 adse:
709 2497 744 2568 in
770 2495 892 2570 codice
920 2496 1222 2586 5555055159,
1250 2500 1309 2572 25.
1337 2495 1498 2568 austeris:
1531 2495 1642 2566 iuerat
1674 2502 1828 2566 austerus

402 2616 481 2700 sed,
516 2615 811 2708 quemadmodum
846 2640 878 2687 v.
907 2619 967 2691 22.
1001 2617 1078 2709 ipsa
1112 2617 1222 2710 prima
1256 2639 1380 2689 manus
1413 2617 1528 2700 hahet,
1557 2625 1749 2686 correctum
1775 2623 1828 2682 555

403 2731 662 2832 50555555120,
690 2739 749 2812 23.
783 2736 829 2808 ad
863 2757 943 2808 eos:
979 2739 1011 2806 in
1045 2735 1168 2808 codice
1200 2758 1264 2830 per
1296 2736 1458 2809 incuriam
1495 2736 1661 2806 omissum
1688 2743 1743 2804 est
1768 2729 1823 2828 5551

403 2857 461 2940 20,
490 2857 549 2924 36.
584 2866 760 2950 poterunt:
794 2879 818 2930 u
853 2877 900 2927 ex
933 2857 944 2926 i
978 2865 1171 2928 correctum
1205 2857 1370 2952 555125,
1401 2855 1439 2928 5.
1475 2855 1678 2928 abundanti:
1713 2852 1827 2925 codex

403 2993 610 3108 abundantia
635 2994 640 3085 Ι
664 2997 724 3080 23,
752 2989 785 3070 7.
813 3015 893 3066 eum
920 2993 981 3066 ad:
1010 2993 1127 3066 codex
1154 2995 1269 3088 inepte
1296 2995 1340 3066 ad
1360 2994 1504 3066 eumad
1528 2989 1534 3090 1
1558 2996 1617 3070 23
1638 2996 1696 3062 33.
1724 2993 1828 3062 inter-

403 3147 601 3219 ficerentur:
630 3148 747 3220 codex
779 3147 1028 3220 interficeretur
1049 3143 1126 3244 123,
1142 3147 1201 3219 55.
1221 3169 1449 3276 parasceves.
1469 3157 1647 3218 corrector
1665 3167 1828 3239 parasce-

402 3283 558 3378 55125,
587 3285 646 3360 28.
680 3285 776 3356 finxit
816 3307 870 3356 se:
907 3285 1067 3357 codex·
1068 3285 1186 3356 finxit
1220 3285 1372 3377 55125,
1403 3286 1460 3356 58.
1488 3307 1569 3356 vos:
1605 3284 1681 3356 sin
1709 3281 1828 3355 codice

402 3424 566 3509 omissum
594 3433 656 3496 555.

354 3545 592 3616 Praefatio.

402 3665 497 3736 iecit:
526 3685 630 3757 super
656 3663 778 3734 lineanr
809 3674 983 3736 corrector
1001 3665 1135 3737 addidit
1161 3653 1204 3737 ds
1227 3643 1262 3760 15.
1292 3687 1320 3735 0.
1349 3661 1448 3755 deus}

350 3801 631 3895 Evangelium
659 3802 886 3874 secundum
912 3803 1151 3874 iohannem.

404 3944 435 4024 5,
466 3944 522 4010 58.
562 3940 748 4012 enarravit:
789 3940 823 4010 in
863 3939 984 4012 codice
1012 3915 1269 4065 5555555011,
1298 3939 1357 4012 26.
1385 3949 1552 4010 vestrum:
1581 3961 1685 4032 super
1705 3937 1827 4008 lineam

402 4077 550 4204 positum
578 4087 631 4148 est
653 4077 716 4168 13,
747 4079 840 4150 to.
831 4101 865 4148 rn
897 4073 1074 4150 corrector
1105 4077 1314 4172 improbavit
1336 4071 1398 4172 15,
1429 4080 1460 4148 5.
1489 4077 1614 4168 magis:
1648 4077 1682 4148 in
1708 4075 1829 4148 codice

401 4191 512 4308 magis
535 4213 598 4308 15,
629 4218 686 4286 50.
714 4224 766 4286 et:
794 4235 900 4308 super
925 4216 1049 4286 lineam
1077 4215 1272 4310 appositum
1307 4210 1453 4312 55515,
1481 4217 1514 4288 2.
1543 4235 1662 4308 super:
1697 4215 1828 4307 impro

400 4335 496 4407 bavit
513 4344 691 4407 corrector
714 4321 777 4426 17,
798 4331 856 4407 50.
875 4335 992 4407 turha:
1020 4335 1053 4405 in
1072 4335 1228 4428 margine
1247 4335 1441 4429 suppletum
1465 4330 1470 4434 1
1498 4338 1530 4418 8,
1551 4337 1583 4420 9,
1612 4335 1827 4427 incipientes:

401 4477 515 4548 prm.
538 4455 701 4549 incipiens
723 4454 730 4548 Ι
755 4457 787 4536 8,
813 4456 872 4541 20,
897 4453 1095 4550 apprendit:
1121 4465 1298 4526 corrector
1316 4455 1544 4549 apprehendit
1565 4455 1572 4546 1
1597 4457 1629 4539 9,
1656 4457 1715 4528 25.
1740 4475 1828 4546 qno-

400 4575 526 4648 modo:
555 4575 674 4648 codex
699 4569 861 4668 quomo⁶⁰
884 4575 890 4666 1
915 4577 949 4661 9,
977 4577 1037 4649 28.
1065 4577 1113 4647 ei:
1141 4577 1334 4670 suppletum
1362 4577 1529 4667 555150,
1560 4577 1617 4646 56.
1645 4583 1680 4645 55
1703 4595 1827 4644 vocem

402 4717 516 4768 meam
553 4695 707 4768 audiant:
740 4697 827 4767 haec
859 4697 968 4768 verha
1003 4697 1036 4766 in
1071 4698 1226 4790 margine
1259 4695 1418 4790 apposita
1453 4696 1643 4787 50555155,
1673 4693 1705 4780 5,
1733 4715 1828 4765 carn:

374 4817 376 4825 “
402 4838 423 4886 5
449 4837 496 4886 ex
522 4839 544 4887 u
570 4816 759 4887 restitutum
787 4817 868 4908 5551
895 4819 952 4903 52,
984 4819 1040 4888 59.
1067 4817 1146 4887 nihii
1173 4816 1387 4912 proficimus:
1415 4815 1573 4909 suppleta
1591 4825 1670 4886 sunt
1687 4815 1720 4885 in
1737 4835 1829 4884 mar-

306 4941 312 4952 '
402 4935 510 5028 355551
536 4939 593 5022 56,
612 4941 642 5007 5.
671 4937 785 5009 vohis:
814 4937 930 5009 codex
955 4959 1021 5008 vos
1048 4937 1055 5026 Ι
1086 4939 1142 5022 58,
1160 4939 1216 5008 50.
1243 4935 1441 5030 pontificist'
1456 4935 1489 5004 in
1507 4935 1629 5006 codice
1646 4943 1701 5006 est
1715 4955 1766 5028 pr.
1786 4957 1830 5005 nr.

402 5055 576 5149 ponticis!
603 5059 659 5140 58,
690 5057 746 5127 tt.
774 5077 838 5151 pro
865 5057 1014 5151 populo:
1049 5057 1082 5127 in
1097 5055 1219 5126 codice
1242 5067 1295 5126 est
1317 5077 1380 5150 pro
1394 5056 1505 5150 P”pulo
1528 5056 1534 5148 1
1558 5057 1617 5140 25,
1637 5059 1669 5126 3.
1689 5075 1829 5127 navem:

403 5171 520 5246 codex
555 5177 670 5270 inepte
702 5185 839 5248 noctem
864 5176 957 5268 125,
995 5171 1026 5249 7.
1054 5177 1219 5246 tunicam:
1253 5197 1287 5248 rn
1319 5176 1447 5248 delevit
1481 5185 1657 5247 corrector
1678 5177 1685 5264 Ι
1710 5177 1767 5262 25,
1797 5179 1829 5246 8.

405 5295 579 5368 trahentes
606 5305 681 5386 rete
707 5297 869 5390 piscium:
898 5297 932 5366 in
960 5297 1114 5390 margine
1141 5297 1298 5390 apposita
1326 5307 1412 5368 sunt.
