4254 6130
384 315 455 388 tet
776 291 1018 381 evincamus
1045 317 1247 380 sncunnuu
1274 313 1477 380 rosunum

1437 421 1870 434 ”unffi-*ffl-

1082 553 1159 624 vttl.

458 749 579 826 ¹iesus
606 765 719 828 autem
748 757 902 848 perrexit
928 757 962 826 in
989 767 1142 829 montem
1170 759 1303 830 oliveti:
1347 751 1414 829 ’et
1445 757 1594 830 dituculo
1629 757 1752 828 iterum
1779 757 1871 828 venit

381 877 413 946 in
446 877 628 967 templum,
662 885 697 946 et
729 875 841 946 omnis
875 876 1025 968 populus
1056 877 1150 948 venit
1183 879 1229 950 ad
1263 899 1362 961 eum,
1395 887 1431 948 et
1463 877 1593 950 sedens
1619 876 1771 950 docebat
1797 895 1869 948 eos

380 987 596 1066 ³Adducunt
622 1002 735 1064 autem
763 996 899 1066 scribae
928 1003 962 1066 et
989 995 1163 1068 Pharisaei
1189 998 1369 1069 mulierem
1403 997 1437 1066 in
1471 995 1641 1068 adulterio
1669 995 1869 1089 deprehen-

380 1135 465 1192 sam,
492 1124 527 1185 et
554 1121 744 1184 statuerunt
771 1134 848 1184 eam
876 1114 909 1183 in
937 1113 1054 1185 medio
1097 1105 1163 1186 ‘et
1188 1116 1349 1188 dixerunt
1376 1117 1408 1185 ei
1434 1115 1606 1207 Magister,
1634 1116 1723 1188 haec
1749 1113 1870 1186 mehor

380 1233 487 1304 modo
516 1233 734 1326 deprehensa
762 1243 815 1303 est
842 1233 875 1302 in
903 1231 1081 1305 adulterio.
1132 1227 1200 1306 ὃΙιι
1226 1237 1305 1326 lege
1331 1243 1446 1306 autem
1464 1235 1582 1320 Moses
1600 1235 1778 1308 mandavit
1802 1253 1868 1306 no·

379 1353 432 1422 bis
460 1351 654 1423 huiusmodi
680 1351 850 1444 lapidare:
879 1361 916 1422 tu
943 1373 1029 1445 ergo
1056 1352 1139 1444 quid
1167 1352 1278 1424 dicis?
1322 1345 1442 1424 6Ηεεο
1460 1363 1574 1428 nutem
1592 1354 1755 1426 dicebant
1778 1361 1867 1422 tem

379 1481 491 1543 tantos
517 1492 612 1554 eum,
648 1481 684 1541 ut
717 1480 862 1564 possent
898 1491 1064 1542 accusare
1098 1492 1187 1542 eum.
1232 1472 1328 1544 lesus
1355 1483 1470 1544 autem
1496 1473 1659 1544 inclinans
1692 1495 1731 1543 se
1759 1471 1866 1568 deor-

378 1613 453 1662 sum
482 1590 590 1682 digito
618 1589 793 1661 scribebat
819 1589 853 1660 in
879 1600 981 1662 terra.
1034 1584 1151 1662 ⁷Cnm
1179 1601 1295 1662 autem
1320 1603 1588 1685 perseverarent
1613 1593 1866 1684 interrogantes

377 1731 467 1793 eum,
496 1710 608 1780 crexit
634 1731 673 1780 se
700 1719 735 1779 et
761 1709 848 1780 dixit
874 1709 924 1782 eis
952 1710 1017 1794 Qui
1044 1709 1119 1780 sine
1145 1719 1290 1802 peccato
1322 1721 1377 1782 est
1409 1719 1579 1796 vestrum,
1608 1711 1738 1803 primus
1763 1708 1798 1778 in
1824 1708 1865 1776 il-

376 1830 444 1898 iam
471 1811 622 1920 lapidem
649 1829 768 1902 mittat.
819 1821 891 1900 8Ει
917 1829 1039 1898 iterum
1067 1849 1107 1898 se
1134 1828 1297 1900 inclinans
1331 1805 1506 1902 scribebat
1537 1830 1572 1900 in
1605 1839 1710 1899 terra.
1761 1819 1865 1898 9Αιι-

377 1947 512 2018 dientes
538 1957 651 2018 autem
679 1969 768 2018 unus
795 1955 873 2040 post
899 1969 1004 2018 unum
1032 1946 1198 2018 exiebant
1224 1943 1441 2041 'incipientes
1468 1969 1488 2018 a
1515 1947 1719 2030 senioribus,
1747 1954 1782 2014 et
1807 1965 1864 2016 re-

376 2066 502 2138 mansit
526 2067 621 2139 solus
647 2077 682 2138 et
708 2067 831 2138 mulier
856 2065 890 2136 in
916 2065 1033 2136 medio
1061 2075 1165 2137 steus.
1218 2057 1245 2104 ¹⁰
1260 2067 1407 2158 Erigens
1433 2077 1548 2138 autem
1583 2087 1622 2138 se
1657 2066 1754 2136 lesus
1781 2063 1868 2136 dixit

377 2187 407 2257 si
434 2185 564 2270 Muher,
591 2185 650 2256 ubi
684 2187 787 2256 sunt?
827 2205 931 2256 nemo
962 2195 996 2256 te
1029 2183 1297 2256 condemnavit?
1350 2179 1373 2222 ¹¹
1395 2187 1493 2271 Quae
1523 2185 1610 2256 dixit
1642 2185 1770 2267 Nemo,
1798 2183 1867 2256 do-

376 2305 478 2375 mine.
523 2304 615 2375 Dixit
642 2315 756 2376 autem
783 2304 878 2374 lesus
904 2301 977 2374 Nec
1004 2323 1072 2395 ego
1100 2313 1134 2373 te
1161 2303 1421 2376 condemnabo:
1449 2305 1542 2378 vnde
1568 2301 1770 2396 etamplius
1797 2301 1864 2374 iam

354 2407 446 2495 'noli
473 2443 632 2516 peceare.
685 2416 712 2460 ¹²
729 2425 853 2494 lterum
881 2441 967 2513 ergo
994 2423 1128 2494 locutus
1155 2433 1209 2494 est
1235 2423 1286 2494 eis
1318 2424 1415 2496 lesus
1448 2423 1567 2496 dicem
1593 2423 1669 2514 Ego
1701 2443 1778 2494 sum
1805 2421 1865 2492 lux

375 2541 511 2632 mnndi:
545 2542 601 2632 qui
638 2541 791 2633 seqnitur
823 2562 896 2625 me,
932 2561 1001 2610 non
1029 2541 1218 2612 ambulabit
1247 2543 1282 2612 in
1309 2543 1460 2614 tenebris
1487 2543 1552 2616 sed
1584 2540 1726 2612 habebit
1751 2541 1865 2612 lucem

375 2661 474 2732 vitae.
528 2653 555 2698 ¹³
566 2660 734 2731 Dixernnt
760 2681 845 2753 ergo
879 2660 911 2730 ei
947 2659 1123 2732 Pharisaei
1154 2661 1205 2732 Tu
1238 2661 1284 2734 de
1317 2671 1350 2732 te
1384 2663 1461 2755 ipso
1488 2660 1719 2734 testimonium
1745 2659 1863 2752 perhi-

373 2780 454 2850 bes:
483 2778 715 2850 testimonium
742 2788 837 2850 tuum
870 2800 940 2850 non
972 2789 1026 2851 est
1058 2801 1189 2850 vemm.
1242 2770 1268 2817 ¹⁴
1285 2780 1476 2874 Respondit
1509 2782 1605 2854 Iesus
1639 2787 1675 2850 et
1700 2777 1787 2852 dixit
1813 2778 1864 2850 eis

373 2899 445 2968 Etsi
483 2919 552 2990 ego
591 2897 821 2968 testimonium
856 2898 1024 2990 perhibeo
1067 2898 1112 2970 de
1147 2920 1202 2970 me
1243 2901 1335 2992 ipso,
1375 2922 1498 2973 verum
1536 2911 1591 2973 est
1629 2898 1862 2970 testimoninm
1987 2901 1993 2914 '

367 3039 501 3120 meum,
529 3017 608 3108 quia
636 3017 708 3086 scio
735 3014 829 3088 unde
855 3018 936 3088 veni
963 3027 998 3088 et
1024 3040 1094 3110 quo
1120 3019 1233 3091 vado:
1267 3042 1334 3092 vos
1371 3030 1486 3092 autem
1513 3019 1653 3092 nescitis
1679 3016 1772 3088 tmde
1797 3039 1861 3090 ve-

374 3135 431 3206 nio
459 3147 518 3206 aut
544 3159 614 3228 quo
641 3137 745 3208 vado.
799 3128 825 3172 ¹⁵
842 3137 912 3207 Vos
947 3137 1138 3208 secundum
1171 3160 1310 3210 camem
1336 3139 1509 3226 iudicatis,
1544 3160 1612 3232 ego
1645 3157 1716 3207 non
1746 3137 1862 3208 iudico

373 3275 601 3346 quemquam:
646 3247 724 3326 16ει
751 3257 781 3326 si
807 3255 921 3326 iudico
949 3275 1027 3347 ego,
1055 3255 1215 3329 iudicium
1238 3281 1368 3330 ‘meum
1399 3280 1522 3330 verum
1555 3267 1623 3337 est,
1661 3255 1741 3347 quia
1766 3256 1862 3328 solus
1901 3261 1904 3272 '

373 3393 554 3458 nonaum,
583 3375 648 3445 sed
675 3397 744 3467 ego
772 3375 890 3468 etqui
917 3394 973 3444 me
1000 3374 1091 3445 misit
1116 3385 1224 3468 pater.
1278 3371 1302 3414 ¹⁷
1319 3380 1361 3448 Et
1387 3379 1420 3448 in
1447 3380 1526 3470 lege
1553 3385 1670 3447 vestra
1696 3375 1859 3468 scriptum

372 3501 427 3562 est
452 3493 532 3584 quia
559 3493 707 3564 duorum
734 3472 910 3564 hominnm
937 3493 1170 3566 testimoninm
1196 3518 1317 3568 verum
1345 3507 1406 3568 est.
1459 3489 1578 3588 18Εςο
1610 3517 1687 3567 sum
1722 3495 1779 3586 qui
1805 3503 1859 3564 te-

372 3611 567 3682 stimonium
594 3611 764 3703 perhibeo
791 3611 837 3684 de
863 3632 921 3682 me
947 3611 1034 3704 ipso,
1063 3623 1098 3683 et
1124 3615 1355 3688 testimonium
1382 3615 1544 3710 perhibet
1569 3613 1616 3686 de
1634 3633 1692 3684 ms
1718 3612 1775 3704 qui
1794 3613 1859 3684 mi-

372 3729 415 3799 sit
439 3751 496 3799 me
528 3740 637 3822 pater.
691 3724 717 3769 ⁴⁹
733 3731 902 3802 Dicebant
934 3751 1022 3823 ergo
1057 3733 1091 3802 ei
1122 3733 1186 3806 Ubi
1221 3745 1276 3806 est
1307 3744 1407 3828 pater
1440 3735 1544 3806 tuns?
1572 3723 1650 3779 (m)
1669 3732 1860 3824 Respondit

370 3845 467 3916 lesus
493 3847 615 3940 Neque
641 3871 699 3920 me
726 3851 820 3920 scitis
852 3869 967 3941 nerpre
999 3858 1133 3942 patrem
1167 3875 1302 3925 meum:
1334 3854 1448 3924 sime
1474 3851 1624 3934 sciretis,
1652 3851 1796 3922 forsitan
1823 3862 1858 3922 et

370 3973 504 4058 patrem
538 3989 655 4039 meum
690 3969 832 4040 sciretis.
884 3958 1000 4016 ”indi
1014 3969 1108 4040 Haec
1146 3972 1256 4042 verba
1290 3974 1425 4044 locutus
1460 3981 1515 4044 est
1544 3971 1579 4041 in
1606 3969 1856 4064 gazophylacio

369 4083 502 4156 docens
527 4086 563 4156 in
589 4089 734 4181 templo:
762 4099 798 4158 et
823 4107 926 4158 nemo
955 4079 1156 4180 ‘apprendit
1181 4111 1279 4175 eum,
1312 4091 1393 4183 quia
1420 4090 1572 4162 necdum
1597 4100 1744 4162 venerat
1768 4089 1855 4161 hora

368 4203 453 4274 eius.
495 4196 519 4242 ²¹
535 4195 625 4252 (Μ)
638 4207 730 4277 Dixit
756 4227 842 4299 ergo
869 4205 993 4276 iterum
1020 4205 1071 4277 eis
1097 4207 1192 4280 lesus
1218 4208 1294 4302 Ego
1323 4209 1426 4294 vado,
1454 4219 1490 4281 et
1524 4209 1687 4302 quaeritis
1714 4229 1787 4294 me,
1821 4217 1856 4279 et

368 4323 401 4392 in
434 4334 579 4416 peccato
615 4337 733 4398 vestro
766 4325 975 4396 morionum:
1009 4347 1079 4417 quo
1116 4348 1185 4418 ego
1219 4327 1313 4400 vado
1346 4349 1410 4398 vos
1442 4349 1514 4398 non
1548 4327 1695 4421 potestis
1721 4327 1853 4398 venire.

367 4433 393 4478 Β
408 4443 577 4514 Dicebant
604 4465 690 4535 ergo
717 4445 834 4516 iudaei
860 4443 1033 4537 Numquid
1059 4445 1238 4516 interficiet
1263 4457 1376 4518 semet
1401 4446 1531 4540 ipsum,
1558 4446 1640 4537 qnia
1666 4445 1748 4518 dicit
1775 4447 1853 4530 Quo

366 4582 435 4654 ego
462 4563 556 4635 vado
583 4583 649 4633 vos
675 4584 745 4634 non
770 4563 917 4656 potestis
942 4562 1089 4633 venire?
1140 4553 1168 4600 ⁹³
1184 4563 1226 4634 Et
1251 4565 1390 4636 dicebat
1422 4566 1475 4636 eis
1506 4566 1578 4635 Vos
1611 4563 1658 4634 de
1684 4563 1852 4636 deorsum

366 4681 459 4766 estis,
488 4701 556 4774 ego
584 4681 630 4753 de
657 4682 816 4776 supernis
844 4702 938 4751 sum:
965 4701 1031 4751 vos
1058 4680 1104 4751 de
1132 4681 1263 4753 mundo
1290 4683 1357 4758 hoc
1384 4684 1477 4768 estis,
1505 4703 1575 4776 ego
1602 4703 1673 4753 non
1700 4704 1777 4754 sum
1804 4683 1851 4755 dc

365 4799 433 4870 hoe
459 4799 600 4872 mondo.
652 4791 678 4836 ²*
696 4801 773 4871 Dixi
807 4820 892 4890 ergo
922 4799 1024 4870 vobis
1056 4800 1136 4892 quia
1167 4799 1360 4872 moriemini
1394 4803 1428 4873 in
1461 4802 1615 4895 peccatis
1645 4801 1787 4872 vestris:
1823 4801 1852 4872 si

366 4918 456 4988 enim
483 4940 552 4990 non
578 4917 793 4992 credideritis
820 4917 899 5010 quia
927 4939 996 5010 ego
1023 4939 1108 5003 sum,
1137 4918 1328 4991 moriemini
1355 4923 1389 4992 in
1416 4929 1561 5015 peccato
1578 4927 1719 4991 uestro.
1751 4911 1850 4989 ”Di-

364 5035 491 5108 cebant
516 5059 601 5129 ergo
631 5039 663 5108 ei
689 5039 738 5108 Tu
772 5038 850 5131 quis
877 5039 943 5107 es‘?
977 5036 1070 5108 Dixit
1096 5038 1148 5108 eis
1182 5037 1278 5110 lesus
1313 5039 1517 5134 Principium
1551 5039 1631 5132 quia
1665 5049 1699 5110 et
1726 5039 1851 5130 loquor

954 5155 1031 5240 Viii,
1063 5159 1075 5224 t
1112 5196 1158 5208 -
1189 5159 1246 5230 25.
1622 5153 1626 5160 ’
