4254 6130
722 413 830 476 amna
854 411 1010 478 acrvuu
1036 409 1317 476 mosronuauu
1695 406 1765 478 tta
1830 475 1863 494 ¹,

283 620 437 705 mortuis,
466 619 499 689 in
524 617 594 688 hoc
619 617 684 688 iste
711 617 826 690 adstat
852 639 971 690 coram
998 619 1098 690 vohis
1126 639 1240 690 sanus.
1294 609 1315 653 ⁴¹
1335 617 1398 686 llic
1431 627 1484 687 cst
1509 617 1597 711 lapis
1625 619 1682 710 qui
1710 639 1768 688 re·

284 743 452 838 probatus
478 747 531 810 est
558 760 579 808 a
605 737 707 808 vobis
734 735 1005 823 aedificantibus,
1033 740 1091 832 qui
1116 741 1226 812 lactus
1254 739 1367 808 estin
1395 746 1498 829 caput
1524 739 1646 832 anguli.
1689 730 1770 808 ”Et

283 887 353 935 non
380 870 435 933 est
460 861 494 931 in
521 857 634 949 aliquo
662 859 729 929 alio
756 858 864 930 salus:
891 879 958 928 nec
984 859 1074 930 enim
1101 881 1229 930 nomen
1264 867 1318 929 est
1352 856 1443 928 aliud
1477 857 1542 928 sub
1578 861 1676 932 caelo
1703 860 1769 933 da-

284 997 356 1056 tum
381 980 578 1056 hominihus
603 977 638 1047 in
665 999 734 1071 quo
762 987 923 1072 oporteat
947 999 1012 1049 nos
1039 982 1158 1051 salvos
1184 979 1268 1050 fieri.
1312 970 1339 1015 ¹³
1356 978 1520 1050 Videntes
1547 989 1662 1052 autem
1679 980 1771 1052 Petri

285 1102 531 1177 'consentiam
559 1107 594 1168 et
618 1097 787 1183 Iohannis,
816 1107 985 1192 conperto
1012 1099 1109 1192 quod
1143 1100 1302 1172 homines
1337 1109 1454 1170 essent
1486 1099 1560 1171 sine
1591 1101 1710 1173 litteris
1737 1110 1773 1171 et

285 1226 422 1309 idiotae,
450 1219 725 1320 admirabantur,
754 1227 788 1288 et
815 1219 1077 1312 cognoscebant
1112 1243 1175 1292 eos
1206 1219 1369 1314 quoniam
1401 1241 1479 1291 cum
1511 1221 1588 1293 lesu
1620 1223 1772 1307 luissent,

284 1336 568 1434 “hominemque
594 1338 751 1410 videntes
778 1348 925 1410 stantem
953 1361 1032 1410 cum
1060 1339 1111 1410 eis
1145 1341 1202 1434 qui
1238 1350 1378 1412 curatus
1411 1343 1536 1427 fuerat,
1562 1343 1644 1413 nihil
1668 1351 1772 1435 pote-

285 1475 362 1538 rant
387 1461 638 1535 contradicere.
687 1449 901 1531 ⁴⁵lusserunt
927 1469 1042 1530 autem
1070 1482 1133 1532 eos
1150 1463 1248 1534 foras
1275 1470 1375 1532 extra
1393 1461 1572 1534 concilium
1591 1454 1771 1548 secedere,

286 1597 321 1658 et
351 1583 577 1682 eorderehant
610 1579 657 1652 ad
687 1580 835 1650 invicem
884 1569 910 1615 ⁴⁶
927 1578 1083 1652 dicentes
1117 1580 1207 1666 Quid
1239 1580 1405 1652 iaciemus
1444 1581 1638 1654 hominibus
1669 1583 1771 1654 istis?

286 1706 448 1800 quoniam
476 1703 619 1795 quidem
645 1711 767 1772 notum
790 1701 925 1792 signum
952 1699 1077 1772 sactum
1111 1715 1165 1774 est
1189 1721 1255 1795 per
1281 1721 1361 1785 eoo,
1395 1702 1554 1774 omnihus
1585 1703 1771 1774 habitanti-

286 1829 351 1900 bus
385 1823 600 1895 Hierusalem
635 1821 851 1892 manilestum
886 1827 954 1903 cst,
989 1830 1024 1890 et
1054 1844 1124 1894 non
1162 1843 1350 1916 possumus
1383 1843 1531 1914 negare:
1583 1815 1609 1858 ¹⁷
1626 1823 1698 1894 sed·
1725 1845 1771 1895 ne

235 1929 237 1940 ¹
287 1947 430 2041 amplius
464 1943 658 2034 divulgetur
689 1941 723 2010 in
752 1941 934 2034 populum,
970 1943 1219 2016 comminemur
1252 1942 1302 2012 eis
1335 1963 1380 2012 ne
1412 1944 1500 2013 ultra
1525 1943 1708 2036 loquantur
1735 1945 1770 2016 in

287 2067 425 2138 nomine
452 2065 519 2134 hoe
545 2062 602 2132 ulli
628 2060 813 2132 hominum.
858 2051 884 2098 ¹⁸
900 2061 943 2132 Et
967 2073 1133 2136 vocantes
1160 2085 1224 2135 eos
1251 2062 1537 2136 denuntiaverunt
1557 2083 1602 2133 ne
1628 2065 1768 2138 omnino

288 2189 507 2280 loquerentur
532 2201 647 2274 neque
673 2179 840 2252 docerent
865 2180 899 2249 in
925 2182 1062 2254 nomine
1088 2186 1174 2256 lesu.
1226 2176 1253 2222 ¹⁹
1271 2184 1391 2256 Petrus
1423 2204 1510 2254 vero
1537 2193 1573 2255 et
1597 2183 1768 2258 lohannes

289 2301 729 2410 respondentesdixerunt
755 2300 802 2372 ad
828 2321 891 2372 eos
918 2301 953 2372 Si
979 2302 1102 2376 iustum
1129 2316 1183 2376 est
1208 2305 1243 2374 in
1269 2315 1457 2400 conspectu
1483 2304 1539 2376 dei
1564 2325 1629 2376 vos
1652 2307 1768 2398 potius

289 2429 409 2501 audire
443 2447 546 2519 quam
581 2423 701 2501 deum.
736 2421 897 2491 iudicate:
949 2414 1176 2496 ”nonenim
1208 2445 1394 2519 possumus
1420 2419 1531 2517 'quae
1559 2424 1706 2497 vidimus
1733 2437 1768 2498 et

289 2549 480 2622 audivimus
507 2566 576 2615 non
601 2542 705 2635 loqui.
757 2533 779 2578 ²⁴
795 2540 840 2612 At
872 2541 917 2612 illi
949 2545 1198 2618 comminantes
1231 2545 1433 2617 dimiserunt
1458 2567 1538 2631 eos,
1571 2567 1642 2616 non
1666 2545 1766 2617 inve-

288 2672 420 2742 nientes
446 2663 625 2760 quomodo
651 2661 809 2756 punirent
835 2681 907 2746 eos,
934 2674 1076 2758 propter
1097 2667 1271 2760 populum,
1300 2667 1380 2760 quia
1397 2685 1517 2738 omnes
1535 2665 1768 2738 clarificabant
1896 2737 1901 2754 ,

289 2792 324 2864 id
350 2788 445 2884 quod
470 2788 598 2858 lactum
624 2783 735 2856 iuerat
759 2783 794 2853 in
820 2803 864 2853 ec
891 2783 986 2876 quod
1013 2784 1199 2856 acciderat:
1238 2779 1266 2826 ¹²
1283 2809 1449 2858 annorum
1476 2786 1567 2857 enim
1590 2797 1665 2857 erat
1690 2809 1765 2884 arp-

288 2912 376 3005 plius
410 2905 637 3001 quadraginta
667 2904 773 2974 homo
813 2902 848 2972 iu
880 2925 949 2996 quo
981 2905 1106 2978 lactum
1146 2907 1257 2981 luerat
1295 2909 1429 3001 signum
1470 2906 1562 2978 istud
1602 2907 1764 2979 sanimtis.

287 3022 314 3070 ¹³
330 3028 467 3100 Dimissi
493 3035 609 3097 autem
634 3023 872 3095 veneruntad
898 3046 980 3096 suos
1007 3035 1042 3096 et
1067 3027 1352 3102 adnuntiaverunt
1386 3029 1436 3099 eis
1469 3035 1596 3120 quanta
1629 3028 1676 3100 ad
1701 3049 1764 3100 ecs

289 3150 460 3244 principes
487 3146 708 3218 sacerdotum
735 3154 771 3215 et
796 3143 952 3216 seniores
978 3145 1153 3218 dixissent.
1202 3137 1229 3188 ¹⁸
1246 3149 1312 3235 Qui
1337 3170 1414 3220 cum
1432 3147 1615 3232 audissent,
1642 3148 1763 3218 unani-

289 3270 387 3340 miter
413 3271 614 3340 levaverunt
638 3287 762 3336 vocem
790 3265 835 3336 ad
861 3264 965 3336 deum
992 3273 1027 3334 et
1049 3265 1210 3340 dixerumt
1235 3268 1389 3352 Domine,
1417 3277 1453 3340 tu
1479 3268 1537 3360 qui
1553 3268 1662 3338 iecisti
1679 3289 1762 3340 cae-

196 3466 198 3475 ,
289 3392 358 3460 lum
385 3397 572 3460 etterram
599 3394 817 3457 etmareet
843 3385 957 3457 omnia
983 3386 1131 3478 quaein
1157 3388 1208 3459 eis
1235 3398 1328 3472 sunt,
1371 3378 1398 3424 ²⁵
1415 3385 1472 3478 qui
1498 3387 1617 3480 spiritu
1642 3397 1761 3458 sancto

290 3533 353 3605 per
380 3531 421 3580 os
446 3507 552 3603 patris
577 3507 685 3578 nostri
709 3505 820 3578 David
847 3507 944 3600 pueri
969 3505 1018 3576 tui
1043 3504 1158 3577 dixisti
1192 3510 1307 3594 Quare
1338 3507 1549 3578 fremuerunt
1580 3495 1701 3598 gentes
1727 3517 1762 3578 et

290 3631 407 3726 pcpuh
439 3627 594 3699 meditati
628 3635 705 3698 sunt
736 3625 873 3696 inania‘l
928 3615 955 3664 ²⁸
972 3624 1185 3698 adsteterunt
1223 3647 1327 3720 reges
1369 3634 1483 3698 terrae
1524 3635 1559 3696 et
1589 3628 1761 3721 principes
1846 3699 1850 3710 ,

290 3759 523 3822 convenerunt
561 3748 595 3818 in
625 3745 741 3818 unum·
765 3745 933 3818 adversus
975 3745 1151 3818 dominum
1191 3757 1227 3818 et
1261 3747 1430 3819 adversus
1470 3745 1637 3819 Christum
1676 3748 1760 3818 eius.

288 3863 314 3910 ²⁷
332 3872 571 3942 Convenerunt
596 3861 705 3938 'enim
731 3889 815 3938 vere
841 3865 882 3938 in'
902 3865 1037 3938 civitate
1062 3867 1127 3939 ista
1145 3867 1315 3940 adversus
1332 3876 1485 3938 sanctum
1503 3889 1648 3960 puerum
1667 3877 1760 3938 tuum

279 3974 409 4076 lesum,
437 4011 541 4082 quem
566 3988 700 4074 unxisti,
728 3987 885 4060 Herodes
911 3997 946 4058 et
971 3986 1110 4058 Pontius
1136 3987 1262 4060 Pilatus
1289 4008 1366 4059 cum
1399 3987 1558 4080 gentibus
1585 3997 1620 4058 et
1645 4008 1759 4082 popu—

288 4111 328 4182 lis
359 4109 503 4193 Israhel,
553 4099 580 4144 ²⁸
596 4109 709 4178 iacere
741 4129 831 4202 quae
866 4129 987 4180 manus
1024 4116 1081 4179 tua
1120 4117 1155 4178 et
1189 4107 1366 4180 consilium
1397 4101 1644 4180 'decreverunt
1675 4107 1758 4178 fieri.
1840 4135 1843 4143 ·

288 4221 367 4300 ”Et
394 4249 491 4313 nunc,
519 4227 667 4313 dominc,
694 4228 830 4321 respice
856 4228 890 4298 in
916 4227 1026 4299 minas
1052 4249 1181 4314 eorum,
1211 4238 1246 4301 et
1271 4229 1317 4302 da
1343 4229 1453 4300 servis
1479 4227 1545 4300 tuis
1562 4251 1640 4300 cum
1667 4227 1760 4298 omni

290 4346 413 4419 fiducia
440 4347 533 4440 loqui
558 4347 703 4419 verbum
730 4358 839 4431 tuum,
881 4337 954 4418 ³⁰in
980 4367 1023 4418 eo
1051 4346 1147 4440 quod
1178 4341 1328 4422 manum
1349 4357 1442 4421 tuam
1468 4349 1639 4422 extendas
1665 4347 1759 4418 sani-

290 4477 379 4538 tates
406 4477 440 4537 et
467 4468 565 4560 signa
591 4476 626 4538 et
651 4468 810 4561 prodigia
836 4465 909 4538 lieri
934 4488 999 4561 per
1024 4487 1152 4538 nomen
1170 4469 1279 4539 sancti
1304 4467 1361 4539 filii
1386 4469 1433 4540 tui
1450 4469 1535 4540 lesu.
1579 4460 1602 4506 ³¹
1621 4467 1758 4538 Etcum

290 4595 457 4672 orassent,
484 4600 598 4659 motus
625 4597 679 4658 est
703 4588 798 4658 locus
824 4586 858 4656 in
885 4609 954 4680 quo
981 4599 1079 4659 erant
1105 4590 1312 4681 congregati,
1340 4598 1375 4659 et
1399 4589 1519 4683 repleti
1543 4597 1620 4659 sunt
1637 4607 1759 4658 omnes

290 4717 409 4779 sancto
441 4707 574 4802 spiritu,
603 4717 638 4778 et
675 4707 901 4799 loquebantur
933 4707 1078 4778 verbum
1114 4707 1170 4780 dei
1204 4729 1280 4778 curn
1314 4707 1447 4780 fiducia.
1499 4699 1526 4745 ³²
1541 4707 1759 4780 Multitudinis

290 4837 404 4900 autem
443 4828 655 4900 credentium
691 4837 765 4898 erat
799 4849 859 4898 cor
890 4839 925 4898 et
958 4827 1070 4898 anima
1104 4850 1186 4912 una,
1223 4828 1495 4920 nec-quisquam
1521 4821 1758 4923 eorumquae

288 4948 516 5042 possidebant
542 4947 668 5040 aliquid
701 4969 800 5018 suum
834 4965 914 5016 esse
946 4947 1122 5034 dicebant,
1159 4947 1224 5018 sed
1250 4957 1347 5017 erant
1372 4947 1434 5018 illis
1461 4949 1575 5019 omnia
1602 4969 1757 5020 commu-

287 5069 352 5141 nia.
403 5061 430 5107 ³³
446 5069 488 5140 Et
520 5069 643 5142 virtute
676 5088 803 5160 magna
835 5065 1029 5138 reddebant
1062 5067 1210 5163 apostoli
1241 5059 1472 5142 testimonium
1497 5069 1758 5140 resurrectionis

287 5191 364 5262 lesu
391 5189 512 5262 Christi
539 5189 675 5276 domini,
703 5199 739 5260 et
764 5187 873 5282 gratia
898 5185 1024 5282 magna
1051 5196 1124 5258 erat
1149 5187 1183 5258 in
1209 5189 1366 5260 omnihus
1384 5189 1454 5259 illis.
1487 5178 1513 5226 ³⁴
1530 5190 1649 5284 Neque
1667 5190 1757 5263 enim

877 5309 928 5393 lV,
958 5311 972 5379 t
984 5312 997 5379 t
1034 5347 1079 5360 -
1110 5306 1166 5383 at.

1407 5430 1454 5503 25
