4242 6118
665 339 914 406 nvancanruu
944 340 1152 404 sacunnnu
1180 339 1393 408 urrunnun
1735 355 1780 426 54

271 555 383 624 luctus
401 561 457 622 eet
480 551 570 622 Ilooe
595 565 745 642 sponsus
771 543 877 628 venit,
906 543 1009 614 exite
1028 541 1172 614 obviam
1192 543 1234 614 ei.
1275 535 1396 620 'Tunc
1413 567 1643 630 surrexerunt
1660 579 1783 636 omues

271 671 427 762 virgines
454 670 531 739 illae
557 677 591 738 et
618 671 827 737 ornaverunt
859 661 1053 754 lampades
1079 683 1174 734 suas.
1228 655 1387 738 8Fatuae
1420 681 1539 746 autem
1570 677 1782 771 sapientibus

271 789 439 862 dixerunt
463 788 550 858 Data
575 784 677 856 nobis
703 782 749 854 de
776 782 857 854 oleo
884 789 1026 865 vestro,
1054 781 1135 874 quia
1162 781 1346 875 lampades
1379 800 1523 863 nostrae
1551 795 1780 892 extinguntur.
1907 854 1909 859 ·

269 901 572 1000 ⁹llesponderunt
597 901 786 996 prudentes
810 900 979 973 dicentes
1004 900 1056 971 Ne
1081 901 1174 972 iorte
1201 921 1272 971 non
1297 903 1443 976 sufficiat
1469 911 1572 983 nobis
1607 927 1642 988 et
1667 923 1778 1007 vobis,

269 1028 316 1097 ite
342 1026 464 1120 potius
490 1022 536 1095 ad
561 1020 764 1094 vendentes
780 1029 816 1092 et
841 1018 955 1090 emite
981 1019 1091 1090 vobis.
1147 1011 1174 1058 ¹⁰
1189 1019 1279 1090 Dum
1306 1031 1422 1094 aulem
1448 1027 1540 1100 irent
1557 1053 1684 1122 emere,
1712 1059 1777 1112 vo-‘

271 1146 319 1216 nit
353 1164 524 1238 sponsus,
553 1151 588 1212 et
621 1162 712 1234 quas
742 1147 885 1234 paratae
922 1148 1024 1210 erant
1055 1139 1269 1211 intraverunt
1302 1161 1381 1212 cum
1415 1163 1462 1215 eo
1490 1148 1537 1219 ad
1563 1157 1714 1246 nuptias,
1742 1169 1777 1229 et

271 1267 393 1336 clausa
420 1272 476 1334 est
500 1261 610 1332 ianua.
663 1250 686 1294 ¹¹
701 1255 897 1328 Novissime
928 1258 1070 1328 veniunt
1096 1266 1132 1328 et
1157 1257 1312 1350 reliquae
1339 1259 1490 1350 virgines
1518 1265 1672 1346 dicentes
1698 1279 1774 1349 Do.

272 1383 365 1454 mine
392 1379 545 1480 domine,
579 1376 675 1470 aperi
702 1376 813 1449 nobis.
866 1368 952 1446 ''At
977 1377 1033 1447 ille
1067 1377 1288 1468 respondens
1321 1377 1368 1446 ait
1400 1375 1513 1452 Amen
1548 1387 1627 1460 dioo
1659 1394 1772 1480 vobis,

272 1501 393 1571 nescio
413 1515 488 1569 vos.
514 1489 542 1534 ⁴³
553 1497 697 1588 Vigilate
722 1495 845 1586 itaque,
872 1497 953 1587 quia
972 1495 1111 1566 nescitis
1138 1495 1230 1567 dam
1248 1516 1365 1588 neque
1383 1495 1515 1572 horam.
1543 1493 1773 1582 “WlSicur

271 1619 366 1690 enim
393 1618 501 1688 bomo
528 1635 678 1714 peregre
703 1613 926 1706 proficiscens
952 1615 1093 1686 vocavit
1119 1633 1243 1686 servos
1269 1635 1356 1686 suos
1383 1623 1418 1684 et
1435 1595 1575 1694 tradidit
1590 1617 1655 1699 illis
1672 1629 1770 1700 bona

272 1757 347 1820 sua,
392 1725 521 1776 'Dm-⁶¹
543 1743 578 1805 et
603 1734 661 1804 uni
687 1731 784 1804 dedit
809 1733 959 1824 quinque
987 1733 1123 1818 talenta,
1152 1729 1342 1804 alii‘autem
1361 1727 1442 1817 duo,
1472 1738 1526 1808 alii
1545 1761 1631 1814 vero
1651 1739 1767 1829 unum,

272 1854 458 1945 unicuique
483 1851 675 1926 secundum
701 1851 878 1943 propriam
905 1851 1076 1934 virtmem,
1105 1860 1140 1922 et
1167 1854 1345 1944 proiectus
1372 1860 1428 1921 est
1459 1859 1582 1928 statim.
1636 1852 1770 1934 ⁴⁶Abiit

273 1984 394 2047 antem
420 1971 477 2062 qui
503 1970 655 2062 quinque
681 1969 808 2040 talenta
834 1977 1036 2063 acceperat,
1073 1979 1108 2038 et
1142 1980 1308 2063 operatus
1336 1968 1450 2040 estin
1476 1973 1527 2044 eis
1554 1985 1589 2046 et
1614 1978 1767 2050 lucratus

273 2103 330 2164 est
362 2090 428 2162 alia
462 2089 621 2181 quinque.
675 2080 701 2124 ¹⁷
719 2088 877 2158 Similiter
910 2087 968 2180 qui
1003 2085 1073 2158 duo
1109 2097 1295 2180 acceperat
1324 2089 1475 2160 lucratus
1508 2094 1653 2164 ostelia
1680 2095 1764 2167 duo.

275 2203 302 2250 ¹⁸
320 2209 388 2294 Qui
415 2215 529 2278 autem
555 2229 660 2279 unum
688 2217 882 2300 acceperat,
909 2206 1031 2276 abiens
1057 2203 1143 2277 iodit
1174 2206 1208 2278 in
1240 2189 1340 2277 terra
1366 2216 1402 2276 et
1434 2209 1618 2280 abscondit
1650 2233 1764 2304 pacu-

273 2330 368 2402 niam
394 2327 521 2398 domini
549 2327 612 2397 sui.
663 2319 689 2364 ⁴⁹
706 2325 789 2396 Post
814 2327 958 2396 multum
984 2345 1071 2394 vero
1097 2325 1264 2416 temporis
1281 2325 1376 2394 venit
1399 2323 1560 2398 dominus
1577 2349 1764 2403 servorum

273 2449 411 2520 illenim
438 2455 473 2516 et
498 2445 615 2536 posuit
640 2445 809 2515 rationem
836 2463 914 2513 cum
941 2441 1003 2513 eis.
1055 2434 1082 2480 ¹⁰
1098 2442 1141 2512 Et
1165 2442 1336 2514 ancedeus
1363 2443 1421 2536 qui
1456 2446 1607 2536 quinque
1634 2449 1763 2520 talenta

273 2573 460 2657 acceperat
486 2563 607 2656 optulit
640 2561 706 2632 alia
738 2563 889 2655 quinque
923 2561 1059 2644 talenta,
1095 2559 1223 2631 dicens
1244 2561 1407 2646 Domine,
1448 2563 1599 2656 quinque
1633 2567 1763 2640 talenta

274 2683 357 2754 mihi
384 2681 559 2767 tradidisti,
587 2690 622 2752 et
648 2701 732 2751 ecce
760 2680 825 2750 alin
851 2677 1015 2770 quinque·
1029 2679 1283 2770 superlucratus
1311 2701 1398 2752 sum.
1450 2673 1760 2755 11Αῑιιιιιιιοιιιι-

274 2823 340 2872 nns
367 2801 441 2871 eius
467 2801 565 2891 Euge
590 2800 684 2870 bone
711 2819 813 2869 serve
841 2807 877 2868 et
902 2795 1031 2880 fidelis,
1058 2797 1138 2888 quia
1164 2817 1270 2890 super
1295 2817 1407 2890 pauca
1432 2800 1522 2870 fuisti
1548 2797 1668 2884 fldelis,
1697 2825 1759 2874 ιιι-

274 2942 339 3014 per
364 2920 470 2990 multa
497 2929 530 2988 te
557 2917 777 2988 constituam:
805 2917 893 2986 intra
919 2915 951 2984 in
978 2914 1142 3006 gaudium
1169 2916 1297 2986 domini
1323 2917 1379 2986 tui.
1418 2909 1617 2990 ”Accessit
1642 2930 1759 2995 autem

273 3049 310 3108 et
336 3037 394 3129 qui
420 3036 490 3108 duo
517 3039 643 3106 talenta
670 3043 854 3128 acceperat
887 3041 922 3103 et
948 3033 995 3105 ait
1020 3033 1175 3116 Domine,
1202 3033 1273 3104 duo
1308 3035 1434 3104 talenta
1464 3035 1633 3108 tradidisti
1665 3039 1757 3126 mihi,
1806 3019 1810 3025 ¹

273 3176 357 3226 ecce
384 3153 448 3224 alia
476 3153 546 3225 duo
572 3155 723 3223 lucratus
749 3174 836 3223 sum.
887 3143 915 3188 ’Β
930 3148 987 3220 Ait
1019 3149 1064 3220 illi
1090 3147 1250 3220 dominus
1287 3151 1362 3222 eius
1394 3151 1492 3244 Euge
1526 3155 1620 3226 bone
1653 3177 1758 3229 serve

274 3283 320 3344 et·
335 3271 455 3356 fidelis,
482 3273 562 3363 quia
589 3291 695 3364 super
720 3291 833 3362 pauca
859 3268 949 3340 bristi
966 3266 1087 3352 fidelis,
1112 3286 1217 3358 supra
1244 3268 1351 3340 multa
1367 3280 1402 3340 te
1420 3272 1640 3342 constituam:
1668 3273 1757 3346 intra

273 3392 308 3460 in
333 3389 496 3482 gandium
523 3389 653 3461 domini
679 3389 736 3460 tui.
788 3377 1009 3459 ”Aooedens
1036 3394 1150 3458 nutem
1184 3393 1220 3455 et
1245 3387 1303 3478 qui
1329 3409 1433 3460 unum
1446 3390 1624 3490 ‚talamum
1651 3410 1754 3462 acce-

273 3517 373 3602 perat
398 3507 444 3578 ait
468 3509 624 3590 Domine,
652 3507 724 3578 scio
753 3509 833 3600 qiua
859 3505 966 3578 homo
993 3503 1101 3576 durus
1128 3523 1177 3586 es,
1205 3514 1241 3576 et
1266 3507 1365 3578 metis
1393 3507 1450 3578 ubi
1476 3530 1548 3580 non
1566 3507 1754 3594 seminasti,

271 3637 308 3698 et
333 3647 527 3718 congregas
555 3626 613 3696 ubi
637 3646 709 3696 non
735 3626 906 3719 sparsisti:
951 3615 979 3662 ²³
995 3607 1032 3694 et
1064 3622 1188 3694 umens
1223 3623 1291 3694 abii
1322 3635 1359 3696 et
1384 3626 1555 3700 abscondi
1588 3625 1753 3700 wiennam

266 3755 367 3816 tunm
392 3745 426 3814 in
451 3754 559 3814 terra:
588 3765 671 3816 ecce
698 3743 809 3816 habes
836 3743 933 3837 quod
959 3751 1054 3814 urum
1080 3749 1142 3812 est.
1194 3731 1469 3837 ”Respondeas
1496 3756 1610 3819 autem
1638 3743 1753 3818 domi-

271 3885 335 3936 nus
360 3863 436 3934 eius
457 3862 550 3934 'dixit
576 3864 608 3934 ei
635 3864 744 3936 Serve
770 3867 862 3936 male
888 3872 923 3933 et
947 3861 1064 3954 piger,
1100 3858 1238 3930 sciebas
1271 3863 1352 3954 qnia
1385 3873 1480 3936 meto
1507 3865 1566 3936 ubi
1592 3883 1663 3936 non
1690 3884 1750 3934 se-

270 3983 373 4066 mino,
399 3992 436 4052 et
462 4003 639 4073 congrego
667 3979 726 4052 ubi
751 3997 822 4052 non
847 3979 984 4072 sparsi?
1020 3972 1212 4072 ”oportuit
1237 4000 1323 4072 ergo
1347 3989 1382 4051 te
1408 3983 1543 4054 mittere
1568 3981 1751 4082 pecuniam

270 4121 383 4171 meam
414 4101 664 4184 nummulariis,
701 4108 736 4170 et
766 4098 908 4170 veniens
942 4117 1012 4188 ego
1044 4096 1255 4186 recepissem
1288 4098 1405 4191 utique
1431 4101 1527 4192 quod
1553 4121 1670 4171 meum
1696 4107 1751 4169 est

269 4240 347 4288 carm
373 4239 487 4288 usura.
539 4209 700 4288 ”Tobiae
725 4217 841 4308 itaquo
876 4215 920 4288 ab
955 4236 999 4287 eo
1026 4216 1205 4298 talentum,
1239 4225 1276 4287 et
1300 4216 1383 4289 date
1408 4220 1441 4288 ei
1466 4219 1525 4311 qui
1551 4218 1657 4288 habet
1683 4215 1748 4286 ds-

269 4357 345 4408 cem
371 4338 508 4408 talenta.
558 4327 689 4383 ”imi
704 4335 805 4408 Omni
830 4335 921 4408 enim
948 4332 1088 4406 babenti
1115 4333 1252 4406 dabitur
1277 4345 1314 4406 et
1339 4337 1545 4422 abundabit3
1574 4338 1605 4408 oi
1631 4343 1747 4405 nutem

268 4456 327 4546 qni
353 4475 423 4526 non
449 4454 564 4538 habat,
592 4465 627 4526 et
652 4452 749 4545 quod
774 4452 911 4526 videtur
937 4451 1070 4524 habere
1097 4453 1270 4526 coleretur
1295 4456 1340 4526 ab
1369 4478 1423 4528 eo.
1474 4448 1502 4494 ²⁰
1514 4447 1603 4505 (Μ)
1624 4453 1667 4530 Et
1692 4453 1745 4522 in-

267 4573 385 4644 utilem
418 4593 559 4644 serrum
592 4573 691 4644 eicite
725 4572 760 4644 in
792 4571 954 4644 tenebras
994 4569 1202 4642 exteriores:
1236 4572 1304 4643 illic
1333 4576 1398 4644 erit
1431 4575 1531 4646 bears
1557 4582 1594 4644 et
1619 4569 1746 4642 stridor

266 4691 430 4762 dentium.
480 4682 503 4728 ³⁴
520 4681 621 4738 (Μ)
639 4691 723 4762 Cum
750 4699 864 4760 autern
891 4689 1026 4760 venerit
1050 4687 1138 4760 filius
1164 4688 1311 4762 hominis
1336 4693 1371 4762 in
1397 4693 1577 4764 maiestate
1604 4711 1685 4773 sna,
1713 4701 1748 4760 et
1906 4773 1910 4782 p

267 4829 388 4880 omnes
415 4809 529 4900 angeli
554 4829 633 4882 cum
655 4830 714 4892 seo,
742 4819 822 4880 tunc
847 4807 985 4880 sedebit
1009 4829 1115 4902 super
1147 4807 1269 4880 sedam
1300 4811 1487 4884 maiestatis
1519 4830 1620 4892 suno,
1673 4799 1748 4879 ”et
1850 4877 1851 4880 ,

264 4927 567 5019 congregabuntur
592 4936 671 4999 ante
704 4947 785 5000 eum
819 4947 941 4999 omnes
978 4933 1113 5016 gentes,
1150 4935 1186 4996 ot
1217 4928 1393 5020 separabit
1423 4950 1487 5001 sos
1522 4929 1567 4999 ab
1600 4929 1745 5030 invicem

263 5045 354 5148 sicut⁴
374 5054 496 5137 pastor
521 5054 685 5137 segregat
711 5065 797 5116 oves
825 5045 869 5116 ab
895 5044 1025 5127 haedis,
1064 5036 1091 5082 ³³
1108 5054 1144 5115 ot
1169 5053 1295 5118 statuet
1311 5066 1399 5118 oven
1416 5047 1557 5140 quidem
1576 5067 1596 5120 a
1614 5045 1745 5119 dextris

821 5163 920 5246 XXV,
950 5159 973 5235 7
1027 5199 1071 5214 -
1127 5165 1174 5234 33

1381 5277 1438 5354 7*
