4102 6128
326 385 372 456 ll
430 416 438 434 ·
628 383 812 449 CAPITULA
839 387 1054 448 LECTlONUll
1082 385 1283 447 SECUNDUM
1310 384 1513 448 MATTHEUM

409 591 499 662 Lllll.
528 589 711 660 Cananeae
737 587 839 658 liliam
866 609 887 658 a
915 587 1102 658 daemonio
1130 587 1270 658 laudata
1297 587 1416 658 matris
1442 587 1512 660 lide
1540 589 1679 660 curavit.

437 711 502 780 LV.
529 709 641 780 Multis
676 709 709 778 in
743 709 821 778 loco
849 707 992 778 deserto
1027 706 1165 789 sanatis,
1196 715 1358 798 quattuor
1383 707 1534 792 virorum
1563 707 1652 778 milia
1679 716 1815 799 septem

532 839 610 900 sunt
636 827 782 920 panibus
809 827 961 898 saturati.

422 949 500 1020 LVl.
528 949 611 1018 ltem
640 947 837 1040 petentibus
856 946 931 1017 dari
949 946 995 1016 de
1014 947 1113 1015 caelo
1132 945 1267 1036 signum
1285 947 1390 1016 lonae
1409 944 1523 1036 potius
1541 945 1616 1016 dari
1634 943 1813 1037 praedixit.

410 1068 502 1137 LVII.
530 1067 700 1137 Fermenti
727 1066 865 1137 nomine
893 1055 1087 1136 cavendum
1117 1064 1330 1157 praecipita
1358 1063 1514 1135 doctrina
1539 1063 1813 1135 Pharisaeorum.

395 1187 500 1256 tvllt.
527 1191 763 1278 interrogante
789 1185 931 1256 domino
959 1205 1063 1276 quem
1092 1205 1171 1254 eum
1200 1183 1355 1254 dicerent
1382 1183 1540 1254 homines
1567 1205 1648 1254 esse
1675 1177 1812 1254 confes-

531 1305 582 1376 sio
611 1305 704 1376 Petri
729 1307 903 1376 caelorum
932 1305 976 1374 ab
1004 1324 1047 1374 eo
1074 1304 1230 1376 clavibus
1256 1311 1465 1374 muneratur.

441 1425 521 1494 LlX.
549 1425 736 1496 Passurum
764 1446 803 1494 se
830 1422 1075 1516 praenuntians
1102 1423 1396 1494 contradicentem
1424 1421 1560 1494 Petrum
1588 1423 1751 1514 increpat,
1779 1433 1814 1491 et

532 1564 670 1613 omnem
698 1546 872 1615 volentem
900 1541 997 1633 sequi
1026 1565 1065 1613 sc
1093 1542 1199 1613 docet
1226 1543 1404 1634 abnegare
1430 1563 1470 1614 se
1497 1543 1619 1634 ipsum.

436 1665 502 1734 LX.
529 1661 655 1733 Dicens
682 1662 854 1754 quosdam
885 1683 955 1732 non
982 1660 1118 1732 visuros
1145 1673 1292 1732 mortem
1327 1662 1441 1732 donec
1474 1661 1615 1732 videant
1640 1681 1720 1730 eum
1750 1679 1812 1728 ve-

531 1781 680 1852 nientem
708 1781 742 1850 in
768 1803 887 1872 regno,
916 1799 1001 1850 mox
1026 1781 1174 1852 refertur
1201 1781 1462 1873 transfiguratus
1489 1780 1523 1850 in
1551 1789 1677 1850 monte.

421 1903 501 1972 LXI.
529 1900 677 1971 Puerum
714 1899 898 1971 lunaticum
934 1909 1047 1984 curat,
1082 1909 1117 1969 et
1153 1899 1327 1992 discipulis
1361 1901 1407 1972 de
1443 1923 1505 1971 sua
1541 1897 1820 1992 impossibilitate

534 2019 779 2111 quaerentibus
806 2019 853 2090 ait
878 2040 989 2111 genus
1014 2019 1096 2090 illud
1125 2021 1280 2091 oratione
1307 2020 1502 2112 ieiunioque
1528 2017 1735 2112 pellendum.

412 2140 505 2208 [ΧΠ.
534 2139 709 2210 Tributum
745 2139 884 2210 Caesari
917 2148 1080 2210 staterem
1115 2141 1148 2209 in
1182 2161 1244 2210 ore
1272 2139 1376 2232 piscis
1401 2140 1576 2210 inventum
1603 2139 1677 2210 dari
1707 2159 1811 2230 prae-

533 2259 633 2352 cepit,
661 2268 696 2328 et
722 2279 801 2328 eum
830 2257 999 2328 maiorem
1025 2261 1173 2331 mmmm
1202 2259 1325 2350 quise
1358 2269 1394 2330 ut
1419 2261 1583 2353 parvulus
1611 2256 1811 2328 humiliave-

532 2378 573 2448 rit
600 2378 732 2450 doeens
757 2377 803 2447 ait
830 2397 895 2448 nec
923 2377 1096 2450 minimum
1124 2379 1437 2464 scandalizandum,
1465 2379 1606 2450 etitem
1634 2376 1812 2448 membro-

532 2519 607 2568 rum
633 2497 773 2568 nomine
800 2496 881 2566 'vitia
908 2498 963 2567 vel
991 2519 1094 2569 caros
1120 2499 1327 2572 incurabiles
1363 2500 1541 2593 praecepit
1567 2496 1810 2570 abscidendos.

397 2619 504 2689 LXlll.
531 2619 584 2687 ue
612 2637 679 2687 ove
706 2637 850 2688 erronea
879 2626 914 2686 et
940 2616 1159 2710 correptione
1187 2619 1298 2689 fratris
1325 2619 1513 2702 enuntians,
1541 2627 1576 2688 et
1594 2617 1809 2688 eonsentien-

532 2735 622 2806 tibus
649 2735 730 2806 dicit
757 2745 853 2806 orata
881 2737 1050 2828 praestari
1085 2746 1120 2806 et.
1145 2739 1303 2828 peccanti
1338 2738 1537 2831 septuagies
1564 2738 1693 2830 septies
1718 2736 1813 2807 iubet

531 2855 673 2946 ignosci,
702 2855 854 2926 adhibita
881 2856 1048 2946 parabola
1082 2855 1174 2926 servi
1201 2857 1367 2928 debitoris
1403 2858 1460 2950 qui
1486 2869 1612 2949 negata
1640 2877 1811 2928 conservo

532 2973 751 3044 miseratione
777 2974 968 3044 damnatur.
1058 3053 1065 3064 ⁸

380 3093 499 3162 LXllll.
529 3093 612 3163 Cum
648 3093 816 3163 rationem
852 3093 898 3164 de
932 3093 1047 3163 libello
1082 3095 1214 3186 repudii
1249 3095 1469 3166 temtantibus
1495 3095 1721 3178 reddidisset,
1750 3095 1812 3166 tria

533 3232 613 3282 esse
640 3233 769 3303 genera
796 3213 914 3283 docuit
939 3206 1185 3283 eunuchorum.

409 3333 505 3402 LXV.
534 3330 713 3426 Praecepit
739 3333 876 3404 oblatos
903 3331 967 3403 sibi
993 3332 1256 3404 benedicendos
1283 3335 1446 3426 parvulos
1473 3355 1541 3404 non
1568 3335 1695 3426 repelli.

397 3448 504 3520 LXVI.
532 3451 692 3522 Secunda
720 3451 849 3522 domini
883 3452 1111 3544 responsione
1135 3451 1249 3522 ¹divite
1277 3453 1487 3538 contristato,
1515 3454 1812 3524 contemnentibus

531 3579 675 3662 propter
701 3593 741 3642 se
776 3571 979 3664 temporalia
1013 3572 1208 3664 centuplum
1243 3581 1278 3642 et
1303 3573 1408 3643 vitam
1436 3573 1600 3664 promittit
1626 3581 1813 3644 aeternam.

361 3687 482 3757 LXVll.
512 3685 702 3760 ‘Parabola
730 3690 775 3760 de
803 3689 971 3781 operariis
997 3691 1030 3760 in
1055 3692 1157 3760 vinea
1185 3699 1345 3784 tempore
1372 3693 1512 3764 diverso
1540 3692 1719 3763 conductis
1746 3693 1811 3764 ad-

533 3809 636 3880 bibita
666 3831 768 3878 unam
796 3829 989 3902 paremque
1016 3809 1098 3879 dicit
1124 3831 1188 3880 eos
1215 3812 1396 3903 accepisse
1422 3812 1632 3883 mercedem.

369 3924 503 4000 txvffl.
532 3927 741 4000 Praedicens
768 3949 807 3998 se
834 3949 1027 4020 passurum,
1055 3929 1154 3998 matri
1181 3929 1326 4001 filiorum
1352 3932 1527 4004 Zebedaei
1554 3933 1682 4024 petenti
1700 3954 1810 4025 nega-

532 4048 574 4118 tis
593 4048 745 4130 sedibus,
766 4047 811 4118 ait
828 4048 1003 4117 volentem
1022 4045 1094 4116 fieri
1114 4049 1260 4140 primum
1279 4051 1411 4122 debere
1430 4053 1544 4144 potius
1562 4073 1642 4122 esse
1662 4073 1809 4123 serrum.

393 4166 502 4235 txtx.
531 4168 613 4238 item
629 4167 682 4238 alii
693 4167 765 4237 duo
779 4166 874 4236 caeci
889 4164 1054 4236 sedentes
1067 4188 1168 4238 secus
1182 4168 1272 4239 viam
1287 4170 1472 4242 inluminati
1486 4169 1610 4243 ’secuti
1625 4181 1704 4242 sunt
1721 4193 1810 4242 eurn.

405 4285 501 4356 LXX.
531 4286 729 4357 Secundum
758 4285 959 4378 scripturam
989 4285 1193 4382 prophetiae
1221 4289 1308 4361 sedit
1335 4299 1441 4384 super
1467 4292 1585 4360 asinae
1611 4293 1748 4383 pullum,
1776 4300 1812 4360 et

532 4405 708 4496 ingressus
735 4405 900 4497 templum
928 4404 1006 4474 eicit
1031 4406 1240 4478 vendentes:
1269 4409 1326 4480 ubi
1344 4421 1443 4480 sanat
1461 4430 1587 4479 caecos
1615 4419 1650 4479 et
1668 4411 1811 4482 claudos

532 4525 758 4600 clamantibus
785 4524 935 4616 parvulis
962 4524 1102 4596 Osanna
1128 4511 1196 4599 lilio
1223 4529 1344 4599 David.

391 4645 501 4714 LXXl.
529 4645 691 4715 Arelacta
734 4645 880 4715 ficulnea
914 4643 1024 4714 verbo
1059 4645 1259 4717 mirantibus
1300 4647 1381 4718 dicit
1416 4647 1528 4718 omnia
1572 4669 1662 4738 quae
1696 4657 1814 4740 petunt

531 4765 716 4836 credentes
743 4763 912 4855 accipere.
1034 4843 1039 4848 ,

378 4882 500 4951 LXXll.
528 4885 783 4977 interrogantes
819 4885 851 4953 in
885 4907 953 4975 qua
982 4893 1153 4975 potestate
1188 4886 1272 4955 nrira
1300 4895 1450 4976 patraret
1484 4885 1529 4954 de
1558 4885 1729 4977 baptismo
1756 4887 1810 4955 lo-

532 5003 652 5074 bannis
686 5003 891 5095 interrogat,
926 5004 1071 5093 iungens
1104 5005 1306 5094 parabolam
1343 5005 1448 5096 patris
1487 5005 1518 5072 in
1557 5003 1689 5075 vineam
1726 5003 1813 5074 lilios

533 5122 711 5204 mittentis,
740 5123 952 5193 concludens
980 5123 1012 5190 in
1041 5143 1184 5212 regumn
1213 5123 1268 5196 dei
1296 5123 1499 5194 sacerdotes
1527 5143 1545 5192 a
1576 5123 1814 5194 meretricibus

533 5242 806 5331 praecedendus.
