4254 6130
717 397 827 458 LIBER
854 396 1009 462 AGTUUM
1035 399 1319 464 nrosronoadlt
1614 465 1615 468 ,
1698 405 1773 476 225

164 597 177 612 ’
270 602 484 696 praecipiens
510 621 554 672 ne
582 599 636 670 cui
664 600 867 690 loqueretur
893 601 1061 693 quoniam
1088 604 1179 678 haec
1204 615 1288 678 nota
1315 605 1380 676 sibi
1408 606 1558 680 lecisset.
1606 602 1632 650 Β
1649 611 1692 684 Et
1710 636 1777 686 vo.

270 724 356 796 catis
382 722 520 796 duobus
546 717 804 790 centurionibus
831 717 921 790 dixit
948 719 1014 792 illis
1041 721 1166 796 Parate
1192 725 1319 796 milites
1344 724 1525 814 ducentos,
1553 739 1590 800 ιιι
1617 744 1699 804 eant
1715 757 1777 806 us-

271 863 340 934 que
367 842 593 923 Caesaream,
626 851 662 910 et
692 837 830 930 equites
868 841 1095 931 septuaginta
1128 853 1164 914 θι
1188 845 1385 916 lancearios
1413 847 1601 936 ducentos,
1629 873 1650 925 a
1677 855 1778 928 tertia

272 961 358 1032 hora
383 961 512 1044 noc'tis,
547 948 574 996 ²⁸
587 967 622 1030 et
639 957 791 1028 iumenta
819 969 1050 1049 praeparate,
1078 971 1115 1032 ιιι
1141 963 1350 1056 inponentes
1368 964 1511 1039 Paulum
1536 972 1668 1044 salvunr
1696 997 1780 1070 per·
1908 983 1915 1000 ’

272 1081 440 1153 ducerent
459 1079 505 1151 ad
532 1078 678 1150 Felicem
705 1072 930 1168 praesidem3
984 1069 1012 1113 ²⁵
1030 1081 1187 1154 scribens
1215 1083 1400 1177 epistulam
1426 1090 1658 1166 continentem
1683 1096 1780 1170 haec,

271 1193 466 1270 ”Claudius
492 1199 616 1294 Lysias
644 1194 776 1290 optimo
804 1193 971 1286 praesidi
998 1197 1102 1270 Felici
1131 1201 1289 1273 salutem.
1325 1197 1351 1240 ’Ἰ
1364 1206 1480 1278 Virum
1515 1209 1605 1284 hunc
1631 1237 1783 1311 conpre-

273 1317 416 1388 hensum
445 1341 466 1389 a
492 1317 628 1390 ludaeis
655 1326 691 1388 et
716 1314 943 1407 incipientem
973 1316 1118 1392 interfici
1145 1321 1190 1391 ab
1219 1323 1270 1394 eis
1298 1328 1549 1417 superveniens
1576 1353 1654 1406 cum
1673 1357 1782 1410 exer-

272 1438 339 1508 citu
374 1437 500 1532 eripui,
535 1440 675 1530 cognito
702 1435 782 1527 quia
806 1435 991 1508 Romanus
1018 1450 1091 1512 est:
1126 1431 1360 1534 ¹⁸volensque
1387 1446 1477 1517 scire
1504 1471 1646 1524 causam
1673 1479 1780 1548 quam

272 1557 567 1647 obiciebantur,
603 1553 736 1628 deduxi
773 1577 852 1628 eum
887 1556 923 1626 in
951 1559 1137 1631 concilium
1166 1579 1308 1645 eorum;
1354 1555 1380 1600 Β
1397 1585 1501 1655 quem
1528 1570 1643 1644 inveni
1671 1597 1778 1648 accu-

221 1757 228 1770 ‚
272 1676 342 1748 sari
370 1675 417 1747 de
443 1673 706 1768 quaestionibus
732 1675 818 1766 legis
844 1676 1011 1768 ipsorum,
1039 1679 1122 1749 nihil
1151 1700 1237 1750 vero
1265 1679 1409 1772 dignum
1437 1697 1551 1758 morte
1578 1701 1637 1762 aut
1654 1695 1776 1766 vincu-

270 1795 312 1865 lis
345 1795 531 1866 habentem
565 1794 705 1865 crimen.
758 1785 786 1830 ³⁰
802 1795 844 1865 Et
878 1818 957 1867 cum
992 1798 1076 1868 mihi
1111 1800 1284 1892 perlatum
1321 1810 1418 1870 esset
1453 1803 1499 1874 de
1525 1807 1658 1880 insidiis
1685 1835 1774 1903 quas

272 1923 482 2005 paraverunt
514 1914 563 1998 ei,
599 1913 676 1984 misi
711 1913 757 1985 ad
790 1924 840 1999 te,
876 1916 1084 1988 denuntians
1118 1927 1155 1988 et
1181 1919 1446 1990 accusatoribus
1473 1933 1510 1992 ut
1536 1925 1653 1998 dicant
1678 1933 1774 2022 apud

272 2043 316 2103 ιθ.
359 2025 382 2069 ³¹
397 2033 519 2104 Milites
546 2051 632 2124 ergo
660 2033 852 2104 secundum
878 2045 1106 2129 praeceptum
1134 2036 1200 2106 sibi
1228 2037 1455 2110 adsumentes
1482 2040 1626 2116 Paulum
1654 2047 1770 2120 duxe-

270 2161 349 2222 runt
380 2173 444 2244 per
473 2161 613 2223 noctem
648 2152 681 2221 in
713 2151 981 2246 Antipatridem,
1026 2147 1053 2192 ³²
1070 2163 1106 2224 et
1141 2163 1285 2248 postera
1313 2156 1387 2242 die,
1414 2157 1568 2231 dimissis
1594 2165 1769 2254 equitibus

203 2365 208 2372 Ι
270 2281 308 2342 ιιι
332 2272 422 2342 ἰιθιιι
447 2293 525 2342 cum
553 2291 614 2355 eo,
649 2271 783 2342 reversi
809 2283 889 2344 sunt
922 2273 968 2344 ad
1001 2282 1125 2344 castra.
1177 2265 1204 2312 ³³
1222 2275 1288 2359 Qui
1321 2297 1400 2346 cum
1429 2281 1607 2351 venissent
1634 2279 1765 2358 Caesa-

271 2411 367 2461 ream
394 2399 429 2460 et
454 2389 680 2464 tradidissent
706 2392 888 2483 epistulam
916 2391 1078 2484 praesidi,
1106 2399 1300 2462 statuerunt
1327 2405 1407 2464 unte
1435 2396 1528 2468 illum
1556 2407 1591 2468 et
1609 2399 1762 2475 Paulum.

268 2497 392 2580 34(Ιιιιιι
418 2508 561 2600 legisset
586 2517 701 2580 autem
730 2519 765 2580 et
790 2509 1041 2602 interrogasset
1067 2511 1113 2583 de
1141 2531 1210 2602 qua
1235 2514 1413 2604 provincia
1441 2527 1546 2602 esset,
1575 2527 1610 2587 et
1628 2541 1759 2612 cogno-

270 2649 372 2700 scens
400 2628 479 2720 quia
515 2628 560 2700 de
587 2627 715 2714 Cilicia,
767 2621 795 2666 ³⁵
811 2627 961 2700 Audiam
987 2638 1032 2712 te,
1059 2629 1175 2720 inquit,
1204 2651 1282 2700 cum
1310 2642 1345 2702 et
1372 2645 1596 2706 accusatores
1624 2639 1669 2708 tui
1695 2662 1760 2712 ue-

269 2747 389 2832 nerint,
415 2747 582 2840 iussitque
609 2749 643 2818 in
671 2749 847 2842 praetorio
873 2747 1023 2819 Herodis
1050 2748 1215 2822 custodiri
1244 2771 1334 2821 eum.

957 3021 1069 3092 XXIV.

346 3219 459 3295 ⁴Post
492 3225 641 3316 quinque
676 3235 791 3296 autern
827 3225 903 3296 dies
938 3225 1121 3297 descendit
1154 3226 1315 3319 princeps
1347 3227 1569 3298 sacerdotum
1604 3227 1755 3300 Ananias

270 3363 346 3412 cum
380 3342 577 3414 senioribus
611 3343 819 3434 quibusdam
855 3355 890 3414 et
925 3345 1076 3416 Tertullo
1111 3343 1263 3436 quodam
1297 3354 1453 3429 oratore,
1497 3347 1554 3438 qui
1594 3346 1754 3417 adierunt
1862 3383 1863 3388 =

267 3460 464 3553 praesidem
493 3461 662 3534 adversus
687 3462 838 3532 Paulum.
892 3457 964 3533 2Et
990 3463 1093 3535 citato
1119 3463 1226 3533 Paulo
1253 3465 1369 3556 coepit
1395 3485 1560 3534 accusare
1585 3464 1754 3536 Tertullus

267 3579 388 3650 dicens
437 3573 552 3650 ³Cum
585 3581 618 3650 in
653 3582 758 3652 multa
792 3601 881 3672 pace
913 3603 1059 3674 agamus
1093 3603 1157 3675 per
1190 3593 1224 3652 te
1257 3591 1291 3652 et
1318 3583 1423 3652 multa
1449 3584 1664 3674 corrigantur
1690 3605 1785 3676 per-

267 3708 361 3769 tuam
387 3699 639 3790 providentiam
658 3719 798 3792 semper
816 3710 851 3770 et
870 3702 1006 3794 ubique,
1034 3702 1249 3795 suscipimus,
1277 3701 1406 3794 optime
1424 3702 1535 3786 Felix,
1563 3723 1639 3772 cum
1660 3687 1754 3773 omni

266 3818 450 3908 gratiarum
480 3818 624 3890 actione.
663 3807 741 3890 *Ne
769 3817 896 3890 durius
922 3830 1036 3892 autem
1065 3829 1099 3890 ιθ
1125 3819 1336 3912 protraham,
1364 3841 1428 3891 oro
1452 3821 1605 3891 breviter
1631 3821 1752 3892 audias

266 3957 332 4008 nos
357 3957 423 4030 pro
450 3945 509 4008 tua
535 3937 726 4009 clementia.
778 3929 999 4010 5Ιιιιιθιιίιιιιιιι
1025 3939 1116 4010 hunc
1141 3939 1315 4011 hominem
1344 3939 1542 4031 pestiterunr
1568 3949 1605 4010 et
1631 3941 1751 4011 conci-

266 4065 396 4128 tantem
423 4055 615 4128 seditiones
649 4057 810 4128 omnibus
842 4057 980 4130 ludaeis
1015 4059 1050 4128 in
1076 4058 1239 4130 universo
1271 4058 1358 4128 orhe
1385 4067 1421 4128 θι
1447 4065 1625 4129 auctorem
1653 4059 1749 4130 sedi-

266 4177 366 4246 tionis
398 4186 515 4247 sectae
548 4177 824 4260 Nazarenomm,
875 4168 965 4267 6qui
996 4178 1101 4248 ctiam
1138 4177 1301 4269 templum
1335 4177 1466 4248 violare
1506 4183 1652 4248 conatus
1685 4187 1749 4260 est,

266 4315 369 4386 quem
403 4305 438 4364 et
472 4289 802 4388 'adprehendimusz
859 4288 912 4365 ⁸a
947 4317 1016 4386 quo
1050 4296 1181 4389 poteris
1212 4296 1288 4388 ipse
1320 4294 1476 4366 iudicans
1510 4293 1556 4366 de
1590 4295 1752 4366 omnibus

265 4413 339 4484 istis
366 4433 582 4505 cognoscere
610 4415 807 4506 dequibus
833 4433 899 4483 nos
926 4435 1131 4487 accusamus
1158 4435 1249 4486 eum.
1301 4405 1541 4485 ⁹Adiecerunt
1574 4421 1689 4484 autem
1716 4421 1752 4482 et

184 4547 190 4564 ’
264 4531 381 4604 ludaei
409 4532 567 4604 dicentes
593 4533 682 4604 haec
707 4533 755 4604 ita
781 4553 821 4604 se
839 4532 980 4604 hahere.
1025 4525 1051 4570 ¹⁰
1066 4533 1258 4626 llespondit
1281 4543 1396 4605 autem
1414 4533 1549 4616 Paulus,
1576 4529 1750 4602 adnuente

265 4648 329 4722 sihi
356 4651 518 4744 praeside
545 4650 673 4736 dicere,
702 4644 776 4723 'Ex
803 4653 917 4722 multis
943 4652 1042 4722 annis
1068 4673 1149 4723 esse
1166 4662 1202 4722 te
1226 4651 1375 4723 iudicem
1401 4652 1494 4745 genti
1520 4648 1599 4721 huic
1625 4649 1749 4731 sciens,

169 4849 177 4870 ,
263 4769 360 4842 hono
393 4771 509 4842 animo
546 4791 610 4863 pro
646 4789 701 4840 me
736 4771 953 4842 satisfaciam.
1007 4763 1029 4806 ¹⁴
1051 4770 1155 4842 Potes
1189 4770 1280 4840 enim
1316 4791 1533 4862 cognoscere
1566 4768 1646 4860 quia
1680 4787 1750 4840 non

263 4890 341 4982 plus
367 4900 445 4961 sunt
471 4890 547 4972 dies
582 4888 662 4960 mihi
696 4907 800 4978 quam
828 4888 1013 4960 duodecim
1049 4909 1095 4958 ex
1122 4911 1192 4982 quo
1220 4887 1362 4958 ascendi
1388 4889 1537 4974 adorare
1564 4887 1599 4958 in
1623 4886 1749 4958 llieru-

263 5009 387 5080 salem:
432 5002 512 5080 1’θι
543 5027 660 5100 neque
693 5005 729 5074 in
763 5007 892 5098 templo
923 5008 1127 5078 invenerunt
1163 5027 1221 5078 me
1255 5025 1333 5076 cum
1366 5007 1483 5100 ahquo
1516 5006 1750 5098 disputantem

263 5139 321 5198 aut
353 5147 559 5199 concursum
591 5126 771 5198 facientem
806 5127 942 5210 turbae,
979 5145 1093 5218 neque
1120 5127 1153 5196 in
1179 5127 1370 5219 synagogis
1396 5146 1509 5218 neque
1536 5125 1570 5196 in
1596 5124 1748 5204 civitate,

755 5245 866 5328 XXlll,
896 5247 943 5318 23
972 5285 1023 5297 -
1050 5245 1161 5329 XXIV,
1194 5247 1250 5317 12.

1377 5365 1424 5434 29
