4254 6130
677 189 795 250 linha
822 185 975 248 A‘CTUUM
1001 185 1281 248 APOSTOLOlthl
1656 181 1728 250 l99

252 293 499 304 -a—-—-·-—=—-—--

246 393 446 486 angelorum
490 401 525 462 et
559 412 627 462 non
661 391 867 464 custodistis.
928 378 954 426 ⁵⁵
972 389 1165 464 Audientes,
1193 401 1307 461 autern
1343 367 1431 460 haec
1468 387 1730 460 dissecabantur

245 513 408 584 cordibus
435 511 505 584 suis
533 521 568 582 st
595 511 784 584 stridebant
810 511 970 584 dentibus
998 513 1029 582 in
1057 533 1147 582 enm.
1188 503 1216 548 ⁵5
1234 511 1318 582 Cum
1345 519 1459 581 autem
1488 518 1584 579 esset
1610 509 1731 601 plenus

245 635 363 728 spiritu
394 643 530 717 sancto,
563 633 696 704 intuens
730 633 763 706 in
791 631 927 704 caelum
960 631 1045 704 vidit
1071 630 1216 724 gloriam
1243 629 1301 701 dei
1334 641 1369 702 et
1394 630 1508 700 lesum
1535 639 1680 700 stantem
1710 655 1750 722 a,

245 755 378 826 dextris
404 753 470 838 dci,
497 763 532 824 et
558 753 604 824 ait
628 753 720 824 Ecce
746 752 851 824 video
880 751 998 823 caelos
1025 763 1166 846 apertos
1194 759 1229 822 ct
1256 735 1359 822 lilium
1387 749 1532 820 bominis
1559 747 1730 820 adextris
1862 801 1865 810 .

247 885 393 946 stantem
420 874 486 946 dei.
537 865 824 964 ‚⁵⁶llxclamantes
852 880 966 942 autem
995 893 1083 944 voce
1109 894 1238 964 magna
1266 870 1503 942 continuerunt
1529 889 1630 940 aures
1649 891 1731 940 suas

247 1007 282 1068 et
308 996 470 1088 impeturn
497 995 653 1065 iecerunt
678 991 883 1066 unanimiter
908 991 942 1062 in
970 1013 1065 1077 eum,
1109 984 1136 1028 ⁵⁷
1149 1000 1184 1062 ct
1211 990 1373 1062 eicientes
1388 1079 1393 1090 ι
1407 1011 1486 1062 eum
1520 999 1619 1061 extra
1646 989 1728 1060 civi-

249 1125 354 1188 tatem
387 1114 594 1209 lapidabant.
645 1114 687 1184 Et
721 1121 830 1184 testes
863 1112 1099 1205 deposuerunt
1132 1111 1339 1182 vestimenta
1374 1133 1436 1182 sua
1477 1131 1578 1182 secus
1620 1109 1732 1204 pedes

249 1236 478 1308 adulescentis
505 1236 564 1327 qui
588 1235 779 1307 vocabatur
807 1233 949 1318 Saulus,
993 1223 1020 1270 ⁶⁸
1038 1242 1074 1304 et
1098 1231 1302 1325 lapidabant
1329 1221 1538 1323 Stephanum
1566 1230 1731 1304 invocan-
1863 1249 1867 1254 ·

249 1367 317 1428 tem
345 1366 380 1428 et
406 1356 578 1430 dicentem
606 1354 753 1426 Domine
779 1355 866 1439 lesu,
895 1354 1033 1447 suscipe
1060 1352 1213 1446 spiritum
1242 1349 1367 1422 mcum.
1420 1341 1583 1424 59Ροείιίε
1617 1361 1732 1459 autern
1868 1445 1873 1451 Ι

249 1478 394 1570 genibus
421 1477 580 1548 clamavit
605 1497 695 1548 voce
722 1495 849 1568 magna
875 1473 995 1546 dicens
1021 1473 1185 1556 Domine,
1222 1493 1267 1542 nc
1301 1479 1430 1542 statuas
1463 1471 1526 1544 illis
1553 1474 1620 1546 boc
1646 1495 1732 1567 pec-

250 1609 373 1670 catum.
426 1599 468 1668 Et
500 1619 578 1668 curn
611 1596 679 1668 hoc
711 1583 874 1676 dixisset,
908 1594 1129 1666 obdormivit.
1178 1593 1305 1698 vSardus
1337 1601 1453 1664 autem
1479 1604 1555 1668 erat
1581 1617 1731 1672 consen-

251 1718 338 1790 tiens
364 1717 440 1788 neci
466 1717 549 1810 eius.

949 1989 1028 2059 Vlll.

325 2194 454 2270 ¹Facta
480 2207 535 2269 est
561 2207 674 2268 autem
701 2197 736 2268 in
762 2197 815 2268 illa
843 2195 900 2267 die
927 2193 1124 2289 persecutio
1151 2214 1278 2286 magna
1305 2196 1339 2266 in
1365 2198 1511 2270 ecclesia
1538 2221 1629 2292 quae
1655 2213 1730 2274 erat

250 2318 505 2414 Hierosolymis,
532 2327 567 2388 et
593 2339 715 2388 omnes
742 2316 887 2411 dispersi
920 2325 999 2388 sunt
1031 2335 1095 2408 per
1120 2315 1284 2406 regiones
1309 2317 1460 2390 Iudaeae
1492 2329 1526 2392 et
1551 2321 1728 2394 Samariae

250 2451 388 2535 praeter
414 2439 603 2532 apostolos.
654 2429 896 2509 2(iuraverunt
922 2446 1037 2508 autem
1065 2434 1275 2528 Stephanum
1310 2439 1373 2510 viri
1399 2439 1547 2512 timorati
1574 2450 1608 2512 et
1633 2443 1728 2514 lece-

252 2567 327 2630 rnnt
352 2557 525 2650 planctum
552 2579 715 2651 magnum
742 2579 848 2650 super
873 2557 975 2630 illurn.
1027 2547 1182 2628 ³Saulus
1207 2579 1293 2630 vero
1312 2559 1519 2634 devastabat
1536 2562 1727 2646 ecclesiam,

250 2700 313 2772 per
339 2677 465 2750 domos
490 2678 628 2763 intrem,
656 2677 856 2749 attrahens
883 2678 977 2750 viros
1004 2699 1046 2748 ao
1072 2677 1232 2751 muheres
1267 2681 1428 2754 tradebat
1458 2683 1492 2752 in
1524 2683 1726 2755 custodiam.
1800 2749 1806 2758 .

250 2787 378 2891 *Igitur
404 2799 462 2890 qui
488 2798 636 2892 dispersi
653 2807 751 2869 erant
767 2797 1044 2890 pertransiebant
1061 2799 1336 2891 evangelizantes
1353 2803 1499 2874 verbum
1517 2801 1584 2874 dei.
1620 2796 1727 2872 5Ρὶιί-

251 2918 364 3010 lippus
391 2927 504 2990 autem
530 2915 750 2992 descendens
775 2918 810 2989 in
836 2918 1005 2990 civitatem
1033 2917 1210 2991 Samariae
1227 2922 1453 3014 praedicabat
1467 2921 1530 2994 ile
1549 2922 1726 2994 Christum.

252 3029 507 3110 “intendebant
539 3047 653 3112 autem
686 3037 808 3109 turbae
840 3037 894 3109 his
926 3059 1016 3130 quae
1051 3058 1071 3107 a
1107 3037 1262 3134 Philippo
1289 3042 1498 3126 dicebantur,
1526 3042 1728 3114 unanimiter

254 3155 433 3228 audientes
459 3167 495 3230 et
518 3159 676 3231 videntes
703 3158 800 3252 signa
827 3179 917 3250 quae
942 3156 1107 3229 iaciebat:
1158 3151 1284 3233 'multi
1310 3163 1399 3234 enirn
1433 3183 1553 3234 eorum
1579 3161 1636 3254 qui
1662 3161 1726 3232 ha-

254 3277 384 3350 bebant
409 3278 546 3372 spiritus
571 3279 763 3365 inmundos,
791 3280 977 3352 clamantes
1011 3297 1100 3348 voce
1127 3299 1254 3374 magna
1281 3270 1480 3367 sariebant,¹
1509 3274 1629 3352 ⁸multi
1662 3303 1725 3354 au·

254 3409 323 3469 tem
350 3399 526 3493 paralytici
551 3409 586 3472 et
612 3399 722 3470 claudi
748 3401 855 3472 curati
880 3408 967 3472 sunt.
1018 3387 1184 3472 ⁹Factum
1211 3411 1367 3496 astorgo
1384 3423 1545 3494 magnum
1563 3401 1726 3494 gaudium

254 3518 288 3590 in
313 3519 368 3590 illa
394 3519 540 3592 civitate.
592 3519 649 3590 llir
674 3529 789 3592 autem
815 3520 956 3614 qrridam
980 3517 1119 3590 nomine
1146 3521 1273 3609 Simon,
1301 3524 1358 3616 qui
1385 3531 1464 3596 ants
1489 3523 1599 3594 luerat
1623 3523 1657 3594 in
1675 3523 1725 3593 ci-

255 3639 359 3712 vitate
384 3661 516 3733 magus,
535 3640 708 3713 seducens
726 3649 864 3734 gentem
883 3639 1069 3725 Samariae,
1097 3639 1218 3714 dicens
1235 3663 1315 3715 esse
1333 3665 1371 3715 se
1389 3643 1536 3734 adquam
1555 3663 1724 3734 magnum,

256 3751 281 3798 ¹⁰
295 3761 349 3832 cui
374 3761 587 3834 ascultabant
613 3781 736 3832 omnes
761 3781 783 3832 a
808 3761 946 3832 minimo
974 3781 1084 3854 usque
1111 3760 1158 3834 ad
1183 3764 1370 3835 maximum
1405 3763 1558 3834 deantes
1584 3763 1646 3836 llic
1672 3774 1727 3836 est

256 3881 362 3952 virtus
387 3881 445 3954 dei
471 3903 560 3975 quae
586 3891 729 3954 vocatur
746 3903 889 3974 magna:
932 3873 955 3918 ⁴¹
971 3879 1207 3954 adtendebant
1232 3891 1346 3956 autern
1371 3901 1451 3955 eum
1472 3893 1614 3978 propter
1631 3885 1727 3977 quod
1855 3903 1860 3918 ·

259 4002 363 4072 mrdto
390 4011 548 4095 ternpore
573 4002 716 4094 magicis
743 4002 814 4074 suis
840 4001 1074 4075 dementasset
1100 4023 1172 4074 eos.
1223 3995 1249 4042 ⁴²
1266 4004 1349 4076 Cum
1381 4025 1465 4098 crgo
1501 4004 1728 4077 credidissent

259 4121 414 4216 Philippo
440 4122 688 4214 evangelizanti
713 4121 759 4193 de
784 4143 892 4216 regno
919 4123 977 4196 dei
1004 4133 1039 4194 et
1063 4123 1201 4194 nomine
1234 4125 1311 4196 lesu
1338 4125 1474 4209 Christi,
1501 4125 1725 4218 baptizaban-

260 4251 313 4312 tur
337 4241 400 4314 viri
426 4263 467 4314 ac
492 4243 662 4314 muheres.
715 4234 852 4314 13Τιιιιο
877 4243 995 4316 Simon
1020 4251 1056 4314 et
1080 4243 1156 4335 ipse
1182 4245 1341 4330 credidit,
1370 4254 1405 4316 et
1431 4265 1507 4314 corn
1533 4245 1726 4338 baptizatus

260 4371 362 4449 esset,
391 4361 583 4434 adherebat
615 4361 787 4456 Philippo;
819 4363 942 4436 videns
968 4363 1071 4436 etiam
1103 4364 1200 4457 signa
1226 4375 1261 4437 et
1284 4365 1428 4438 virtutes
1454 4364 1627 4437 maximas
1653 4363 1726 4436 ficri

233 4491 401 4588 ⁸stupens
427 4481 666 4554 admirabatur.
718 4469 744 4520 ¹⁴
761 4481 844 4554 Com
871 4494 985 4556 autem
1018 4483 1194 4556 audissent
1218 4487 1365 4578 apostoli
1398 4485 1455 4577 qui
1481 4493 1579 4571 erant
1603 4484 1726 4556 Hiero-

261 4603 403 4696 solymis
430 4603 510 4696 quia
542 4604 676 4696 recepit
702 4603 856 4675 Samaria
882 4605 1025 4676 verbum
1051 4603 1125 4688 dei,
1158 4603 1322 4702 miserum
1354 4605 1401 4676 ad
1425 4604 1502 4676 illos
1527 4605 1664 4678 Petrum
1691 4615 1727 4676 et

259 4722 452 4794 iohannem.
504 4713 530 4758 ⁴⁵
548 4724 612 4808 Qui
639 4745 716 4795 cum
741 4723 929 4806 venissent,
956 4732 1141 4794 oraverunt
1166 4747 1229 4817 pro
1255 4725 1339 4821 ipsis
1364 4735 1402 4795 ut
1433 4725 1627 4818 acciperent
1653 4727 1725 4820 spi-

258 4844 358 4914 ritum
384 4851 555 4914 sanctum:
598 4835 624 4878 ⁴⁶
640 4843 789 4914 necdum
816 4842 906 4916 enim
932 4841 966 4912 in
984 4863 1177 4934 quenquam
1201 4845 1338 4927 illorum
1355 4855 1504 4930 venerat,
1531 4845 1595 4917 sed
1612 4847 1725 4939 bapti-

259 4963 324 5034 zati
356 4972 486 5036 tantmn
520 4971 617 5037 erant
649 4962 684 5034 in
715 4963 853 5036 nornine
888 4961 1017 5034 domini
1049 4961 1134 5033 lesu.
1187 4956 1213 5000 ¹⁷
1231 4969 1333 5066 'runo
1363 4966 1583 5061 imponebant
1608 4987 1729 5038 monus
1860 4993 1862 5000 ’

793 5083 855 5168 llll,
885 5081 930 5153 bl
962 5087 1013 5134 —'
1034 5083 1110 5170 Vlll,
1140 5079 1197 5158 r7.
1765 5083 1773 5090 ’
