4220 6124
819 358 1001 424 INCIPIIINT
1035 357 1179 420 BREVES
1657 352 1723 429 2ss

344 563 435 638 Xllll.
462 565 514 636 De
540 559 751 636 'differenda
771 563 1015 658 magnitudinis
1040 554 1323 655 peccati'Adae
1334 559 1522 635 humanum
1537 585 1647 658 genus
1670 543 1732 636 ¹se·

466 707 544 758 cum
575 685 705 780 pariter
737 684 941 778 deponentis
973 680 1019 756 ad
1050 689 1200 754 mortem
1235 673 1288 752 'et
1319 683 1451 774 gratiae
1484 684 1613 758 domini
1638 684 1732 780 apud

466 827 506 878 se
533 805 716 879 eredentes
742 825 863 876 omnes
889 805 922 874 ιιι
948 825 987 876 se
1014 801 1196 874 relevantis
1222 799 1269 874 ad
1293 802 1398 876 vitam
1424 813 1460 876 et
1476 805 1620 897 gloriam
1638 827 1732 878 sem-

467 927 647 1022 piternam.
765 965 772 978 ·
999 973 1003 984 .

373 1049 441 1121 XV.
466 1049 519 1120 De
544 1046 733 1142 baptizatis,
761 1043 857 1138 quod
882 1046 916 1118 iu
941 1053 1052 1116 morto
1079 1042 1208 1115 domiui
1233 1041 1299 1113 siut
1323 1043 1501 1138 baptizati,
1527 1046 1644 1120 vivant
1669 1071 1733 1119 au-

466 1179 537 1240 tern
562 1191 631 1240 non
655 1175 800 1261 peccato
827 1164 881 1238 cui
894 1164 972 1236 'iarn
999 1163 1123 1236 mortui
1149 1171 1226 1234 sunt
1251 1163 1317 1236 sed
1342 1164 1487 1240 iustitiae
1512 1167 1575 1242 dei.
1595 1167 1649 1238 cui
1675 1189 1733 1238 re·

467 1288 536 1360 nati
563 1297 647 1374 sunt
675 1297 710 1358 et
735 1283 986 1358 resurrectione
1001 1283 1141 1356 domini
1168 1277 1294 1356 'nostri
1318 1285 1395 1358 Iesu
1420 1287 1550 1360 CbrIsti.

356 1411 438 1482 XVI.
464 1409 517 1480 De
542 1407 711 1492 fidelibus,
738 1405 834 1500 quod
858 1425 928 1477 non
954 1403 1019 1474 sint
1046 1403 1111 1475 sub
1137 1404 1215 1496 lege
1242 1403 1307 1476 sed
1333 1407 1398 1478 sub
1424 1409 1549 1500 gratia
1577 1419 1612 1480 et
1638 1409 1733 1503 quod

465 1527 596 1600 liberati
623 1549 643 1600 a
670 1527 833 1600 servitute
858 1523 993 1619 peccati
1018 1523 1085 1594 sint
1110 1523 1202 1598 servi
1226 1524 1372 1598 iustitiae
1398 1526 1464 1600 dei.

335 1649 436 1722 XVII.
462 1649 514 1718 De
540 1647 679 1720 bomine
704 1645 866 1740 quamdiu
891 1645 975 1716 vivit
998 1642 1132 1716 viucurlo
1158 1645 1245 1738 legis
1273 1644 1435 1718 adstricto
1462 1659 1498 1720 et
1521 1648 1555 1718 ιιι
1572 1647 1733 1742 passione

466 1766 594 1842 domiui
619 1765 747 1860 pariter
770 1765 938 1838 moriente
951 1773 1001 1838 ut
1024 1765 1103 1858 lege
1128 1765 1171 1836 sit
1196 1765 1291 1838 liber.
1721 1863 1724 1868 Ι

334 1889 441 1960 XVIII.
470 1889 519 1958 Ile
544 1886 774 1980 disputatione
800 1886 911 1958 carnis
938 1894 974 1956 et
999 1886 1181 1958 carnalium
1210 1905 1354 1980 operum
1381 1896 1416 1958 et
1441 1887 1576 1981 spiritus
1602 1909 1643 1960 ac
1661 1889 1714 1984 spi

466 2007 611 2079 ritaIIum
637 2007 825 2078 sanctitate.

359 2127 442 2199 XIII.
468 2129 519 2200 lle
546 2126 681 2211 sanctis,
709 2126 805 2220 quod
830 2146 900 2197 uon
916 2125 1028 2198 carnis
1045 2127 1111 2198 sint
1128 2126 1304 2200 debitores
1331 2126 1396 2199 sed
1413 2125 1557 2232 spiritus,
1585 2135 1620 2198 et
1638 2127 1733 2220 quod

467 2268 536 2320 non
562 2247 715 2342 spiritum
740 2246 871 2318 timoris
897 2235 1081 2340 acciperint
1107 2246 1172 2319 sed
1198 2247 1393 2342 adoptionis
1418 2245 1562 2320 liliorum
1588 2245 1655 2318 dei.

366 2367 438 2440 XX.
455 2369 516 2440 ·De
542 2367 730 2441 differentia
756 2367 956 2462 passionum
982 2376 1017 2438 et
1041 2368 1258 2462 praesentiae
1284 2377 1319 2440 et
1344 2368 1489 2442 loturae:
1523 2387 1545 2438 a
1571 2367 1733 2440 servitute

466 2487 695 2582 corruptionis
726 2486 862 2559 liberari
895 2486 1088 2580 cupientes:
1124 2497 1173 2559 et.
1190 2488 1236 2562 de
1268 2509 1332 2584 spe
1364 2495 1415 2558 et.
1432 2485 1478 2559 de
1518 2487 1637 2582 spiritu
1666 2509 1731 2582 pro

467 2607 594 2680 sanctis
620 2607 802 2701 gemitibus
829 2605 886 2700 qui
911 2607 1028 2680 verbis
1050 2607 1206 2702 *deprimi
1238 2630 1309 2680 non
1343 2617 1489 2702 possunt
1521 2608 1732 2682 ambitiosius

464 2728 670 2822 postulante.

357 2848 441 2920 XXI.
467 2849 520 2926 De
543 2847 807 2943 praedestinatis
833 2845 1063 2919 conformibus
1089 2846 1146 2918 filii
1171 2847 1237 2920 dei.

341 2969 438 3040 XXII.
464 2970 517 3040 De
542 2969 623 3054 deo,
650 2967 744 3062 quod
769 2987 834 3060 pro
859 2967 961 3038 nobis
987 2966 1056 3040 lilio
1082 2967 1223 3063 proprio
1249 2987 1319 3040 non
1343 2968 1505 3061 pepercit

330 3089 439 3160 XXIII.
465 3089 518 3158 De
550 3087 809 3181 inpossibilitate
842 3087 1070 3181 separationis
1102 3086 1248 3158 hominis
1278 3065 1450 3160 christiani
1480 3081 1520 3157 'a
1552 3083 1733 3158 dilectione

468 3205 597 3278 domini
622 3207 730 3277 nostri
755 3207 832 3279 lesu
859 3206 988 3278 Christi.
1056 3261 1059 3268 .

265 3269 269 3276 ⁸
318 3325 440 3396 XXIIII.
465 3325 518 3396 De
542 3323 777 3396 testificatIcue
803 3321 897 3398 Pauli
923 3325 1053 3398 doloris
1078 3335 1114 3396 et
1139 3325 1185 3396 de
1210 3324 1341 3396 tristitia
1367 3271 1431 3418 pro
1457 3323 1599 3398 ludaeis.

342 3445 441 3518 XXV.
466 3446 518 3516 De
545 3442 682 3516 duobus
707 3445 852 3539 populls.

324 3567 437 3637 XXVI.
463 3565 516 3636 De
541 3565 716 3638 voluntate
742 3563 809 3651 dei,
837 3563 932 3658 quod
957 3587 1061 3658 quem
1087 3567 1158 3637 vult
1183 3565 1317 3636 indurat
1343 3573 1379 3634 et
1403 3563 1456 3634 cui
1483 3563 1554 3636 uolt
1579 3561 1731 3634 clemen·-

467 3683 597 3756 tissime
622 3685 812 3758 miseretur.

311 3807 437 3880 XXVII.
463 3806 516 3876 De
542 3807 799 3898 comparatione
824 3806 976 3900 figmenti
1002 3818 1038 3876 et
1062 3805 1162 3898 figuli.

297 3926 436 4000 XXVIII.
463 3927 516 3996 De
544 3924 635 3996 vasis
661 3925 733 3998 irae
759 3949 801 3998 ac
826 3923 1083 3998 miserIcordIae
1109 3935 1144 3996 et
1169 3927 1319 4019 gentium
1345 3924 1534 3999 vooatIoue.

320 4047 437 4120 XXIII.
463 4047 517 4116 De
541 4045 643 4118 lisele
669 4047 838 4120 clamante
863 4069 928 4142 pro
955 4049 1083 4142 populo
1109 4045 1245 4118 Israhel.
1318 4098 1321 4106 .
1386 4105 1391 4116 .

331 4168 433 4241 XXX.
460 4167 512 4236 De
539 4165 697 4260 gentibus
722 4166 881 4240 iustitiam
911 4165 992 4238 fidei
1019 4161 1375 4260 conprehendentibus
1401 4176 1435 4236 et
1459 4163 1595 4238 ludaeIs
1621 4165 1711 4238 offen

467 4285 662 4358 dentibus
652 4308 687 4356 m
711 4286 861 4380 lapidem
889 4287 1094 4382 offensionis.
1236 4339 1240 4354 .

322 4407 436 4478 XXXI
463 4406 515 4476 De
550 4405 655 4477 Paulo
693 4407 922 4480 testimonium
956 4406 1156 4502 perhibente
1192 4406 1293 4498 quod
1319 4370 1435 4482 ludaei
1468 4351 1730 4478 aemulationem

468 4524 525 4596 dei
542 4524 716 4598 babeant'
707 4537 915 4620 ignorantes,
942 4536 977 4596 et
998 4525 1092 4620 quod
1110 4525 1185 4598 linis
1203 4526 1245 4596 sit
1272 4521 1376 4620 legis
1394 4525 1552 4599 domiuus
1570 4523 1729 4596 Christus.

308 4647 437 4721 XXXII.
464 4646 516 4715 De
542 4645 665 4718 iustitia
691 4647 776 4740 legIs
802 4657 836 4718 et
861 4646 983 4718 iustitIa
1010 4645 1100 4718 fidei.

255 4755 260 4768 '
294 4767 435 4838 XXXIII.
461 4767 514 4837 De
539 4766 774 4839 incredulitate
799 4765 1003 4840 Iudaeorum
1031 4776 1066 4837 et
1091 4763 1241 4858 gentium
1266 4762 1345 4836 fide.

282 4887 434 4958 XXXIIII.
460 4887 513 4958 De
538 4887 683 4971 ludaeis,
711 4885 806 4980 quod
830 4908 900 4958 nou
925 4886 991 4958 sint
1016 4885 1188 4980 praepulsi
1213 4905 1234 4956 a
1260 4883 1339 4954 deo.

307 5007 438 5078 XXXV.
464 5008 516 5078 De
543 5007 666 5080 duritia
691 5007 903 5080 Iudaeorum.

296 5128 439 5199 XXXVI.
466 5129 518 5198 De
550 5127 753 5200 ludaeorum
788 5127 930 5212 delleta,
965 5148 1042 5198 cum
1075 5127 1118 5198 sit
1150 5123 1308 5218 gentibus
1340 5125 1441 5208 salus,
1468 5131 1595 5218 quanto
1621 5121 1730 5214 magis

469 5247 532 5318 erit
557 5247 732 5342 plenitudo
759 5269 888 5320 eorum.

1382 5368 1421 5436 3ι
