4254 6130
727 175 833 238 amau
860 173 1011 238 llC'lUUll
1037 175 1316 238 apostotorum
1685 165 1761 284 Ψ

331 279 687 288 ’-Μ-αξ...-
697 279 890 289 -—----—

286 385 377 454 enirn
404 401 467 453 sua
493 381 717 472 generatione
743 401 822 451 curn
848 377 1121 451 administrasset
1146 381 1311 452 voluntati
1337 378 1410 462 dei,
1445 361 1608 450 dormivit
1633 388 1668 449 et
1694 373 1760 448 ad·-

286 505 420 598 positus
455 509 510 570 est
542 499 588 572 ad
620 511 737 594 patres
772 521 857 573 suos
891 509 927 570 et
959 499 1045 571 vidit
1071 499 1344 592 corruptionem:
1387 491 1413 535 ³⁷
1431 519 1535 592 quern
1560 519 1646 572 vero
1673 499 1763 572 deus

287 623 470 706 suscitavit
497 641 567 690 non
594 621 677 694 vidit
702 621 969 714 corruptionem.
1012 612 1178 690 &Notum
1204 619 1307 712 igitur
1334 615 1377 688 sit
1400 620 1513 706 vobis,
1539 621 1603 692 viri
1628 621 1762 703 iratres,

287 745 369 836 quia
400 763 463 836 per
496 739 586 812 bunc
618 742 720 813 vobis
753 739 913 812 remissio
945 749 1167 832 peccatorum
1202 737 1439 812 adnuntiatur:
1487 733 1514 777 ³⁹
1530 741 1574 814 ab
1603 737 1764 812 omnibus

288 863 413 958 quibus
444 881 514 932 non
548 863 707 956 potuistis
740 863 774 932 in
807 862 886 952 lege
920 859 1006 930 llosi
1041 857 1230 945 iustificari,
1269 861 1306 929 in
1338 859 1407 932 boc
1433 862 1545 932 omnis
1571 865 1629 956 qni
1656 859 1767 932 credit

288 983 493 1056 iustificatur.
543 971 571 1020 ⁴⁰
587 982 708 1054 Videte
734 1001 821 1074 ergo
847 1001 894 1052 ne
919 981 1138 1076 superveniat
1162 977 1259 1072 quod
1293 977 1421 1054 dictum
1449 993 1503 1053 est
1527 983 1562 1054 in
1586 982 1768 1078 prophetis

254 1105 257 1120 '
287 1094 310 1140 Μ
330 1103 461 1189 Videte,
488 1113 730 1188 contemtores,
758 1113 794 1174 et
821 1099 1035 1172 admiramini
1063 1111 1098 1172 et
1123 1099 1383 1194 disperdimini,
1419 1103 1499 1196 quria
1525 1125 1614 1200 opus
1641 1123 1769 1200 operor

288 1245 356 1318 ego
382 1225 416 1294 iu
443 1223 567 1296 diebus
592 1223 724 1308 vestris,
752 1243 843 1316 opus
869 1220 965 1314 quod
991 1239 1059 1292 non
1086 1217 1234 1294 credetis
1264 1221 1300 1292 si
1327 1222 1404 1314 quis
1421 1227 1634 1298 enarraverit
1658 1227 1768 1300 vobis.

286 1337 539 1416 “Exeunttbm
567 1342 772 1416 autemillis
798 1341 971 1434 rogabant
1004 1351 1042 1412 ut
1072 1343 1232 1436 sequenti
1266 1343 1421 1416 sabbato
1454 1346 1678 1438 loquerentur
1703 1347 1770 1420 sibi

286 1466 396 1538 verba
422 1465 518 1536 haec.
569 1456 596 1501 Β
614 1463 767 1556 Cumque
794 1462 939 1534 dimissa
965 1472 1063 1532 esset
1094 1483 1297 1558 synagoga,
1334 1465 1443 1536 secuti
1477 1477 1556 1538 suut
1590 1467 1685 1538 multi
1712 1469 1767 1538 lu-

287 1585 455 1657 daeorum
491 1593 526 1654 et
559 1581 741 1654 colentium
772 1583 984 1655 advenarum
1018 1581 1158 1656 Paulum
1193 1595 1228 1656 et
1260 1583 1462 1670 barnaban,
1496 1587 1552 1679 qui
1586 1589 1768 1680 loquentes

220 1731 223 1743 ·
287 1705 482 1778 suadebant
512 1704 563 1774 eis
597 1713 635 1774 ut
668 1713 912 1796 permanerent
942 1703 976 1774 in
1011 1703 1121 1796 gratia
1154 1705 1220 1777 dei.
1274 1694 1477 1798 “Sequanti
1504 1725 1589 1778 vero
1616 1707 1765 1780 sabbato

287 1845 378 1918 pene
403 1826 563 1896 universa
588 1823 706 1894 civitas
733 1825 892 1896 convenit
917 1823 1037 1896 audire
1063 1826 1207 1898 verbum
1234 1825 1374 1898 domun.
1417 1815 1445 1863 ‘⁵
1462 1825 1624 1898 videntes
1650 1838 1763 1900 autam

287 1947 406 2018 turbas
435 1944 551 2017 ludaei
584 1944 708 2038 repleti
736 1955 815 2016 sunt
840 1945 928 2028 zelo,
963 1953 999 2014 et
1024 1944 1307 2017 contradicebant
1334 1945 1501 2038 hisquae
1528 1966 1549 2016 a
1574 1947 1680 2018 Pavdo
1707 1949 1762 2020 di-

287 2065 453 2138 cebantur
476 2063 765 2163 blasphemantes.
817 2051 844 2100 ⁴⁶
861 2063 955 2134 Turno
980 2073 1177 2136 constanter
1202 2065 1328 2137 Paulus
1355 2073 1390 2136 et
1405 2065 1583 2138 Barnabas
1602 2066 1762 2139 dixerunt

286 2187 396 2259 Vobis
419 2183 604 2280 oportebat
629 2185 774 2278 primum
800 2183 894 2276 loqui
919 2183 1065 2256 verbum
1092 2183 1164 2256 dei:
1197 2185 1262 2258 sed
1289 2186 1450 2278 quoniam
1485 2185 1654 2280 repulistis
1679 2187 1760 2258 illud

286 2319 322 2380 et
346 2307 506 2400 indignos
530 2327 596 2378 vos
621 2302 840 2377 deiudicastia
867 2313 1028 2374 aeternae
1052 2305 1154 2392 vitae,
1182 2325 1266 2378 acce
1300 2307 1531 2378 convertimur
1557 2305 1603 2380 ad
1628 2319 1759 2400 gentes.

284 2418 311 2466 *⁷
338 2429 394 2500 Sic
420 2427 511 2498 enim
537 2425 714 2520 praecepit
738 2424 839 2495 nobis
865 2424 1024 2497 dominus
1049 2425 1151 2497 Posui
1176 2437 1211 2498 ta
1243 2427 1277 2498 iu
1303 2428 1418 2498 lumen
1444 2425 1618 2520 gentibus,
1650 2437 1686 2498 nt
1712 2429 1759 2499 sis

285 2550 319 2620 in
345 2550 491 2620 salutern
522 2565 634 2640 usque
669 2545 715 2617 ad
747 2555 940 2616 extremum
973 2555 1096 2618 tetrae.
1147 2534 1174 2582 ‘⁸
1189 2545 1378 2620 audientes
1404 2557 1517 2618 autam
1546 2556 1668 2640 gentes
1693 2571 1757 2642 ga-

284 2670 381 2741 visae
407 2678 493 2752 sunt
520 2677 556 2738 et
581 2665 818 2760 glorificabant
842 2667 987 2737 verbum
1014 2665 1152 2752 domini,
1180 2676 1216 2738 et
1239 2665 1460 2740 crediderunt
1476 2677 1645 2760 quotquot
1661 2679 1758 2740 erant

285 2789 518 2882 praeordinati
547 2787 594 2860 ad
625 2787 731 2858 vitam
765 2795 956 2860 aeternam:
1006 2777 1331 2860 ⁴⁹disseminabatur
1364 2797 1479 2860 autem
1509 2789 1656 2860 verbum
1689 2789 1755 2861 do-

285 2910 366 2980 mini
404 2909 439 2980 in
474 2908 668 2980 nniversam
707 2907 893 2999 regionem.
944 2899 971 2942 ⁵⁰
986 2905 1103 2978 ludaei
1136 2917 1250 2978 autem
1287 2907 1545 2979 concitaverunt
1577 2909 1755 3002 religiosas

285 3029 448 3104 mulieres
480 3039 516 3100 et
548 3028 711 3100 honestas
738 3037 773 3098 at
804 3027 935 3120 primos
971 3027 1129 3114 civitatis,
1163 3038 1198 3099 et
1224 3028 1458 3100 excitavemnt
1492 3027 1695 3100 seditionem
1722 3027 1755 3098 in

286 3149 425 3223 Paulum
452 3157 488 3219 et
511 3148 702 3232 Bamaban
729 3157 765 3218 at
790 3147 963 3218 eiecerunt
988 3165 1053 3217 eos
1079 3148 1125 3220 de
1150 3147 1273 3220 finibus
1300 3147 1379 3220 suis.
1430 3137 1454 3182 Μ
1469 3145 1513 3218 dt
1538 3147 1582 3218 illi
1605 3165 1755 3218 excuso

285 3271 427 3363 pulvere
453 3268 580 3363 pedum
607 3268 642 3338 in
668 3286 731 3338 eoa
756 3277 924 3344 venerunt
948 3267 1112 3339 leonium:
1155 3258 1183 3304 ⁶²
1199 3265 1354 3362 discipuli
1381 3283 1519 3360 quoque
1536 3268 1756 3361 replebantur

285 3390 412 3484 gaudio
439 3399 475 3461 et
499 3389 616 3484 spiritu
642 3395 770 3458 sancto.

975 3663 1054 3735 xlv.

358 3865 528 3944 ¹lactum
563 3883 616 3944 est
649 3881 763 3944 autom
797 3871 831 3942 in
863 3871 976 3942 loonio
1008 3880 1046 3944 ut
1071 3871 1171 3941 simul
1196 3870 1371 3940 introirent
1395 3871 1429 3940 in
1456 3889 1670 3964 synagogam
1696 3874 1752 3942 lu-

220 3989 222 3994 '
283 3991 450 4064 daeorum
477 4003 513 4062 et
537 3993 756 4084 loquerentur
771 3991 818 4063 ita
842 4000 880 4062 ut
906 3985 1107 4062 'crederent
1121 3990 1327 4064 ludaeorum
1352 3999 1387 4060 et
1404 3990 1591 4062 Grecmum
1609 3993 1753 4086 copiosa

282 4112 470 4182 multitudo.
527 4103 619 4198 'Qui
652 4133 737 4184 vero
770 4111 988 4184 incredibiles
1022 4113 1156 4184 fueraut
1195 4111 1319 4194 ludaei,
1353 4111 1603 4184 mactaverunt
1637 4123 1672 4184 at
1707 4114 1752 4184 ad

282 4232 490 4304 iracundiam
516 4233 772 4304 concitaverunt
796 4232 927 4304 ammas
952 4233 1102 4326 gentium
1130 4232 1299 4306 adversas
1324 4233 1455 4304 tratres.
1494 4225 1628 4304 ³lllulto
1652 4233 1753 4326 igitur

281 4361 439 4446 tempore
465 4352 634 4424 demorati
659 4361 738 4424 sunt
762 4349 963 4425 fiducialiter
988 4363 1133 4446 agentes
1166 4353 1199 4422 in
1226 4351 1381 4438 domino,
1416 4352 1644 4424 testimonium
1668 4371 1751 4446 per-

242 4543 246 4552 ,
282 4471 421 4544 bibente
447 4473 557 4544 verbo
583 4474 715 4566 gratiae
741 4493 826 4544 suae
852 4471 956 4546 dante
982 4474 1080 4566 signa
1106 4487 1142 4545 et
1167 4471 1325 4566 prodigia
1351 4472 1425 4546 lieri
1448 4493 1512 4566 per
1537 4491 1660 4544 manua
1685 4493 1750 4544 ao-

280 4613 366 4664 rum.
417 4583 565 4665 *binim
598 4603 651 4664 est
687 4587 823 4662 'autem
857 4593 1034 4666 multitudo
1071 4593 1231 4678 civitatis,
1264 4602 1298 4662 et
1324 4592 1464 4684 quidam
1490 4591 1629 4685 quidem
1656 4601 1753 4663 erant

281 4733 359 4784 cum
385 4712 530 4798 ludaeis,
557 4713 695 4806 quidam
721 4731 807 4784 vero
833 4734 911 4784 curn
938 4714 1112 4808 apostolis.
1154 4705 1269 4784 ⁵Curn
1295 4720 1410 4784 autern
1435 4712 1544 4784 lactus
1570 4721 1664 4783 esset
1688 4712 1753 4782 irn-

279 4841 380 4926 petus
405 4831 581 4926 gentilium
607 4842 644 4904 at
668 4833 871 4905 ludaeorum
897 4853 975 4907 curn
1000 4832 1209 4928 prmcipihus
1243 4837 1332 4920 suia,
1356 4841 1393 4904 nt
1418 4831 1632 4904 mntnmeliia
1656 4831 1754 4902 adlli-

279 4963 402 5046 gerent
427 4964 463 5026 et
488 4952 682 5049 lapidarent
708 4973 786 5038 eos,
829 4946 1097 5046 “intellegentes
1123 4953 1360 5060 conlugqmnt
1383 4953 1429 5025 ad
1452 4952 1606 5023 civitates
1621 4947 1755 5044 Lycao-

817 5071 895 5158 lllll,
924 5067 972 5146 at
1003 5109 1046 5124 -
1075 5071 1155 5158 XIV,
1185 5075 1221 5152 6.

1434 5187 1476 5265 ‘tl
