4146 6120
375 393 449 464 356
637 467 640 476 ,
879 389 1062 458 Erlsuuua
1087 389 1140 456 AD
1166 389 1368 456 mutuos

1631 495 1743 504 —-.-—-
1755 497 1868 504 -.-—..-

375 597 556 670 audierunt
581 596 624 666 in¹
640 618 706 668 nos
732 595 933 669 confirmata
960 607 1029 684 est,
1073 588 1320 669 *contestante
1346 596 1417 668 deo
1444 595 1549 688 signis
1575 606 1610 666 et
1635 596 1804 690 portentis
1831 607 1869 666 et

375 717 481 787 variis
506 715 687 786 virtutibus
713 725 749 785 et
775 717 913 810 spiritus
934 717 1048 788 'sancti
1074 717 1370 788 distributionibus
1396 715 1585 787 secundum
1614 738 1714 788 suam
1742 717 1867 786 volun-

376 845 492 907 tatem.
544 825 607 881 Μ’)
621 838 696 906 Non
730 837 821 906 enim
857 837 989 930 angelis
1023 836 1171 908 subiecit
1203 836 1292 908 dcus
1325 837 1448 908 orbem
1481 844 1595 906 terrae
1625 836 1790 919 futurum,
1819 835 1867 906 de

378 977 447 1048 quo
474 953 654 1047 loquimur.
707 945 896 1027 ⁶Testatus
929 967 1044 1027 autem
1077 965 1131 1026 est
1162 957 1195 1025 in
1231 957 1385 1049 quodam
1418 957 1497 1028 loco
1524 955 1600 1048 quis
1627 955 1746 1027 dicens
1773 955 1867 1040 Quid

377 1082 431 1143 est
456 1072 563 1142 homo
591 1073 687 1166 quod
713 1067 870 1146 'memor
896 1097 935 1146 es
962 1077 1046 1160 eius,
1075 1084 1133 1146 aut
1159 1074 1247 1146 filius
1274 1076 1421 1147 hominis
1440 1075 1601 1168 quoniam
1619 1074 1738 1146 visitas
1756 1077 1865 1146 eum‘?

375 1185 549 1263 ⁷ltlinuisti
576 1213 656 1262 eum
682 1195 787 1286 paulo
814 1193 926 1265 minus
954 1195 999 1266 ab
1028 1193 1177 1285 angelis,
1205 1195 1315 1288 gloria
1342 1205 1378 1266 et
1410 1196 1544 1266 honore
1571 1193 1748 1264 coronasti
1774 1215 1865 1278 eum,

374 1321 411 1382 et
436 1311 641 1382 constituisti
667 1333 747 1386 cum
774 1333 880 1406 super
907 1335 1017 1408 opera
1042 1335 1204 1384 manuum
1230 1325 1384 1400 tuarum,
1427 1305 1573 1386 ⁸omnia
1600 1313 1773 1386 subiecisti
1800 1313 1865 1384 sub

375 1429 527 1522 pedibus
554 1431 639 1501 eius.
692 1433 729 1502 ln
755 1453 799 1504 eo
827 1433 917 1504 enim
945 1432 1041 1525 quod
1068 1433 1100 1503 ei
1127 1435 1243 1504 omnia
1269 1435 1415 1505 subiecit
1439 1434 1520 1504 nibil
1546 1433 1673 1505 dimisit
1689 1455 1760 1503 non
1778 1433 1865 1502 sub-

334 1620 336 1628 ,
375 1550 501 1620 ieetum
529 1551 576 1619 ei:
603 1573 693 1620 nunc
719 1561 834 1621 autem
861 1549 1012 1621 necdum
1041 1552 1199 1624 videmus
1226 1555 1342 1624 omnia
1368 1554 1524 1624 subiecta
1550 1555 1591 1623 ei.
1618 1544 1730 1623 ⁹llum
1749 1562 1864 1623 autem

378 1667 436 1759 qui
462 1669 603 1740 modico
631 1693 736 1762 quam
764 1670 876 1762 angeli
902 1669 1091 1743 minoratus
1119 1683 1173 1743 est
1189 1671 1349 1743 videmus
1374 1673 1484 1743 lesum
1503 1683 1646 1766 propter
1663 1672 1863 1765 passionem

377 1788 498 1856 mortis
526 1787 635 1879 gloria
663 1789 858 1860 ethonore
885 1799 1099 1876 coronatum,
1127 1803 1164 1862 ut
1190 1791 1301 1884 gratia
1327 1787 1385 1861 dei
1417 1811 1482 1885 pro
1518 1791 1678 1862 omnibus
1710 1799 1865 1884 gustaret

377 1911 535 1976 mortem.
590 1900 663 1955 Μ)
682 1909 839 1980 Docebat
868 1908 959 1979 enim
996 1931 1092 1996 cnm,
1126 1921 1268 2005 propter
1307 1931 1411 2002 quem
1445 1895 1561 1982 omnia
1595 1921 1631 1982 et
1663 1931 1728 2004 per
1759 1932 1864 2003 quern

377 2025 508 2110 omnia,
544 2026 602 2118 qui
637 2027 762 2098 multos
796 2025 884 2098 filios
911 2027 945 2096 in
976 2029 1121 2119 gloriam
1150 2030 1363 2116 adduxerat,
1392 2039 1571 2102 auctorem
1599 2032 1716 2102 salutis
1744 2051 1864 2102 eornm

376 2145 652 2238 perpessiones
678 2167 931 2218 consummare.
985 2139 1008 2182 ¹¹
1025 2149 1089 2233 Qui
1118 2149 1209 2220 enim
1238 2147 1428 2220 sanctificat
1453 2158 1489 2218 et
1514 2149 1782 2234 sanctificantur,
1816 2169 1866 2218 ex

377 2281 447 2334 uno
483 2285 614 2336 omnes.
673 2265 821 2360 Propter
855 2287 959 2358 quam
992 2289 1133 2340 causam
1169 2291 1238 2340 non
1278 2267 1495 2339 contunditur
1536 2271 1659 2341 iratres
1699 2290 1764 2340 eos
1796 2289 1864 2338 vo-

377 2405 474 2468 care,
518 2377 677 2455 '’dicena
703 2385 876 2456 Nuntiabo
902 2407 1030 2457 nomen
1055 2396 1150 2459 tuum
1177 2387 1338 2459 iratribus
1365 2386 1462 2472 meis,
1489 2388 1523 2458 in
1549 2389 1666 2462 medio
1694 2385 1866 2458 ccclesiae

376 2499 530 2574 laudabo
557 2513 602 2573 te.
654 2496 680 2542 ¹³
691 2503 735 2574 Et
759 2503 882 2575 iterum
908 2505 984 2596 Ego
1012 2527 1074 2577 cro
1101 2505 1212 2578 fidens
1239 2507 1273 2576 in
1307 2527 1397 2576 eum.
1450 2507 1492 2578 Et
1522 2507 1646 2578 iterum
1678 2506 1769 2576 Ecce
1794 2525 1865 2597 ego

330 2637 332 2642 ·
377 2631 413 2692 et
438 2621 535 2713 pueri
564 2624 643 2708 mei,
671 2645 761 2714 quos
787 2621 868 2694 mibi
895 2623 993 2696 dedit
1019 2625 1117 2696 deus.
1144 2613 1171 2661 ¹*
1187 2625 1275 2710 Quia
1303 2647 1388 2718 ergo
1406 2628 1506 2718 pueri
1524 2627 1867 2699 communicaverunt

378 2739 536 2832 sanguini
564 2749 599 2811 et
624 2741 728 2827 cami,
757 2749 792 2812 et
817 2741 893 2836 ipse
911 2743 1064 2814 similiter
1081 2743 1299 2837 participavit
1325 2739 1470 2828 'isdem
1498 2755 1534 2816 ut
1551 2767 1616 2839 per
1633 2755 1779 2816 mortem
1798 2743 1865 2815 de-

378 2867 526 2931 strueret
552 2881 632 2931 eum
660 2861 718 2953 qni
744 2857 897 2932 habebat
923 2865 1045 2934 mortis
1070 2861 1263 2956 imperium,
1291 2861 1328 2934 id
1355 2871 1409 2934 est
1435 2863 1627 2948 diabulum,
1671 2857 1697 2902 ¹⁵
1714 2871 1750 2934 et
1775 2861 1865 2935 libe-

377 2990 472 3051 rarct
501 2998 569 3051 ecs
604 2979 661 3072 qui
694 2979 818 3051 timore
852 2982 972 3052 mortis
1010 3001 1074 3075 per
1108 2989 1214 3052 totam
1247 2981 1353 3053 vitam
1386 2981 1529 3055 obnoxii
1567 2991 1665 3054 erant
1698 2983 1865 3054 servituti.

378 3091 405 3137 ⁴⁰
419 3099 598 3194 Nusquam
617 3097 708 3170 enim
727 3099 873 3192 angelos
891 3099 1154 3194 adpraehendit,
1183 3101 1248 3173 sed
1274 3125 1397 3174 semen
1414 3101 1578 3175 Abrabae
1604 3101 1865 3196 adpraehendit.

377 3213 403 3258 Π
416 3215 516 3292 Unde
543 3217 663 3292 debuit
689 3213 746 3290 'et
779 3241 845 3312 per
878 3223 996 3292 omnia
1027 3220 1188 3292 tratribus
1215 3221 1383 3308 similare,
1418 3231 1456 3294 ut
1480 3221 1678 3294 misericors
1704 3221 1804 3294 fleret
1828 3231 1868 3292 et

378 3335 491 3411 fidelis
517 3339 674 3433 pontifex
702 3337 748 3409 ad
775 3337 890 3425 deum,
917 3349 955 3412 ut
980 3341 1225 3435 repropitiaret
1250 3339 1376 3413 delicta
1402 3342 1529 3437 populi.
1582 3333 1609 3378 '⁸
1625 3341 1662 3414 ln
1694 3361 1738 3414 eo
1770 3343 1866 3412 enim

377 3457 412 3528 in
443 3478 513 3551 qno
545 3477 673 3552 passus
707 3467 762 3529 est
793 3457 869 3553 ipse
905 3467 1091 3556 temptatus
1124 3469 1252 3554 potens
1283 3454 1358 3533 'est
1392 3471 1428 3533 et
1459 3462 1511 3532 eis
1545 3461 1602 3554 qui
1637 3455 1867 3555 'temptantur

380 3575 544 3649 auxiliari.
732 3583 736 3593 '

1096 3787 1145 3858 lll.

455 3925 517 3986 ’θ’
536 3935 651 4020 Unde,
686 3937 809 4008 tratres
837 3940 964 4024 sancti,
998 3939 1191 4012 vocationis
1218 3935 1380 4011 caelestis
1406 3939 1606 4036 participes,
1641 3939 1865 4014 considerate
1893 4019 1897 4027 ,

377 4051 574 4150 apostolum
600 4065 636 4126 et
661 4055 859 4149 pontificem
886 4057 1113 4130 consessionis
1138 4071 1280 4131 nostrae
1307 4059 1437 4144 lesum,
1480 4051 1570 4154 ¹qui
1605 4057 1718 4132 fidelis
1751 4071 1805 4133 est
1829 4061 1864 4132 ei

291 4173 294 4180 ’
377 4177 435 4268 qui
461 4175 542 4246 lecit
567 4175 670 4260 illum,
698 4175 784 4246 sicut
817 4183 853 4246 et
877 4173 995 4249 Moses
1022 4177 1058 4247 in
1093 4177 1186 4249 omni
1218 4171 1345 4248 'domu
1378 4177 1474 4250 illius.
1527 4173 1743 4274 ”Amplioris
1771 4181 1863 4251 enirn

376 4297 509 4387 gloriae
535 4295 601 4366 iste
627 4317 712 4387 prae
739 4296 837 4366 Mose
865 4294 990 4386 dignus
1017 4285 1172 4367 ’habitus
1199 4305 1269 4382 est,
1305 4307 1433 4389 quanto
1461 4299 1664 4391 ampliorem
1691 4299 1864 4371 honorem

376 4417 484 4487 babet
509 4414 636 4486 domus
664 4413 722 4506 qui
748 4413 929 4486 fabricavit
954 4415 1055 4486 illam.
1106 4404 1257 4487 *Omnis
1283 4438 1435 4510 namque
1463 4417 1589 4489 domus
1606 4419 1793 4490 fabricatur
1818 4420 1863 4490 ab

376 4536 509 4626 aliquo:
538 4532 596 4625 qni
623 4542 738 4603 antem
766 4533 883 4603 omnia
909 4534 1048 4618 creavit,
1077 4533 1175 4606 deus.
1227 4527 1301 4605 ⁵Et
1325 4537 1443 4607 Moses
1476 4537 1617 4628 quidem
1648 4537 1764 4609 fidelis
1789 4549 1865 4610 erat

375 4655 409 4723 in
435 4662 508 4724 tota
534 4647 642 4723 domo
670 4651 745 4722 eius
772 4659 947 4744 umquam
973 4653 1120 4724 famulus
1146 4653 1181 4724 in
1206 4653 1439 4726 testimonium
1463 4675 1586 4727 eorum
1604 4676 1696 4750 quac
1714 4657 1862 4729 dicenda

376 4781 489 4856 erant,
532 4761 718 4842 ⁰Chm'stus
745 4787 831 4842 vero
859 4780 1035 4865 tamquam
1063 4771 1150 4844 filins
1176 4771 1211 4843 ln
1237 4774 1344 4846 domo
1371 4793 1452 4846 sua:
1479 4795 1570 4866 quae
1598 4775 1724 4847 domus
1743 4797 1863 4847 sumus

374 4903 455 4976 nos,
491 4889 519 4961 si
553 4885 715 4962 fiduciam
750 4895 787 4961 et
820 4889 964 4983 gloriam
1000 4889 1076 4986 spel
1107 4909 1219 4984 usque
1251 4889 1297 4964 ad
1329 4892 1434 4965 finem
1472 4893 1609 4965 firmam
1641 4894 1863 4967 retineamus.

372 5003 623 5104 'Quapropter
649 5009 735 5082 siem
761 5007 842 5082 dicit
874 5009 1013 5106 spiritns
1041 5019 1183 5083 sanctus
1209 5009 1323 5084 Hodie
1350 5013 1379 5083 si
1405 5031 1530 5084 vocem
1566 5014 1641 5086 eins
1670 5013 1861 5098 ,audieritis

372 5121 504 5202 ⁸nolite
531 5129 706 5202 obdurare
734 5129 986 5203 cordavestra
1013 5131 1099 5202 sicut
1124 5131 1159 5201 in
1185 5127 1508 5205 ‘exacervatlonem
1543 5131 1734 5206 secundum
1766 5129 1863 5204 diem

966 5251 1001 5332 ll,
1031 5249 1051 5319 l
1081 5289 1131 5301 -
1157 5251 1206 5333 lll,
1235 5252 1268 5321 8.
