4102 6128
634 415 880 482 numerarunt
905 413 1107 482 sucuuuuu
1132 415 1336 482 uarrmuu
1440 377 1443 388 ’
1554 419 1563 438 ·
1677 413 1724 482 39

240 633 282 696 et
308 622 417 714 tetigit
449 641 515 692 eos
542 617 700 712 dixitque
732 622 785 694 eis
817 618 957 710 surgito
994 630 1029 692 et
1062 622 1168 694 nolite
1203 621 1335 694 timere.
1387 613 1588 690 ⁸Levantes
1616 627 1728 690 autem
1772 711 1777 723 x
1807 695 1810 708 ,

247 743 368 814 oculos
396 761 481 812 suos
514 739 689 813 neminem
721 742 883 816 viderunt
915 741 980 812 nisi
1008 742 1129 816 ¹solum
1160 743 1281 814 lesum.
1333 733 1403 810 ⁹llt
1436 737 1729 816 descendentibus

247 863 311 934 illis
339 860 385 932 de
411 869 530 933 monte
556 862 736 956 praecepit
768 863 865 936 lesus
900 858 1022 936 dicens
1058 861 1190 936 Nemini
1226 860 1385 934 dixeritis
1418 858 1589 930 visionem
1616 859 1730 933 donec

247 981 336 1054 filius
362 980 510 1052 bominis
538 1000 561 1050 a
586 977 731 1054 mortuis
762 990 930 1072 resurgat.
987 973 1013 1018 ¹⁰
1027 973 1119 1077 (Ψ)
1137 983 1179 1060 Et
1211 983 1511 1071 interrogaverunt
1542 999 1622 1050 eum
1654 973 1730 1052 dis·

248 1101 350 1196 cipuli
375 1101 532 1176 dicentes
560 1100 653 1185 Quid
680 1121 765 1190 ergo
798 1101 934 1174 scribae
961 1101 1081 1174 dicunt
1106 1101 1202 1194 quod
1235 1101 1370 1172 Heliam
1397 1105 1558 1192 oporteat
1581 1098 1729 1191 primum

247 1221 392 1294 venire?
436 1211 459 1258 ¹¹
474 1221 515 1288 lt
535 1219 597 1290 ille
623 1218 842 1313 respondens
869 1221 915 1292 ait
939 1222 1059 1294 Helias
1086 1221 1225 1315 quidem
1243 1229 1412 1294 venturus
1433 1226 1489 1288 est
1514 1227 1550 1288 et
1574 1220 1731 1291 restituet

249 1341 379 1414 omnia:
430 1331 456 1380 ¹¹
473 1338 553 1410 dico
580 1349 698 1412 autem
722 1337 824 1412 vobis
851 1341 931 1431 quia
955 1343 1071 1414 Heliae
1098 1341 1165 1413 mm
1191 1341 1301 1425 venit,
1337 1348 1374 1410 et
1398 1359 1468 1413 non
1494 1352 1731 1431 coguoverunt

249 1481 338 1543 eum,
367 1457 433 1530 sed
458 1459 614 1530 iecerunt
646 1459 682 1531 in
716 1479 760 1530 eo
795 1480 1035 1555 quaecumque
1071 1463 1261 1534 voluerunt.
1314 1460 1374 1530 Sic
1406 1467 1441 1528 et
1465 1456 1553 1529 filius
1580 1458 1729 1530 hominis

249 1601 418 1676 passurus
444 1587 501 1650 est
526 1579 571 1650 ab
598 1579 661 1650 eis.
704 1569 730 1616 ⁴³
747 1578 841 1648 Tunc
866 1579 1105 1654 intellexerant
1130 1581 1290 1674 discipuli
1318 1578 1401 1672 quia
1427 1577 1473 1650 de
1489 1577 1639 1660 lobanne
1662 1579 1720 1652 ba-

246 1702 352 1796 ptista
384 1700 543 1773 dixisset.
596 1688 622 1736 ¹⁴
636 1685 727 1746 “⁷⁴³³
744 1698 787 1768 Et
820 1720 897 1770 cum
933 1701 1088 1772 venisset
1119 1701 1165 1772 ad
1200 1701 1355 1784 turbam,
1391 1698 1540 1769 accessit
1570 1697 1615 1769 ad
1648 1719 1727 1772 eum

248 1822 354 1894 bomo
381 1819 530 1912 genibus
556 1817 747 1913 provolutis
774 1827 852 1888 ante
878 1840 957 1891 eum
996 1812 1022 1856 ¹⁵
1039 1819 1160 1892 dicens
1186 1821 1345 1904 Domine,
1375 1817 1542 1890 miserere
1568 1817 1625 1890 filii
1649 1821 1727 1908 mei,

249 1941 329 2034 qtria
352 1939 521 2012 lunaticus
548 1948 603 2012 est
629 1946 664 2010 et
689 1937 779 2008 male
805 1939 945 2031 patitur:
977 1961 1058 2010 nam
1086 1959 1194 2032 saepe
1221 1939 1315 2011 cadit
1341 1937 1377 2010 in
1403 1937 1518 2029 ignem
1544 1947 1579 2010 et
1604 1939 1730 2024 crebro¹

248 2063 283 2132 in
309 2081 444 2153 aquam.
495 2050 522 2096 ⁴⁶
540 2059 583 2130 llt
608 2057 714 2152 optuli
742 2079 821 2128 eum
847 2057 1024 2152 discipulis
1052 2059 1138 2144 tuis,'
1155 2069 1190 2130 et
1206 2081 1276 2131 nou
1293 2067 1483 2152 potuerrmt
1499 2081 1620 2139 curare
1638 2081 1727 2132 eum.

247 2173 274 2218 ¹⁷
290 2161 522 2274 despondens
545 2179 642 2250 lesus
669 2178 716 2248 ait
738 2177 767 2248 0
786 2179 963 2270 generatio
989 2177 1165 2250 incredule
1190 2188 1226 2250 ct
1250 2199 1432 2272 perversa,
1450 2201 1520 2272 quo
1538 2201 1649 2274 usque
1666 2203 1727 2254 ero

250 2301 456 2374 vobiscum?
483 2317 602 2391 usque
629 2317 698 2390 quo
725 2298 837 2390 patiar
861 2301 954 2370 vos?
987 2297 1116 2371 Afferte
1142 2298 1209 2369 buc
1240 2297 1334 2367 illurn
1369 2295 1417 2368 ad
1442 2319 1508 2378 me.
1560 2290 1585 2338 ⁴⁸
1601 2299 1642 2370 Et
1674 2301 1727 2372 in-

248 2422 403 2516 crepavit
430 2439 511 2490 eum
536 2419 644 2502 lesus,
671 2427 706 2487 et
731 2417 816 2488 exiit
840 2417 885 2490 ab
912 2439 957 2490 eo
984 2417 1213 2503 daemonium,
1241 2427 1277 2489 et
1310 2427 1452 2490 curatus
1488 2429 1543 2490 est
1567 2440 1654 2513 puer
1680 2441 1726 2492 ex

247 2543 304 2614 illa
328 2543 429 2614 bora.
482 2528 614 2584 ἨΜ
633 2537 726 2608 Tunc
752 2545 976 2608 accesserunt
1001 2536 1159 2630 discipuli
1185 2537 1233 2610 ad
1255 2537 1373 2610 lesum
1400 2549 1537 2612 secreto
1563 2550 1598 2612 et
1623 2539 1725 2612 dixe-

247 2673 325 2734 runt
359 2663 480 2748 Quare
506 2679 571 2728 nos
598 2677 666 2728 non
693 2657 867 2750 potuimus
895 2657 1009 2728 cicere
1036 2657 1152 2728 illum?
1199 2648 1226 2696 ¹⁰
1242 2655 1332 2730 llicit
1357 2659 1424 2732 illis
1442 2659 1586 2754 Propter
1611 2661 1724 2732 incre-

243 2783 430 2856 dulitatem
455 2787 617 2850 vestram.
668 2776 781 2850 Amen
806 2778 935 2872 quippe
967 2777 1047 2849 dico
1080 2778 1198 2862 vobis,
1233 2778 1263 2848 si
1289 2777 1482 2854 habueritis
1507 2780 1612 2854 iidem
1639 2781 1726 2852 sicut

248 2925 396 2997 granum
422 2897 568 2990 sinapis,
596 2895 718 2968 dicetis
744 2899 850 2970 monti
876 2897 956 2970 buic
982 2897 1102 2968 Transi
1134 2897 1222 2982 binc,
1249 2907 1285 2970 et
1310 2901 1479 2987 transibit
1506 2911 1542 2972 et
1566 2900 1645 2974 nibil
1672 2901 1725 2972 in-

249 3023 421 3119 possibile
447 3017 511 3089 erit
535 3017 647 3090 vobis.
699 3010 722 3056 ²¹
741 3017 815 3090 Hoc
841 3027 955 3090 autem
983 3039 1094 3111 genus
1120 3040 1190 3090 non
1207 3019 1327 3090 eicitur
1352 3023 1420 3094 uisi
1445 3041 1509 3118 per
1536 3022 1725 3094 orationem

251 3155 287 3218 et
310 3143 485 3218 ieiunium.
537 3129 564 3178 ¹²
577 3129 666 3184 (ΠΜ)
685 3137 976 3212 conversantibus
1003 3147 1128 3214 autem
1144 3139 1195 3210 eis
1219 3139 1254 3210 in
1281 3139 1444 3229 Galilaea,
1471 3143 1558 3216 dixit
1581 3142 1644 3214 illis
1670 3141 1724 3212 le-

251 3287 312 3338 sus
337 3263 444 3338 Filius
470 3257 616 3330 bominis
643 3257 832 3330 tradendus
851 3269 915 3330 est
940 3261 975 3330 in
1000 3279 1122 3330 manus
1146 3259 1333 3345 hominum,
1359 3255 1435 3336 ”et
1460 3262 1723 3344 occideutoeum

252 3396 288 3456 et
313 3383 415 3456 tertio
443 3377 500 3451 die
526 3387 693 3470 resurget.
736 3377 779 3448 Et
804 3378 995 3452 contristati
1028 3387 1106 3450 suut
1131 3377 1366 3452 vehementer.
1419 3373 1445 3420 ²⁴
1458 3373 1560 3432 (Μ)
1578 3381 1620 3450 Et
1646 3401 1724 3450 cum

253 3505 431 3577 venissent
458 3497 703 3590 Capharnaum,
730 3509 955 3572 accesserunt
981 3498 1038 3591 qui
1065 3497 1246 3590 didragma
1272 3501 1489 3594 accipiebant
1514 3500 1560 3572 ad
1585 3497 1723 3570 Petrum

254 3635 289 3696 et
315 3623 479 3696 dixeram
501 3617 664 3710 Magister
688 3627 808 3690 vester
833 3639 903 3692 non
929 3619 1032 3692 solvit
1057 3617 1262 3710 didragma?
1306 3611 1333 3658 ἢ
1351 3621 1408 3692 Ait
1431 3621 1550 3695 Etiam.
1576 3621 1618 3690 Et
1644 3640 1732 3706 cum,

255 3745 419 3816 intrasset
445 3737 598 3823 domum,
624 3738 805 3830 praevenit
831 3759 910 3812 eum
935 3740 1032 3811 lesus
1058 3738 1177 3812 dicens
1205 3738 1296 3823 Quid
1323 3741 1383 3812 tibi
1409 3739 1552 3824 videtur,
1580 3738 1722 3812 Sinon?

254 3885 358 3957 reges
384 3871 499 3932 terrae
526 3880 547 3930 a
573 3857 697 3951 quibps
724 3859 894 3952 accipiunt
919 3861 1080 3940 tributum
1106 3860 1162 3932 vel
1182 3862 1348 3932 censum?
1376 3859 1590 3944 afiliissuis,
1617 3879 1661 3930 an
1678 3859 1725 3931 ab

255 3983 403 4056 alienis?
446 3969 473 4018 ’Β
488 3979 531 4050 Et
555 3979 609 4050 ille
636 3977 722 4052 dixit
746 3977 801 4050 Ab
828 3980 956 4052 alienia
1000 3979 1093 4050 Dixit
1120 3977 1166 4048 illi
1192 3978 1290 4050 lesus
1315 3980 1408 4072 Ergo
1434 3979 1531 4050 liberi
1557 3989 1635 4050 sunt
1657 3979 1723 4052 lilii.

255 4096 282 4142 ’ἴ
298 4103 341 4176 Ut
367 4109 482 4174 autem
507 4119 577 4170 non
602 4095 876 4172 scandalizemus
902 4121 975 4185 eoa,
1002 4099 1094 4172 vade
1120 4097 1166 4170 ad
1200 4119 1298 4176 mare
1325 4108 1361 4170 et
1385 4100 1481 4170 mitte
1506 4098 1661 4184 hamum,
1689 4107 1725 4168 et

256 4243 337 4294 eum
362 4221 495 4314 piscem
521 4218 579 4311 qui
604 4219 735 4311 primus
754 4219 960 4298 ascenderit,
973 4219 1063 4304 tolle,
1091 4229 1126 4290 et
1151 4228 1273 4312 aperto
1301 4240 1362 4292 ore
1380 4219 1455 4290 eius
1473 4219 1625 4292 invenies
1650 4227 1723 4290 sta·

258 4351 385 4412 terem:
413 4341 505 4412 illum
532 4360 673 4412 sumens
701 4339 747 4412 da
772 4339 826 4434 eis
853 4361 916 4433 pro
943 4361 999 4410 me
1026 4349 1062 4412 et
1087 4349 1130 4410 te.

938 4615 1043 4688 XVlll.

334 4811 452 4868 'im’
470 4821 506 4892 ln
531 4821 587 4892 illa
612 4819 698 4892 bora
725 4834 946 4897 accesserunt
972 4822 1127 4918 discipuli
1156 4824 1201 4896 ad
1227 4825 1339 4895 lesum
1365 4821 1519 4894 donnes
1547 4821 1631 4906 Quis
1656 4841 1723 4913 pu·
1776 4809 1784 4826 ’

257 4951 310 5014 tas
336 4941 447 5014 maior
473 4951 528 5012 est
553 4941 588 5012 in
613 4961 722 5033 regno
749 4945 950 5016 caelorum?
988 4933 1060 5014 ²Et
1085 4943 1260 5016 advocans
1287 4945 1382 5014 lesus
1408 4941 1589 5034 parvulum
1609 4939 1724 5012 statuit

258 5085 337 5136 eum
364 5063 398 5134 in
424 5061 540 5138 medio
567 5081 687 5157 eorum
726 5053 788 5132 ³et
814 5061 900 5134 dixit
924 5063 1035 5136 Amen
1061 5063 1141 5136 dico
1167 5063 1286 5148 vobis,
1313 5061 1379 5133 nisi
1410 5062 1569 5134 conversi
1594 5059 1723 5132 fueritis

213 5163 217 5170 ¹
258 5195 293 5256 et
319 5183 510 5256 efficiamini
538 5181 625 5254 sicut
650 5181 791 5276 parvuli,
818 5203 887 5254 non
904 5183 1069 5256 intrabitis
1095 5183 1129 5252 in
1146 5203 1254 5275 regno
1273 5184 1456 5256 caelorum.
1483 5169 1724 5273 ‘Quicumque

763 5301 856 5386 xvu,
876 5307 897 5374 8
950 5344 999 5359 -—
1051 5303 1157 5420 XVllL
1188 5302 1219 5372 l.
