4220 6124
783 409 964 472 eauuuth
987 408 1039 474 Aa
1066 403 1241 472 allatas
1563 404 1754 516 „„*„„?⁹⁰

268 623 385 686 autem
419 613 558 704 ignotus
591 612 679 686 facie
713 610 870 684 ecclesiis
902 609 1030 682 ludeae
1063 631 1157 701 quae
1189 588 1288 680 erant
1320 609 1355 678 in
1388 606 1541 690 Christo,
1580 599 1608 646 ²³
1625 614 1755 678 tantum

202 777 209 788 ·
269 742 384 806 autem
411 732 565 804 auditum
592 730 770 804 habebant
795 729 965 822 quoniam,
982 728 1042 820 qui
1067 727 1345 822 persequebatur
1370 737 1440 800 nos
1462 726 1647 820 aliquando
1666 747 1756 799 nunc
1815 768 1820 780 κ

268 849 481 943 evangelizat
514 850 618 924 fidem
653 871 758 942 quem
794 848 978 941 aliquando
1014 849 1257 940 expugnabat,
1301 835 1328 884 ²*
1345 855 1381 918 et
1418 845 1460 918 ιιι
1492 867 1550 918 me
1587 843 1754 918 clarifica-

266 972 350 1044 bant
375 971 490 1044 deum.

992 1225 1026 1294 ll.

343 1437 399 1496 ra)
417 1445 552 1518 Deinde
586 1455 668 1539 post
708 1467 817 1517 annos
856 1444 1133 1538 quattuordecim
1175 1445 1298 1514 iterum
1337 1442 1478 1514 ascendi
1513 1415 1754 1536 Hierosolyma

267 1587 345 1636 cum
371 1565 548 1648 Bamaha,
582 1565 767 1657 adsumpto
799 1574 834 1634 et
861 1565 955 1635 Tito:
997 1555 1170 1635 ’ascendi
1204 1571 1320 1632 autem
1347 1561 1540 1632 secundum
1567 1562 1754 1634 revelatio-

265 1705 354 1768 nem,
383 1693 419 1755 et
443 1684 571 1754 contuli
598 1699 676 1756 eum
702 1683 766 1754 illis
792 1681 1010 1774 evangelium
1037 1680 1133 1772 quod
1159 1681 1326 1774 praedico
1344 1681 1378 1750 in
1396 1681 1567 1772 gentihus,
1593 1686 1754 1752 seorsum

266 1813 380 1874 autem
416 1803 470 1872 his
503 1802 560 1893 qui
594 1801 822 1886 videbantur,
857 1823 903 1872 ne
935 1801 1023 1872 torte
1060 1799 1095 1870 in
1127 1819 1276 1872 vacuum
1309 1794 1505 1872 'cunerem
1537 1809 1597 1874 aut
1629 1820 1754 1872 cucur-

265 1923 400 1994 rissam.
452 1913 554 1994 ³Sed
581 1941 694 2012 neque
721 1921 833 2005 Titus,
867 1920 925 2012 qui
951 1939 1088 1992 mecum
1115 1929 1207 2003 erat,
1225 1939 1320 1990 omo
1352 1928 1448 1992 esset
1479 1918 1630 2011 gentilis,
1667 1939 1754 1994 con·

265 2041 385 2134 pulsus
412 2050 466 2114 est
492 2039 705 2123 circumcidi;
745 2029 841 2112 *sed
865 2047 1009 2131 propter
1035 2037 1317 2112 subintroductos
1344 2048 1461 2112 autem
1486 2039 1593 2112 salsos
1619 2039 1753 2123 iratres,

266 2160 324 2251 qui
350 2159 616 2232 subintroierunt
644 2157 831 2250 explorare
857 2157 1051 2230 libertatem
1077 2166 1232 2230 nostram
1255 2177 1360 2250 ιιιιιιιι
1378 2156 1548 2232 hahemus
1565 2158 1600 2238 iu
1618 2156 1753 2230 Christo

264 2279 360 2363 lesu,
394 2288 433 2350 nt
458 2299 522 2350 nos
548 2279 583 2350 iu
609 2277 809 2350 servitutem
836 2277 1053 2368 redigerent,
1092 2269 1248 2368 ⁵qoihus
1273 2275 1462 2367 nequead
1488 2276 1613 2350 horam
1640 2278 1752 2350 cessi-

265 2419 342 2469 mus
367 2397 581 2482 subiectioni,
609 2405 647 2467 ut
670 2395 798 2468 veritas
824 2397 994 2488 evangelii
1011 2405 1216 2489 permaneat
1233 2393 1328 2488 apud
1350 2414 1424 2468 vos.
1462 2385 1542 2468 6ΑΙ)
1563 2395 1617 2468 his
1635 2405 1753 2470 autem

264 2517 323 2608 qui
348 2516 556 2590 videbantur
581 2535 662 2588 csse
680 2515 825 2607 aliquid:
852 2497 975 2608 quales
999 2514 1185 2606 aliquando
1213 2512 1350 2597 iruerint,
1378 2511 1459 2584 nihil
1484 2535 1564 2586 mea
1589 2515 1751 2601 interese

264 2635 352 2708 dens
379 2655 567 2728 personam
596 2633 742 2708 hominis
767 2655 839 2706 non
865 2635 1004 2728 ancipit:
1031 2634 1113 2706 mihi
1140 2632 1230 2706 enim
1258 2631 1318 2724 qui
1338 2631 1546 2704 videbantur
1563 2633 1751 2708 nihilcoo·

264 2755 445 2838 tulerunt,
468 2747 561 2826 7ιιιι
588 2753 807 2828 econtrario
834 2775 911 2826 cum
939 2753 1109 2828 vidissent
1133 2750 1231 2843 quod
1257 2750 1424 2824 meditem
1452 2760 1507 2823 est
1532 2752 1615 2826 mihi
1641 2776 1750 2828 eran-

263 2875 392 2963 gelium
427 2874 620 2966 praeputii,
660 2872 748 2944 siout
778 2871 881 2944 Petro
915 2871 1206 2946 circumcisionis:
1249 2858 1340 2962 ⁸qui
1371 2871 1462 2944 enim
1499 2881 1663 2964 operatus
1696 2883 1752 2947 est

264 2989 367 3062 Petro
393 2993 428 3062 in
455 2992 683 3085 apostolatum
711 2991 994 3075 circumcisionis,
1029 2999 1196 3084 operatus
1228 2997 1282 3058 est
1312 2997 1348 3064 et
1379 2989 1464 3062 mihi
1493 2989 1583 3060 inter
1608 3000 1749 3082 gentes:

262 3102 331 3180 ⁹et
362 3131 439 3182 cum
474 3109 720 3200 cognovissent
752 3109 896 3198 gratiam
929 3129 1021 3200 quae
1053 3108 1136 3182 data
1167 3115 1224 3178 est
1256 3106 1339 3178 mihi
1370 3108 1518 3182 lacobus
1544 3108 1681 3201 Cephas
1714 3119 1751 3182 et

263 3227 448 3311 lohannes,
476 3227 534 3318 qui
558 3226 768 3298 videbantur
793 3227 974 3298 columnae
1000 3247 1097 3309 esse,
1124 3224 1269 3298 dextras
1296 3224 1468 3300 dederunt
1492 3226 1576 3298 mihi
1602 3237 1639 3302 et
1662 3228 1749 3300 Bar-

263 3346 379 3418 nahae
406 3345 591 3428 societatis,
617 3353 656 3414 ut
679 3363 747 3416 nos
772 3343 808 3414 in
833 3353 966 3436 gentes,
992 3343 1058 3436 ipsi
1084 3353 1201 3416 autem
1223 3343 1259 3416 io
1279 3343 1593 3428 circumcisionem
1633 3336 1660 3382 ⁴⁰
1673 3354 1749 3418 tan·

263 3476 336 3537 tum
362 3473 400 3547 ut
425 3483 617 3556 pauperum
644 3481 820 3538 memores
847 3483 1016 3547 essemus,
1042 3461 1138 3554 quod
1164 3461 1269 3534 etiam
1295 3463 1461 3538 sollicitis
1486 3463 1533 3534 ini
1550 3463 1619 3534 hoo
1634 3463 1748 3556 ipsum

263 3585 389 3656 lacere.
442 3573 465 3616 Η
481 3572 514 3628 (ἵ)
534 3581 618 3654 Cum
645 3588 760 3652 summ
781 3582 942 3656 -veoisset
968 3580 1105 3673 Cephea
1129 3579 1364 3666 Antiochiam,
1398 3583 1433 3656 in
1465 3582 1590 3658 taciem
1623 3583 1655 3656 ιι
1689 3604 1748 3656 re-

262 3701 353 3786 stiti,
393 3700 475 3793 quia
505 3699 809 3794 repraehensibilis
843 3711 928 3774 erat
984 3693 1011 3738 ⁴⁹
1028 3699 1125 3772 Prius
1157 3701 1249 3772 enim
1280 3723 1386 3792 ιιιιιιιι
1418 3702 1576 3776 venirem
1606 3701 1748 3792 quidam

262 3821 308 3892 ab
335 3820 480 3905 Iacobo,
513 3841 592 3894 cum
618 3819 781 3911 gentihus
808 3820 952 3896 edebat:
986 3841 1065 3892 rarm
1092 3828 1209 3894 autem
1233 3819 1426 3906 venissent,
1460 3819 1688 3894 subtrahebat
1713 3829 1749 3892 et

262 3939 477 4032 segregabat
503 3961 560 4024 sc,
596 3940 721 4013 timens
748 3957 814 4017 eos
839 3941 899 4032 qui
925 3961 972 4012 ex
998 3939 1259 4014 circumcisione
1283 3947 1405 4024 erant;
1444 3930 1470 3975 ¹³
1482 3949 1518 4012 ιι
1542 3938 1748 4012 simulationi

261 4061 339 4132 eius
365 4069 620 4134 consensarrmt
650 4059 757 4132 octeni
782 4059 916 4140 ludaei,
949 4059 996 4132 ita
1022 4068 1060 4130 ut
1084 4067 1122 4132 et
1145 4059 1325 4134 Barnabas
1351 4057 1536 4132 duceretur
1562 4058 1607 4132 ah
1634 4059 1687 4130 eis
1713 4057 1748 4130 io

263 4178 316 4250 illa
347 4178 575 4250 simulatione.
634 4169 661 4216 ¹⁴
677 4179 748 4252 Sed
781 4199 859 4252 oum
891 4179 1059 4256 vidissem
1090 4177 1188 4270 qood
1220 4199 1289 4252 non
1322 4186 1418 4250 recte
1452 4177 1670 4252 ambularent
1701 4177 1748 4250 ad

263 4295 443 4366 veritatem
469 4296 651 4389 euangelii,
678 4297 752 4369 dixi
778 4297 919 4390 Cephea
943 4319 1063 4374 eoram
1090 4299 1253 4374 omnihus
1279 4298 1316 4368 Si
1341 4307 1387 4382 tu,
1415 4317 1494 4370 cum
1510 4295 1660 4370 iudaeus
1687 4296 1746 4382 sis,

263 4413 435 4503 gentiliter
460 4424 496 4486 et
520 4437 591 4488 non
616 4414 777 4488 iudaime
803 4417 901 4499 vivis,
927 4417 1109 4510 quomodo
1134 4426 1257 4509 gentes
1278 4417 1378 4510 cogis
1395 4416 1596 4494 iudaizare?
1636 4406 1747 4490 15Νοι

263 4539 385 4602 natura
410 4529 530 4606 ludaei
561 4543 597 4604 ιι
626 4555 697 4606 oon
728 4553 777 4608 ex
810 4535 973 4625 gentibus
1006 4545 1234 4629 peccatores,
1273 4527 1298 4572 ⁴⁰
1315 4535 1466 4608 seientes
1499 4544 1614 4608 autem
1650 4533 1747 4626 quod

263 4671 333 4725 oon
358 4649 560 4722 iustihcatur
586 4651 693 4724 ¹honio
721 4673 768 4722 ex
795 4653 960 4744 operibus
987 4655 1085 4747 legis,
1112 4653 1177 4726 nisi
1207 4671 1272 4747 por
1302 4652 1408 4728 iidem
1433 4653 1511 4728 lesa
1537 4653 1677 4738 Christi,
1712 4663 1747 4726 et

263 4789 329 4840 nos
356 4769 389 4840 in
417 4768 550 4842 Christo
577 4770 655 4840 lesu
682 4771 872 4856 credimus,
905 4783 944 4844 ut
975 4773 1198 4846 laetificemur
1226 4791 1275 4844 ex
1301 4769 1371 4844 tide
1398 4771 1519 4845 Christi
1543 4782 1581 4846 et
1606 4793 1675 4844 uon
1702 4793 1750 4845 ex

264 4888 430 4980 operibus
462 4888 569 4979 legis;
602 4899 746 4984 propter
776 4891 873 4982 quod
898 4891 1138 4982 exoperibus
1163 4890 1250 4983 legis
1276 4909 1346 4962 non
1372 4889 1611 4965 iustificabitur
1637 4891 1751 4964 omnis

265 5029 359 5082 caro.
412 4999 436 5041 ¹⁷
457 4997 494 5052 (⁸³
520 5007 623 5092 Quod
656 5009 686 5080 si
718 5019 927 5101 quaerentes
959 5009 1134 5086 iustificari
1166 5010 1201 5084 iu
1234 5009 1369 5084 Christo
1402 5009 1529 5084 inventi
1562 5031 1684 5084 sumus
1716 5019 1751 5082 et

265 5128 329 5219 ipsi
372 5135 599 5217 peccatores,
639 5129 805 5221 numquid
841 5129 994 5206 Christus
1028 5130 1161 5223 peccati
1195 5128 1348 5204 minister
1382 5132 1468 5202 esti
1506 5128 1616 5204 Absit.
1671 5123 1697 5168 '⁸
1715 5130 1750 5202 Si

311 5269 315 5278 ·
844 5249 867 5330 l,
895 5251 941 5322 23
975 5287 1018 5300 -
1047 5249 1082 5334 ll,
1115 5252 1170 5320 t8.

1366 5369 1446 5440 38*
