4102 6128
818 380 1107 447 PuouuGoltuntn

1131 487 1655 504 ‘’——b‘ffl-—m-...an-
1672 501 1710 506 -.

217 565 296 659 sum
319 599 374 662 est
398 589 476 682 quin
501 586 667 657 asterisco
694 597 897 658 notaremus
924 595 961 656 ει
988 587 1071 678 quid
1097 587 1157 656 vel
1185 609 1256 680 quo
1283 592 1392 666 modo
1424 597 1457 666 in
1484 597 1608 670 codice
1627 600 1711 671 scri-

217 717 323 800 ptum,
344 719 436 780 esset
460 705 714 778 accuratissime
739 705 977 778 indicaremus
1003 706 1036 775 in
1062 705 1183 776 indice
1209 709 1274 780 sub
1300 733 1445 785 numero
1471 717 1557 788 XlX.

315 828 382 900 Per
414 823 709 919 compendium
751 845 995 918 quaecumque
1028 825 1161 918 scripta
1195 823 1317 924 sunt⁴),
1350 834 1483 906 sivein
1512 847 1610 909 textu
1637 813 1736 909 sive

217 947 250 1016 in
278 947 543 1040 praefationibus
569 945 783 1038 argumentis
809 945 984 1038 capitulis,
1012 968 1055 1016 ea
1081 945 1190 1037 plene
1217 949 1342 1044 scripta
1368 955 1551 1028 edidimus.
1607 956 1710 1042 Quod

215 1067 313 1137 idem
342 1066 521 1138 fecimus
513 1087 546 1134 ιιι
579 1064 797 1157 compendiis
830 1063 964 1153 aliquot
997 1083 1087 1153 quae
1120 1063 1156 1134 in
1184 1067 1285 1140 titulis
1313 1079 1416 1163 atque
1443 1076 1708 1169 subscriptioni-

215 1187 285 1258 bus
321 1188 434 1258 locum
467 1184 610 1269 habent,
645 1193 683 1255 ut
709 1209 761 1256 nro
788 1184 861 1255 sive
888 1205 964 1254 mer
998 1203 1062 1275 pro
1097 1184 1229 1280 incipit,
1263 1213 1345 1260 uxru
1371 1212 1435 1282 pro
1462 1195 1607 1287 explicit
1633 1197 1708 1265 sive

215 1305 420 1400 expliciunt,
446 1315 482 1376 nt
508 1303 662 1397 capitulis
687 1305 849 1376 Matthaei
874 1302 1078 1398 inscriptum
1103 1316 1157 1376 est
1182 1331 1253 1380 ιιιει
1281 1334 1431 1381 curruum
1450 1299 1514 1384 ἶιῖι
1543 1303 1604 1385 εἰῇ
1631 1301 1705 1400 iffi,
1775 1390 1778 1404 ,

181 1434 251 1496 Ιιιι
285 1449 369 1496 aros
402 1447 464 1520 pro
498 1425 660 1520 apostoli,
699 1449 793 1495 misr
825 1446 890 1519 pro
927 1422 1075 1516 epistula
1107 1426 1284 1499 invenitur.
1338 1429 1473 1500 Scilicet
1506 1431 1681 1502 eadem
1672 1455 1706 1502 m

213 1545 294 1638 ipso
324 1545 445 1617 codice
470 1543 549 1615 alibi
574 1545 677 1638 plene
704 1545 830 1640 scripta
857 1555 936 1616 snnt
963 1565 1028 1614 nec
1054 1543 1238 1639 quidquam
1258 1547 1387 1619 babent
1404 1549 1500 1642 quod
1519 1552 1705 1643 quomodo

214 1665 376 1736 resolvas
403 1663 547 1736 dubites.
577 1665 788 1759 Ubicumque
814 1686 899 1736 vero
927 1665 1171 1758 compendium
1197 1667 1370 1759 peculiare
1397 1679 1456 1742 aut
1481 1691 1597 1762 grave
1624 1693 1705 1744 esse

213 1787 330 1858 visum
363 1795 432 1868 est,
473 1783 507 1855 id
540 1784 575 1854 iu
611 1785 711 1856 titulis
743 1795 846 1878 atque
882 1784 1196 1878 subscriptionibus
1231 1785 1445 1872 retinuimus,
1485 1789 1540 1860 sin
1583 1799 1639 1861 est
1670 1793 1704 1864 in

213 1898 360 1998 textu'),
388 1905 603 1976 tractavimus
629 1905 662 1975 in
689 1905 802 1977 indice
828 1905 893 1976 sub
919 1925 1065 1975 numero
1090 1903 1173 1976 XIX.

930 2143 983 2212 Xl.

309 2322 731 2416 lnterpunctionem‚
773 2340 862 2411 quae
902 2316 1004 2386 nobis
1041 2315 1107 2387 dici
1140 2319 1243 2402 solet,
1277 2319 1311 2388 in
1344 2319 1465 2392 codice
1497 2343 1570 2392 non
1607 2343 1699 2412 esse,

211 2443 281 2514 iam
310 2463 417 2536 supra
444 2453 497 2514 ost
521 2443 658 2514 dictum.
710 2438 796 2510 Hinc
820 2435 1008 2510 videndum
1036 2445 1159 2508 estne
1186 2435 1316 2508 codicis
1343 2440 1545 2512 auctoritate
1565 2451 1699 2516 temere

212 2563 342 2634 utaris
339 2561 408 2632 ubi
441 2562 608 2634 distinctio
636 2559 741 2633 dubia
775 2567 836 2630 est.
890 2557 954 2630 Ubi
985 2577 1071 2628 vero
1097 2578 1162 2649 pro
1189 2557 1321 2628 ratione
1347 2557 1606 2636 sticbometrica
1633 2587 1697 2660 ap·
1760 2569 1764 2578 '

213 2691 314 2777 paret
338 2682 553 2774 quomodo'
545 2707 573 2755 ιε
599 2683 656 2776 qui
675 2681 831 2753 codicem
859 2677 1016 2748 exaravit
1034 2685 1165 2748 textum
1185 2676 1388 2762 distinxerit,
1415 2677 1451 2748 id
1469 2680 1610 2754 curiose
1630 2685 1689 2758 ob-

213 2803 443 2876 servavimus.
462 2802 633 2876 Pertinent
655 2801 722 2874 buc
739 2799 806 2870 loci
824 2799 896 2870 sere
918 2796 962 2882 bi,
989 2817 1078 2889 quos
1095 2797 1192 2868 vario
1211 2796 1318 2870 modo
1337 2797 1531 2892 interpungi
1546 2815 1692 2880 constat.

306 2924 417 3008 Leo,
447 2916 503 2996 27.
530 2948 600 2996 vere
626 2945 703 2994 cum
730 2932 808 3000 sunt,
835 2940 905 2989 non
931 2939 1008 2988 cum
1034 2918 1120 2988 cobis
1147 2915 1363 2988 conitmctum
1390 2928 1453 2990 εει

304 3046 353 3116 Lc
383 3045 440 3126 tu,
468 3045 525 3114 33.
554 3053 633 3138 post
658 3043 834 3112 dividentur
860 3038 1053 3110 distinctum
1080 3048 1142 3110 est.

305 3163 367 3234 ιοιι
398 3163 454 3245 lb,
483 3165 514 3232 8.
541 3165 592 3234 ille
618 3186 696 3234 cum
723 3171 839 3250 areret,
866 3179 935 3230 non
961 3179 1039 3230 cum
1065 3161 1183 3228 cenent
1207 3157 1423 3230 coniunctum
1450 3170 1511 3232 est.

305 3283 368 3356 lob
399 3283 456 3366 to,
484 3285 516 3352 8.
545 3285 586 3352 Ει
612 3307 683 3352 cum
707 3272 924 3377 immittite
949 3291 1058 3368 arpuet
1083 3288 1148 3350 etc.

305 3405 394 3476 Rom
424 3403 457 3480 6,
487 3403 542 3472 ιθ.
577 3406 660 3494 quod
690 3407 772 3471 enim
804 3410 945 3468 mortuus
977 3410 1022 3468 est
1043 3391 1049 3494 Ι
1068 3411 1197 3490 peceato
1222 3411 1363 3468 mortuus
1390 3412 1434 3469 est
1460 3404 1561 3472 semel.

309 3529 322 3596 l
359 3525 408 3596 Co
439 3519 495 3606 ιι,
524 3525 580 3592 33.
608 3526 745 3594 sicelio
771 3521 912 3590 omnibus
938 3519 1072 3588 eeclesiis
1094 3519 1100 3612 Ι
1123 3529 1301 3590 sumtuum
1322 3513 1329 3616 Ι
1351 3521 1497 3590 mulieres
1528 3525 1561 3590 in
1594 3523 1689 3592 eccie-

416 3647 467 3712 sie
493 3653 614 3713 luceam
1023 3719 1027 3730 ,

307 3765 369 3837 Gal
398 3763 431 3849 ι,
461 3761 518 3832 ιι.
553 3763 667 3834 codex
698 3763 745 3834 ita
776 3765 862 3831 vebis
894 3765 960 3829 iem
987 3761 1112 3849 pridem
1135 3753 1140 3858 Ι
1164 3771 1192 3828 et
1216 3764 1445 3852 temptationem
1470 3774 1606 3832 cestram
1629 3755 1635 3858 Ι
1656 3765 1690 3830 in

418 3906 512 3954 come
536 3907 607 3954 meo
631 3906 693 3954 nen
717 3885 898 3976 sprumistis
920 3873 926 3978 Ι
949 3903 1046 3972 neque
1070 3883 1233 3971 respuistis
1255 3873 1261 3979 Ι

308 4009 370 4080 Gal
398 4003 431 4090 ι,
460 4006 501 4074 31
523 4025 595 4098 seq.
622 4028 683 4072 non
708 4026 817 4074 samus
847 4001 981 4072 ancillae
1009 4001 1070 4091 filii
1090 3995 1097 4098 Ι
1119 4003 1175 4071 sed
1205 4001 1321 4072 liberae
1344 3996 1350 4098 Ι
1373 4023 1436 4092 que
1469 4003 1608 4074 libertate
1632 4025 1687 4072 nos

417 4110 481 4218 αἶρε
506 4125 648 4194 liberauit
669 4119 676 4222 Ι
698 4136 776 4194 stote
801 4133 830 4191 et
854 4121 944 4191 nolite
969 4126 1081 4192 iterum
1102 4115 1109 4220 Ι

310 4249 368 4328 Col
399 4250 430 4332 l,
460 4246 500 4314 ιι
526 4265 577 4338 sq.
604 4249 638 4312 in
663 4249 748 4312 ornei
768 4245 922 4336 patientie
947 4255 975 4310 et
1000 4243 1092 4334 tempe
1114 4237 1281 4338 lnimitote
1307 4265 1378 4312 mim
1401 4242 1518 4332 quadie
1541 4234 1547 4340 Ι
1568 4243 1689 4330 pretias

415 4376 539 4456 tepentes
563 4358 677 4462 patri}

307 4489 368 4559 Col
396 4489 429 4572 2,
460 4489 516 4556 lli.
543 4486 686 4554 troducit
711 4484 894 4573 confidenter
915 4476 922 4578 Ι
940 4485 1052 4574 palem
1079 4485 1275 4576 triumphans
1298 4477 1304 4580 Ι
1327 4483 1395 4552 illos
1420 4487 1453 4550 in
1484 4493 1578 4552 seruet
1603 4475 1690 4575 ipso}

310 4607 369 4676 Col
397 4609 429 4691 3,
460 4608 516 4676 l6.
535 4606 730 4676 ειειιάειιιιν
752 4596 758 4700 Ι
781 4607 814 4672 in
831 4607 916 4672 omni
930 4607 1086 4695 sapientie
1104 4605 1243 4674 decentes
1265 4595 1272 4700 Ι
1296 4615 1324 4671 ει
1341 4613 1562 4671 commonentes
1585 4599 1590 4694 Ι
1612 4623 1685 4670 ves-

415 4739 476 4796 met
501 4719 613 4823 ipsos}

313 4850 325 4915 ι
361 4847 470 4918 Thess
500 4850 529 4930 l,
558 4848 590 4919 2.
619 4850 722 4913 -riom
743 4847 891 4936 facientes
916 4847 950 4910 in
976 4843 1166 4913 orationibus
1190 4835 1195 4940 Ι
1217 4846 1331 4912 nostris
1353 4834 1358 4938 Ι
1381 4845 1446 4911 siae
1463 4844 1687 4911 intermissione

416 4960 1013 5064 menelreseperisfideivestreel

301 5175 328 5251 ι)
350 5173 393 5236 Cf.
415 5189 510 5254 supra
531 5171 580 5234 Νι.
603 5170 649 5234 vt.

300 5277 329 5352 ι]
351 5275 393 5336 Gi.
416 5277 460 5338 lle
484 5275 532 5352 tt,
556 5275 605 5338 33.
629 5273 679 5352 ⁴2,
701 5272 751 5336 37.
