4146 6120
368 385 441 462 35t
796 377 800 388 '
888 388 1036 454 saevas
1062 387 1114 450 nn
1141 387 1342 450 nssmscs

475 593 545 664 XV.
571 594 624 662 Ile
651 593 882 685 promissione
909 593 1097 665 sacerdotii
1123 587 1297 664 'melioris
1324 587 1527 662 testamenti.

463 714 546 786 XVI.
571 713 624 782 De
659 731 728 782 uno
760 711 960 798 sacerdote,
1001 713 1059 806 qui
1093 722 1148 784 est
1180 712 1215 782 in
1253 709 1386 782 cunctis
1417 731 1459 780 ac
1493 709 1584 779 veris
1619 707 1866 780 sacerdodbus

574 830 706 903 Christi.
1420 887 1422 892 .

447 953 543 1025 XVII.
567 951 620 1020 De
656 969 750 1021 novo
784 958 1008 1036 testamento,
1047 949 1142 1043 quod
1176 949 1276 1020 luerit
1307 948 1376 1018 iam
1407 946 1539 1019 dudum
1567 967 1630 1020 ore
1657 945 1866 1042 prophetico

573 1069 833 1163 repromissum.

436 1190 544 1262 XVIII.
571 1191 624 1260 De
651 1188 877 1258 tabemaculo
904 1198 940 1258 et
966 1188 1102 1260 tabulas
1128 1186 1258 1258 veteris
1285 1186 1489 1258 testamenti.

461 1309 545 1378 XIX.
572 1311 624 1379 De
663 1307 867 1379 anniversali
909 1305 1077 1378 sacrIficio
1121 1304 1216 1399 quod
1260 1327 1308 1376 ex
1348 1299 1601 1376 deuteronimio
1640 1302 1865 1376 sacerdotum

576 1429 751 1522 principes
778 1421 1032 1498 ‘celebrabant

475 1547 547 1617 XX.
574 1547 626 1617 De
654 1545 824 1638 sanguine
851 1545 1001 1631 salutari,
1029 1543 1125 1636 quod
1151 1545 1281 1616 veteris
1307 1545 1398 1617 vitae
1425 1543 1568 1615 crimina
1593 1553 1727 1636 purgat.

463 1667 547 1738 XXI.
574 1669 626 1736 De
653 1688 747 1737 novo
774 1673 993 1750 testamento,
1020 1685 1084 1758 per
1110 1663 1206 1756 quod
1233 1658 1386 1736 ‘animas
1413 1663 1529 1735 divino
1555 1662 1721 1754 sanguine
1748 1658 1865 1754 'puri-

578 1786 671 1856 ficari
700 1793 854 1855 testatur.

451 1907 550 1978 XXII.
577 1908 629 1977 De
656 1906 829 1976 salvatore
856 1903 914 1996 qui
940 1897 1044 1974 'solis
1078 1903 1260 1974 terminum
1287 1898 1442 1998 peccatis
1475 1900 1719 1994 inponentibus
1751 1923 1867 1994 appa·

578 2045 657 2096 rere
683 2043 753 2094 non
780 2033 906 2094 cessat.

439 2147 550 2218 XXIII.
577 2143 630 2215 De
662 2145 743 2236 lege
778 2143 888 2214 veteri
922 2137 1034 2236 ‘quae
1072 2161 1187 2213 novae
1220 2139 1308 2234 legis
1349 2153 1468 2237 typum
1501 2140 1623 2213 habuit
1656 2161 1698 2210 ac
1731 2138 1868 2211 habere

578 2273 796 2334 monstratur.

425 2383 550 2456 XXllll.
578 2383 630 2452 De
664 2379 833 2452 sacrificio
871 2381 982 2452 laudis
1022 2383 1118 2476 qnod
1158 2393 1213 2453 est
1253 2380 1467 2454 offerendum
1508 2389 1589 2473 post
1620 2375 1867 2470 indulgentiam

578 2511 812 2593 peccatorum.
840 2588 843 2594 ι

453 2621 553 2691 XXV.
581 2622 633 2690 De
652 2619 871 2690 exortatione
890 2619 1102 2690 credentium
1121 2631 1156 2692 et
1174 2621 1427 2692 incredulorum
1446 2620 1534 2710 ignis
1553 2620 1633 2712 iuge
1652 2617 1870 2710 supplicium.

436 2739 551 2810 XXVI.
577 2739 630 2808 De
657 2737 953 2830 contemptoribus
980 2735 1217 2831 novaelegis,
1246 2740 1342 2832 quod
1368 2762 1438 2810 non
1464 2740 1656 2832 temporale
1674 2747 1709 2808 ut
1727 2747 1871 2809 veteres

582 2857 798 2928 sustinebunt
825 2856 891 2927 sed
916 2869 1121 2950 perpetuum
1151 2859 1353 2953 supplicium
1383 2868 1549 2930 mereant.

426 2977 552 3049 XXVII.
579 2978 631 3047 De
657 2976 919 3071 perseverantia
945 2977 1027 3049 lidei
1053 2981 1236 3050 exortado.

408 3097 549 3169 XXVIII.
576 3098 628 3167 Ile
654 3097 746 3190 typis
771 3095 901 3166 veterIs
927 3095 1008 3167 fidei
1035 3119 1242 3190 novaequae
1268 3100 1488 3192 proprietatis
1515 3097 1698 3169 exortatio.

434 3217 550 3288 XXIX.
577 3217 630 3286 De
658 3215 808 3286 victoriis
834 3225 989 3288 veterum
1017 3215 1225 3290 bellatorum
1251 3227 1286 3289 et
1311 3223 1447 3311 strages
1473 3215 1697 3288 infirmorum.

448 3337 552 3406 XXX.
580 3335 709 3406 Deire
737 3329 951 3406 'inmanuum
978 3336 1194 3423 ludaeorum,
1223 3361 1325 3432 quam
1352 3359 1397 3408 ne
1425 3339 1459 3408 in
1492 3344 1632 3407 sanctos
1665 3355 1870 3428 usquequa-

582 3475 650 3547 que
678 3453 863 3524 celebrent.

434 3573 552 3645 XXXI.
578 3575 631 3643 De
657 3573 778 3666 spiritu
804 3583 927 3644 sancto
955 3574 1183 3670 eiusdemque
1210 3574 1364 3646 veritatis
1391 3577 1557 3662 doctriua,
1585 3572 1596 3594 '
1603 3585 1781 3668 perpetua.

421 3693 551 3764 XXXII.
578 3693 630 3762 Ile
657 3691 726 3762 deo
754 3713 858 3782 quem
885 3693 997 3765 nullus
1023 3695 1088 3766 nisi
1114 3694 1241 3767 vixerit
1267 3705 1409 3768 sanctae
1436 3696 1557 3768 videre
1583 3694 1721 3765 valebit.

407 3813 552 3884 XXXIII.
578 3811 631 3882 De
663 3811 874 3905 paenitentia
909 3834 999 3904 quae
1033 3813 1098 3885 nisi
1131 3816 1164 3884 in
1197 3813 1262 3884 ista
1286 3814 1357 3886 vita
1382 3815 1553 3888 medellae
1580 3812 1771 3884 remedium
1797 3834 1872 3884 non

582 3941 699 4024 potest
723 3931 887 4002 invenire.
1758 3957 1764 3964 ·

401 4051 558 4122 XXXIIII.
583 4051 637 4121 De
664 4071 775 4143 regno
803 4050 860 4122 dei
887 4052 983 4143 quod
1009 4063 1150 4144 praeter
1176 4053 1254 4147 pios
1282 4052 1392 4122 nullus
1419 4052 1547 4145 poterit
1573 4050 1765 4144 possidere.

422 4171 554 4242 XXXV.
580 4169 633 4240 De
661 4168 786 4262 dupIIci
814 4171 971 4242 castitate
999 4193 1149 4265 superna
1175 4171 1358 4244 dumtaxat
1383 4181 1420 4240 et
1446 4165 1593 4242 'humill

404 4291 549 4362 XXXVI.
576 4289 629 4358 De
655 4287 796 4381 spiritali
823 4283 1011 4374 'doctrina
1039 4313 1142 4383 mam
1170 4300 1367 4362 sanctorum
1393 4291 1468 4360 lore
1496 4311 1613 4361 escam
1640 4288 1811 4361 disseruit.

396 4407 555 4484 XXXVII.
581 4409 634 4477 Ile
661 4407 887 4479 sollicitudIne
915 4409 1046 4480 alterna
1071 4411 1154 4481 cleri
1181 4409 1361 4480 dumtaxat
1388 4418 1423 4480 et
1448 4410 1569 4502 plebis.

388 4527 560 4602 XXXVIII.
587 4527 639 4595 De
674 4519 938 4620 ‘adsumptione
973 4525 1110 4621 spiritus
1144 4530 1268 4613 sancti,
1297 4523 1386 4622 'quo
1418 4529 1493 4600 sine
1520 4537 1664 4600 aeterna
1695 4528 1764 4599 vita
1801 4548 1874 4598 non

583 4654 701 4738 potest
725 4642 877 4725 inveniri.

412 4763 561 4837 XXXIX.
588 4765 641 4836 De
667 4765 779 4838 verbo
807 4764 934 4850 solacii,
963 4787 1067 4858 quem
1094 4788 1172 4838 cum
1200 4767 1382 4839 TImotheo
1409 4789 1476 4839 una
1504 4765 1733 4840 commendat.

903 4899 1129 4963 ffllPLlClUNT
1151 4899 1347 4965 carlrunn.

964 5155 1268 5168 ——u—n—--—...·-
