4242 6118
686 418 925 486 avuncunlum
951 419 1151 484 SECUNDUM
1175 416 1333 482 diacon
1707 411 1748 492 ’11

274 627 384 698 ciatos
411 623 586 710 sandaliis,
614 635 650 696 et
674 647 719 696 ne
745 623 968 696 induerentur
993 623 1130 696 duabus
1156 623 1286 696 tunicis.
1340 607 1456 666 ’οΜ
1469 620 1514 692 llt
1540 621 1681 698 dicebat
1706 628 1758 701 cis

276 747 504 838 Quocumque
544 745 740 818 introieritis
780 745 815 816 in
854 745 1013 840 domum,
1053 745 1120 816 illic
1156 752 1293 816 manete
1330 738 1448 811 donec
1492 744 1630 816 exeatis
1666 747 1758 822 inde.

274 859 299 906 ¹¹
312 859 390 914 (Μ)
408 867 451 938 Et
476 865 686 960 quicumque
709 888 781 938 non
806 865 1002 960 receperint
1025 887 1092 937 vos
1109 887 1175 936 nec
1192 861 1365 937 audierint
1380 881 1459 946 voe,
1487 875 1659 938 exeuntes
1677 868 1759 942 inde

276 987 436 1060 excutite
451 988 634 1080 pulverem
660 987 707 1058 de
733 985 883 1080 pedibus
908 985 1034 1058 vesnia
1060 985 1095 1056 in
1120 983 1356 1056 testimonium
1382 979 1457 1052 illis.
1492 973 1608 1029 ”Ml
1624 986 1667 1058 ltt
1692 1011 1759 1062 ex-

276 1118 398 1180 euntes
424 1106 672 1200 praedicabant
695 1117 733 1178 ut
762 1105 1005 1200 paenitentiam
1032 1116 1185 1198 agerent,
1228 1097 1255 1144 ¹³
1271 1113 1309 1175 et
1345 1100 1536 1174 daemonia
1569 1107 1674 1180 multa
1707 1111 1759 1181 ei-

276 1229 423 1314 ciebant,
451 1238 487 1300 et
511 1228 688 1320 ungebant
713 1228 792 1298 oleo
818 1227 943 1298 multos
970 1235 1113 1318 egrotos
1140 1237 1175 1298 et
1200 1225 1383 1298 sanabant
1427 1210 1605 1326 ⁴⁴⁶²·”1Et
1631 1229 1760 1303 audivit

276 1349 437 1421 Herodes
464 1369 537 1433 rex,
565 1347 784 1419 manifestum
810 1346 901 1417 enim
926 1346 1053 1416 lactum
1088 1353 1143 1416 est
1166 1366 1295 1418 nomen
1322 1342 1416 1426 eins,
1450 1351 1487 1412 et
1513 1341 1653 1418 dicebat
1678 1351 1759 1442 quia

276 1471 446 1542 lohannes
471 1467 622 1562 baptista
648 1465 841 1538 resurrexit
865 1487 886 1538 a
911 1464 1066 1548 mortuis,
1094 1475 1129 1535 et
1153 1461 1343 1560 propter'ea
1370 1461 1591 1554 inopinanun
1614 1468 1758 1542 virtutes

276 1592 311 1662 in
335 1590 403 1662 illo.
454 1577 481 1626 ⁴⁵
499 1586 562 1660 Alii
589 1595 705 1660 autem
731 1585 893 1658 dicebant
918 1585 1000 1678 quia
1025 1584 1140 1656 Helias
1174 1597 1236 1672 est,
1263 1585 1321 1658 alii
1353 1603 1442 1654 vero
1475 1583 1638 1660 dicebant
1669 1589 1757 1664 Pro.

277 1711 382 1805 pbeta
415 1717 470 1779 est
508 1707 608 1800 (prasi
641 1727 739 1776 -unus
777 1727 825 1778 ex
855 1705 1046 1799 prophetis.
1098 1695 1125 1742 ¹⁶
1138 1697 1214 1752 (Μ)
1233 1707 1312 1792 Quo
1356 1701 1474 1775 audito
1507 1705 1669 1780 Herodes
1711 1710 1759 1782 ait

278 1831 390 1916 Quem
424 1849 493 1919 ego
532 1825 703 1898 decollavi
735 1827 929 1911 lobannen,
965 1826 1021 1896 hic
1054 1846 1076 1896 a
1106 1827 1248 1898 mortuis
1278 1823 1482 1897 resurrexit
1545 1818 1659 1876 ΨΜ)
1677 1829 1757 1924 lpse

278 1950 368 2021 enirn
393 1947 553 2019 Herodes
579 1946 671 2016 misit
697 1967 740 2017 ac
765 1946 873 2018 tenmt
898 1945 1073 2016 lobannen
1099 1957 1134 2016 et
1160 1946 1268 2016 vinxit
1293 1967 1375 2016 eum
1399 1943 1436 2014 in
1453 1964 1597 2018 carcere
1613 1958 1759 2042 propter

277 2067 513 2142 llerodiadam
544 2087 693 2138 uxorem
725 2065 871 2159 Philippi
901 2065 1014 2137 fratris
1041 2066 1107 2150 sui,
1142 2066 1222 2158 qnia
1248 2065 1399 2138 duxerat
1425 2085 1520 2136 carn:
1572 2059 1601 2106 ¹⁸
1616 2067 1758 2140 dicebat

279 2190 368 2261 enim
394 2189 564 2260 lohannes
589 2185 720 2258 llerodi
743 2186 820 2256 Non
845 2185 924 2256 licet
950 2185 1012 2256 tibi
1037 2185 1167 2258 babere
1193 2207 1342 2258 uxorem
1368 2186 1484 2258 fratris
1507 2187 1564 2258 tui.
1603 2179 1745 2259 ¹⁹llero·

279 2310 357 2384 dias
381 2317 500 2380 autem
525 2307 750 2379 insidiabatur
775 2305 821 2376 illi
848 2316 884 2377 et
909 2305 1053 2377 volebat
1077 2305 1241 2378 occidere
1259 2329 1348 2393 curn,
1376 2328 1443 2378 nec
1460 2315 1614 2401 poterat:
1639 2300 1666 2346 ²⁰
1682 2309 1757 2379 He-

278 2429 385 2502 rodes
418 2429 509 2500 enim
541 2425 720 2498 metuebat
753 2426 944 2510 lohannen,
981 2427 1095 2498 sciens
1129 2448 1208 2498 eum
1234 2427 1343 2498 virum
1370 2427 1497 2499 iustum
1524 2438 1560 2500 et
1585 2436 1754 2513 sanctum,

279 2560 314 2622 et
338 2549 559 2621 custodiebat
584 2567 674 2631 eum,
702 2553 739 2616 et
763 2545 881 2618 audito
908 2566 952 2616 eo
979 2548 1083 2618 multa
1108 2547 1265 2632 iaciebat,
1293 2557 1329 2619 et
1353 2549 1502 2621 libenter
1528 2569 1608 2620 eum
1630 2545 1755 2618 audie·-

277 2671 347 2742 bat.
398 2661 422 2706 Ἃ
437 2659 568 2738 <metm
594 2689 672 2738 cum
699 2664 776 2736 dies
803 2674 993 2758 oportunus
1020 2667 1219 2751 accidisset,
1256 2668 1416 2740 Herodes
1441 2669 1564 2742 natalis
1590 2666 1643 2738 sui
1669 2687 1755 2738 oae-

279 2812 360 2864 nam
385 2789 466 2860 lecit
489 2785 700 2882 principibus
727 2797 762 2856 et
787 2785 931 2857 tribuas
957 2797 993 2858 et
1017 2787 1136 2880 primis
1163 2786 1349 2859 Galilaeae:
1393 2781 1421 2828 ²¹
1438 2809 1590 2883 cumque
1614 2787 1754 2860 introis·
1781 2853 1783 2858 ,

281 2921 336 2983 set
360 2909 429 2981 lilia
454 2907 563 3002 ipsius
589 2905 798 2978 Herodiadis
824 2915 860 2978 et
885 2907 1047 2982 saltasset
1072 2917 1109 2978 ct
1132 2907 1319 3000 placuisset
1343 2910 1475 2984 Herodi
1502 2909 1670 3001 simulque
1693 2929 1755 2980 re·

281 3029 529 3114 cumbentibus,
556 3049 622 3100 rex
648 3026 695 3098 ait
720 3027 859 3120 puellae
884 3027 968 3100 Pete
1002 3049 1106 3100 ame
1140 3025 1235 3118 quod
1260 3031 1328 3115 vis,
1362 3043 1399 3102 et
1431 3031 1526 3104 dabo
1552 3027 1622 3102 tibi.
1673 3021 1755 3100 affl

281 3153 404 3224 iuravit
433 3149 478 3220 illi
512 3148 591 3242 quia
623 3147 786 3240 quicquid
811 3146 952 3240 petieris
983 3147 1078 3220 dabo
1111 3145 1180 3232 tibi,
1216 3147 1295 3219 licet
1331 3147 1511 3224 dimidium
1542 3149 1639 3243 regni
1673 3150 1753 3220 mci.

279 3263 307 3311 ’⁸
324 3273 421 3358 Quae
449 3291 526 3341 curn
553 3268 695 3353 exisset
722 3267 810 3338 dixit
834 3268 935 3340 matri
961 3289 1046 3339 snae
1075 3266 1164 3352 Quid
1189 3271 1333 3359 petam‘?
1369 3253 1412 3342 Et
1444 3274 1501 3345 illa
1533 3271 1620 3344 dixit
1645 3268 1755 3363 Caput

281 3391 439 3465 lobannis
464 3389 646 3484 baptistae.
698 3380 726 3426 ᾖ
743 3388 898 3481 Cumque
928 3388 1104 3460 introisset
1135 3387 1249 3459 statim
1276 3411 1353 3461 curn
1379 3392 1596 3465 festinatione
1622 3387 1669 3460 ad
1693 3409 1754 3460 re-

283 3533 373 3604 gem,
399 3511 518 3602 petivit
544 3509 666 3580 dicens
689 3508 778 3578 Volo
804 3517 841 3579 ut
866 3510 1021 3602 protinus
1047 3509 1112 3580 des
1138 3507 1219 3578 milri
1251 3505 1305 3580 'in
1338 3510 1436 3583 disco
1464 3521 1569 3608 caput
1593 3508 1755 3580 iohannis

281 3631 460 3726 baptistae.
511 3621 538 3670 ¹⁸
553 3629 597 3700 Et
631 3628 850 3702 contristatus
882 3615 947 3702 rex
980 3640 1124 3724 propter
1155 3627 1388 3701 iusiurandum
1421 3643 1456 3704 et
1486 3641 1629 3728 propter
1654 3629 1754 3702 simul

283 3751 527 3824 recumbentes
551 3749 659 3820 noluit
684 3769 763 3820 eam
789 3749 1002 3835 contristare,
1053 3743 1079 3787 ῃ
1092 3748 1157 3822 sed
1182 3750 1292 3822 misso
1325 3753 1544 3844 speculatore
1577 3751 1755 3847 praecepit

283 3871 410 3945 adlerri
436 3880 539 3965 caput
571 3871 645 3942 eius
670 3870 706 3940 in
732 3869 839 3942 diseo.
890 3869 934 3941 Et
958 3871 1142 3944 decollavit
1168 3891 1249 3943 eum
1281 3871 1493 3958 incarcere,
1544 3866 1572 3912 ⁹⁸
1587 3883 1622 3945 et
1647 3873 1755 3946 attulit

283 4001 386 4088 capnt
412 3992 487 4062 eius
513 3990 548 4061 in
581 3990 680 4062 disco
713 3998 750 4060 et
781 3988 877 4062 dedit
908 3991 990 4064 illud
1024 3993 1179 4086 puellae,
1207 4002 1243 4064 et
1268 3993 1382 4087 puella
1408 3992 1506 4065 dedit
1531 3993 1631 4066 matri
1658 4015 1753 4066 suae.

282 4106 309 4152 ²⁹
326 4115 403 4198 Quo
424 4111 547 4219 'audito
575 4110 732 4204 discipuli
758 4110 833 4182 eius
866 4123 1037 4184 venerunt
1061 4123 1098 4185 et
1121 4111 1269 4184 tulerunt
1300 4133 1429 4207 corpus
1461 4115 1537 4186 eius
1561 4125 1597 4186 et
1621 4135 1754 4208 posue-

284 4243 361 4304 runt
384 4233 466 4304 illud
491 4231 526 4302 in
551 4240 784 4302 monumento.
835 4222 862 4268 ³⁰
874 4222 951 4278 (Μ)
969 4233 1011 4304 llt
1037 4233 1284 4306 convenientes
1310 4235 1459 4328 apostoli
1486 4235 1531 4308 ad
1557 4236 1670 4307 lesum
1695 4255 1755 4306 re-

284 4354 523 4426 nuntiavernnt
552 4351 598 4421 illi
630 4349 761 4424 omnia¹
778 4371 869 4443 quae
903 4362 1047 4444 egerant
1081 4361 1116 4424 et
1150 4353 1349 4426 docuerant.
1401 4346 1528 4402 mmm-l
1545 4355 1588 4426 Et
1619 4356 1666 4428 ait
1690 4355 1755 4425 illis
1860 4409 1863 4420 .

284 4473 407 4546 Venite
433 4492 593 4544 seorsum
619 4471 652 4541 in
678 4471 856 4542 desertum
881 4471 994 4544 locum
1021 4482 1056 4543 et
1081 4474 1289 4565 requiescite
1315 4473 1484 4568 pusillum.
1532 4475 1638 4546 Erant
1663 4475 1753 4545 enim

286 4594 344 4686 qui
379 4591 562 4664 veniebant
598 4600 633 4662 et
666 4591 848 4664 rediebant
877 4593 988 4678 multi,
1021 4615 1086 4666 nec
1120 4593 1350 4666 manducandi
1388 4595 1535 4689 spatium
1568 4595 1778 4668 habebant·
1834 4585 1839 4600 ’
1970 4581 1974 4590 ’

284 4705 312 4750 ³²
325 4704 398 4760 ‘⁶2⁸⁴
416 4713 458 4782 Et
484 4713 715 4786 ascendentes
742 4712 774 4781 in
801 4713 881 4784 navi
907 4712 1066 4784 abierunt
1091 4713 1125 4782 in
1143 4713 1320 4786 desertum
1339 4716 1452 4786 locum
1471 4735 1640 4787 seorsum.
1674 4707 1755 4785 33Ει

284 4833 446 4904 viderunt
471 4853 535 4904 eos
562 4833 730 4904 abeuntes
758 4840 793 4902 et
819 4842 1056 4925 cogrroverunt
1087 4834 1199 4918 multi,
1233 4835 1481 4929 etpedestres
1507 4833 1614 4906 etde
1642 4833 1753 4906 omni-

284 4953 354 5024 bus
379 4953 572 5026 civitatibus
599 4963 845 5024 concorrerrmt
869 4953 949 5024 illuc
973 4961 1009 5024 et
1034 4965 1289 5047 praevenerunt
1315 4975 1389 5026 eos.
1440 4944 1467 4992 ³*
1482 4955 1525 5026 llt
1550 4955 1674 5027 exiens
1699 4955 1754 5026 vi·

286 5071 337 5144 dit
362 5073 503 5146 multam
536 5073 670 5144 arrham
702 5074 809 5144 lesus⁴
833 5082 869 5144 et
900 5073 1061 5146 miserans
1095 5083 1150 5144 est
1182 5095 1295 5168 super
1322 5097 1404 5159 eos,
1438 5075 1518 5168 quia
1544 5085 1642 5147 erant
1667 5075 1754 5146 eiciat

286 5215 374 5266 oves
402 5215 468 5264 non
494 5193 664 5266 habentes
691 5201 878 5287 pastorem,
906 5199 941 5262 ct
967 5192 1085 5287 coepit
1100 5192 1231 5265 docere
1250 5195 1327 5267 illos
1345 5195 1460 5267 multa.
1485 5185 1753 5268 ΜΞΝ·)1ᾒῑοιιιιι

876 5313 927 5397 Vl,
958 5315 1002 5383 10
1029 5351 1081 5365 -
1107 5315 1165 5386 35.
