4254 6130
661 363 902 428 uvauustluu
930 363 1134 426 SECUNDUM
1160 359 1362 424 louauusu
1688 363 1752 432 181

827 468 1139 480 ..n—n———un--n—

267 593 405 644 murrae
431 581 467 642 et
492 571 591 642 aloes
624 565 721 660 quasi
755 565 859 640 libras
894 575 1040 639 centnm.
1094 559 1121 606 ⁴⁰
1134 556 1226 614 (Μ
1258 563 1479 658 deceperunt
1510 585 1598 658 ergo
1632 590 1762 666 corpus

267 695 345 765 lesu
380 701 416 763 et
447 691 641 784 ligaverunt
673 707 753 760 enm
788 687 899 760 linteis
934 709 1011 758 curn
1047 685 1280 771 aromatibus,
1318 684 1406 757 sient
1439 707 1519 758 mos
1545 688 1682 762 ludaeis
1708 701 1764 764 est

268 812 425 906 sepelire.
479 801 502 848 Μ
520 811 603 882 Erat
629 817 747 880 antem
779 809 815 880 in
848 807 928 880 loco
956 807 1012 878 ubi
1047 805 1238 880 crucifixus
1273 817 1328 878 est
1359 805 1496 892 hortus,
1532 817 1568 882 et
1600 809 1764 885 inhorto

268 941 528 1005 monumentum
555 951 693 1015 novum,
721 929 756 1000 in
782 951 852 1022 quo
879 927 1033 1001 nondum
1061 929 1251 1022 quisquam
1279 926 1411 1022 positus
1429 939 1518 999 erat:
1562 917 1588 966 ⁴²
1604 930 1651 1002 ibi
1677 954 1763 1025 ergo

271 1063 411 1148 propter
445 1071 661 1147 parasceven
687 1047 903 1134 ludaeorum,
932 1049 1012 1142 quia
1045 1049 1145 1120 iuxta
1177 1056 1252 1119 erat
1279 1057 1546 1134 monumentum,
1575 1063 1765 1143 posuerunt

145 1197 150 1216 ·
270 1175 390 1248 lesum.

841 1390 1046 1516 ¹xrt.

345 1645 461 1700 *Μ
492 1651 565 1724 Una
592 1659 711 1724 antem
746 1649 883 1722 sabbati
908 1651 1015 1724 Maria
1041 1649 1249 1742 Magdalene
1276 1649 1368 1722 venit
1395 1671 1512 1738 mane,
1541 1675 1618 1726 cnm
1645 1653 1760 1726 adbuc

272 1775 436 1847 tenebrae
469 1781 602 1856 essent,
636 1769 683 1844 ad
709 1780 983 1858 monumentum,
1018 1781 1053 1844 et
1080 1769 1181 1842 videt
1211 1769 1360 1864 lapidem
1389 1772 1557 1846 sublatum
1585 1796 1605 1845 a
1633 1795 1759 1844 monn-

271 1903 396 1966 mento.
448 1883 579 1942 ’ΝΟΜ
594 1891 750 1964 Cucurrit
775 1913 861 1984 ergo
889 1903 925 1964 et
950 1893 1044 1964 venit
1071 1889 1118 1962 ad
1146 1889 1321 1962 Simonem
1348 1891 1485 1964 Petrum
1521 1905 1556 1966 et
1582 1894 1628 1966 ad
1655 1893 1756 1966 alium

271 2013 473 2108 discipulum
500 2033 603 2106 quem
630 2011 772 2084 amabat
797 2012 902 2097 lesus,
930 2023 965 2084 et
991 2011 1074 2084 dicit
1101 2011 1153 2081 eis
1180 2011 1340 2084 Tulernnt
1366 2011 1541 2086 dominum
1568 2015 1615 2087 de
1633 2035 1758 2085 monu-

270 2141 397 2220 mento,
425 2143 461 2204 et
485 2133 659 2204 nescimus
685 2131 745 2202 nbi
771 2141 963 2225 posuervrnt
989 2154 1081 2203 eum.
1134 2123 1253 2205 ³Exiit
1278 2153 1363 2226 ergo
1382 2133 1504 2206 Petrus
1530 2147 1565 2206 et
1590 2135 1646 2206 ille
1674 2135 1760 2208 alins

271 2253 465 2348 discipvdns,
492 2263 529 2326 et
552 2263 726 2326 venerunt
756 2252 802 2324 ad
835 2259 1115 2326 monumentum:
1167 2239 1376 2326 *currebant
1402 2268 1516 2328 autem
1543 2255 1614 2328 duo
1642 2254 1757 2326 simul:

270 2384 304 2446 et
329 2373 384 2446 ille
409 2375 494 2446 nlius
520 2374 712 2470 discipulus
745 2372 981 2466 praecucurrit
1007 2372 1107 2444 citius
1133 2373 1236 2446 Petro
1271 2385 1307 2447 et
1332 2377 1426 2447 venit
1450 2377 1582 2471 primns
1609 2375 1655 2448 ad
1671 2397 1758 2445 ‘mo-

268 2503 481 2580 numentum,
524 2487 587 2566 ⁵et
621 2517 703 2566 cnm
736 2515 776 2565 se
801 2493 1017 2577 inclinasset,
1053 2491 1151 2566 videt
1177 2495 1288 2588 posita
1314 2495 1519 2582 linteamina,
1547 2519 1617 2567 non
1643 2507 1759 2568 tamen

270 2615 424 2688 introivit
473 2605 602 2688 ⁶Venit
629 2635 719 2706 ergo
746 2615 865 2686 Simon
890 2613 1013 2684 Petrus
1047 2635 1200 2708 sequens
1227 2637 1306 2688 eum
1333 2627 1369 2688 et
1399 2617 1549 2690 introivit
1573 2617 1608 2688 in
1633 2639 1758 2690 monu-

270 2745 439 2821 mantum,
468 2737 510 2807 'st
540 2736 641 2810 videt
669 2735 865 2807 linteamina
898 2733 1027 2827 posita,
1077 2725 1145 2808 '¹et
1178 2735 1355 2810 sudarium
1387 2739 1482 2832 quod
1518 2739 1628 2808 linerat
1653 2759 1757 2832 supra

272 2866 375 2950 capnt
407 2856 481 2927 eius
513 2879 584 2929 non
619 2877 700 2926 cnm
733 2853 985 2926 linteaminibus
1010 2855 1177 2946 positum,
1205 2858 1271 2931 sed
1298 2860 1485 2953 separatim
1511 2857 1698 2929 involutum
1724 2857 1757 2926 in

272 2999 376 3048 unum
401 2977 523 3048 locum.
575 2967 701 3048 ⁸Tunc
727 2997 813 3069 ergo
839 2972 990 3044 introivit
1016 2983 1052 3044 et
1078 2977 1134 3050 ille
1160 2979 1347 3074 discipulus
1374 2981 1430 3071 qui
1458 2987 1601 3048 venerat
1626 2977 1757 3070 primus

274 3096 320 3168 ad
347 3107 620 3180 monumentum,
656 3106 693 3168 et
725 3095 811 3167 vidit
844 3103 880 3164 et
912 3091 1066 3166 credidit
1120 3091 1306 3171 ⁹Nondum
1334 3099 1424 3170 enim
1451 3097 1585 3170 sciebat
1610 3097 1756 3190 scriptu-

274 3239 359 3300 ram,
386 3217 464 3308 qnia
491 3225 670 3310 oporteret
697 3239 777 3288 eum
811 3236 832 3285 a
867 3211 1011 3284 mortuis
1038 3237 1234 3312 resurgere.
1286 3211 1312 3256 ¹⁰
1328 3217 1496 3290 Abierant
1522 3239 1607 3309 ergo
1635 3217 1755 3288 iterum

277 3335 322 3410 ad
357 3337 593 3432 semetipsos
628 3335 793 3428 discipuli.
846 3323 975 3378 ⁴¹('⁴⁴’¹·³
992 3331 1100 3408 Maria
1134 3347 1249 3412 antem
1283 3337 1395 3412 stabat
1427 3338 1473 3410 nd
1498 3345 1755 3410 monumentum

277 3455 360 3530 loris
385 3456 533 3550 plorans.
586 3457 674 3528 Dum
703 3476 790 3547 ergo
817 3453 924 3536 lieret,
952 3451 1125 3528 inclinavit
1151 3479 1190 3530 se
1224 3469 1260 3530 et
1285 3457 1466 3552 prospexit
1491 3457 1525 3528 in
1550 3477 1756 3530 monumen-

278 3585 363 3661 tum,
407 3568 434 3614 ⁴²
450 3585 486 3648 et
510 3575 597 3649 vidit
623 3574 714 3648 duos
732 3575 875 3667 angelos
901 3572 935 3644 in
961 3571 1048 3646 albis
1075 3575 1249 3665 sedentes
1277 3599 1381 3654 unum
1409 3577 1454 3650 ad
1472 3585 1575 3669 caput
1600 3589 1636 3650 ot
1653 3599 1756 3650 unum

278 3695 324 3772 ad
350 3695 470 3791 pedes,
499 3697 556 3768 nbi
582 3696 734 3790 positum
759 3695 871 3768 iuerat
896 3713 1024 3787 corpus
1050 3695 1137 3768 lesu.
1190 3689 1216 3734 ⁴³
1229 3690 1332 3744 ⁶¹²·⁴⁰·l
1345 3697 1468 3770 Dicunt
1500 3695 1532 3770 ei
1558 3695 1602 3768 illi
1627 3696 1755 3780 Mulier,

278 3817 360 3912 quid
385 3818 528 3912 ploras‘l
555 3817 644 3890 Dicit
669 3817 721 3888 eis
747 3815 828 3909 quia
854 3813 1002 3886 tulerunt
1027 3815 1204 3892 dominnm
1231 3839 1363 3902 meum,
1400 3829 1435 3890 et
1460 3816 1577 3890 nescio
1603 3816 1663 3888 ubi
1688 3837 1756 3910 po-

277 3949 419 4014 suerunt
449 3961 538 4010 eum.
590 3925 617 3974 ⁴*
633 3937 727 4010 llaec
762 3955 840 4008 cum
877 3933 1036 4020 dixisset,
1071 3958 1241 4010 conversa
1274 3947 1328 4010 est
1359 3946 1564 4022 retrorsum,
1600 3945 1635 4010 et
1661 3936 1758 4012 videt.
1798 4037 1801 4048 ¹

142 4085 150 4100 ¹
277 4059 388 4132 lesum
416 4067 580 4142 stantem,
615 4067 650 4128 et
680 4079 749 4130 non
776 4055 909 4128 sciebat
941 4055 1021 4148 quin
1047 4056 1142 4130 lasus
1169 4068 1231 4130 ast
1286 4049 1311 4093 ⁴⁵
1327 4058 1416 4130 Dicit
1447 4057 1481 4130 ei
1505 4057 1602 4130 lesus
1626 4057 1755 4143 Mulier,

278 4179 361 4272 quid
387 4179 527 4272 ploras‘l
555 4199 659 4272 quern
686 4176 847 4270 quaeds‘t
873 4175 931 4247 llla
957 4175 1160 4250 existimans
1187 4178 1267 4272 qnia
1301 4177 1501 4252 hortulanus
1527 4187 1637 4263 esset,
1674 4177 1757 4250 dicit

278 4299 310 4372 ei
335 4299 490 4385 Domine,
519 4299 602 4370 situ
627 4297 791 4370 sustulisti
808 4319 898 4381 eum,
925 4295 1031 4372 dicito
1057 4297 1138 4370 mihi
1163 4299 1222 4372 vvbi
1248 4299 1392 4392 posuisti
1410 4320 1499 4384 evam,
1527 4307 1563 4372 et
1588 4319 1656 4390 ego
1674 4319 1755 4372 eum

279 4419 406 4492 tollam.
450 4411 477 4454 ¹⁶
487 4418 575 4490 Dicit
601 4419 634 4490 ei
659 4419 754 4492 lesus
780 4415 897 4490 illaria.
942 4415 1117 4490 Conversa
1143 4419 1200 4492 illa
1227 4419 1310 4492 dicit
1334 4419 1551 4505 eillnbboni,
1579 4417 1674 4512 quod
1699 4415 1755 4492 di-

279 4539 365 4612 citnr
390 4539 563 4632 magister.
615 4530 641 4576 ¹⁷
659 4537 747 4610 Dicit
773 4536 805 4610 ai
830 4535 926 4610 lesus
951 4535 1028 4608 Noli
1054 4559 1111 4610 me
1140 4547 1297 4632 tangere:
1324 4539 1475 4612 nondum
1504 4539 1595 4612 enim
1614 4537 1753 4612 amend

278 4658 325 4734 ad
350 4667 485 4751 patrem
510 4679 642 4742 menm;
675 4658 767 4734 vada
800 4665 914 4730 autern
942 4655 988 4730 ad
1022 4657 1143 4732 tratres
1168 4681 1267 4732 meos
1301 4669 1337 4732 et
1362 4659 1418 4732 dic
1444 4659 1494 4732 eis
1520 4657 1683 4738 Ascendo
1710 4657 1756 4730 ad

277 4787 410 4872 patrem
445 4801 562 4852 meum
596 4787 632 4852 et
663 4785 798 4871 patrem
832 4785 981 4850 vestrum
1021 4786 1056 4850 et
1090 4775 1193 4852 deum
1229 4801 1342 4854 meum
1382 4791 1417 4852 et
1450 4779 1555 4852 deum
1590 4787 1754 4854 vestrum.
1831 4839 1833 4844 .

278 4890 304 4936 ⁴⁸
320 4900 419 4972 Venit
442 4899 548 4974 Maria
573 4896 776 4990 Magdalene
793 4896 996 4972 annuntians
1022 4896 1198 4994 discipulis
1216 4898 1295 4990 pria
1315 4898 1384 4970 vidi
1402 4899 1588 4986 domnum,
1616 4908 1651 4970 et
1668 4899 1756 4974 base

279 5019 366 5096 dixit
399 5021 489 5096 mibi.
542 5009 670 5064 'Um’
689 5017 772 5091 Cum
807 5027 902 5092 asset
932 5039 1018 5112 ergo
1052 5039 1133 5094 sevo
1165 5018 1222 5092 dic
1253 5019 1310 5091 illo
1345 5041 1412 5092 una
1446 5019 1686 5106 sabbatorum,
1721 5029 1766 5115 st

278 5145 371 5218 lorea
399 5152 517 5218 ossan
543 5141 681 5220 clausae
707 5139 766 5214 ubi
792 5149 890 5212 erant
915 5137 1071 5232 discipuli
1096 5147 1240 5232 propter
1266 5149 1394 5214 rnatum
1420 5141 1634 5228 ludaeorum,
1661 5141 1757 5216 venit

806 5259 889 5346 tux,
918 5258 966 5334 l0
996 5298 1041 5312 -
1069 5259 1139 5344 XX,
1172 5263 1226 5334 19.
