<?xml version="1.0" encoding="UTF-8"?>
<!DOCTYPE html PUBLIC "-//W3C//DTD XHTML 1.0 Transitional//EN"
    "http://www.w3.org/TR/xhtml1/DTD/xhtml1-transitional.dtd">
<html xmlns="http://www.w3.org/1999/xhtml" xml:lang="en" lang="en">
 <head>
  <title>
</title>
<meta http-equiv="Content-Type" content="text/html;charset=utf-8" />
  <meta name='ocr-system' content='tesseract 3.04.00' />
  <meta name='ocr-capabilities' content='ocr_page ocr_carea ocr_par ocr_line ocrx_word'/>
</head>
<body>
  <div class='ocr_page' id='page_1' title='image "./novumtestamentu02tiscgoog_0236.png"; bbox 0 0 4254 6130; ppageno 0'>
   <div class='ocr_carea' id='block_1_1' title="bbox 717 431 1755 514">
    <p class='ocr_par' dir='ltr' id='par_1_1' title="bbox 717 431 1755 514">
     <span class='ocr_line' id='line_1_1' title="bbox 717 431 1755 514; baseline 0.004 -19"><span class='ocrx_word' id='word_1_1' title='bbox 717 435 825 496; x_wconf 82' lang='lat' dir='ltr'><strong>nvnnn</strong></span> <span class='ocrx_word' id='word_1_2' title='bbox 852 431 1005 495; x_wconf 74' lang='lat' dir='ltr'><strong>toruuu</strong></span> <span class='ocrx_word' id='word_1_3' title='bbox 1030 431 1310 514; x_wconf 75' lang='lat' dir='ltr'><strong>mosrononuu</strong></span> <span class='ocrx_word' id='word_1_4' title='bbox 1684 431 1755 499; x_wconf 69' lang='lat'><strong>485</strong></span> 
     </span>
    </p>
   </div>
   <div class='ocr_carea' id='block_1_2' title="bbox 314 632 1765 5226">
    <p class='ocr_par' dir='ltr' id='par_1_2' title="bbox 337 632 1757 845">
     <span class='ocr_line' id='line_1_2' title="bbox 337 632 1757 728; baseline 0.001 -24"><span class='ocrx_word' id='word_1_5' title='bbox 337 634 445 704; x_wconf 82' lang='lat' dir='ltr'><strong>XVlll.</strong></span> <span class='ocrx_word' id='word_1_6' title='bbox 471 635 524 704; x_wconf 86' lang='lat' dir='ltr'><strong>De</strong></span> <span class='ocrx_word' id='word_1_7' title='bbox 552 632 745 724; x_wconf 91' lang='lat' dir='ltr'><strong>Stephano:</strong></span> <span class='ocrx_word' id='word_1_8' title='bbox 772 637 895 728; x_wconf 90' lang='lat' dir='ltr'><strong>plenus</strong></span> <span class='ocrx_word' id='word_1_9' title='bbox 923 637 1032 725; x_wconf 80' lang='lat' dir='ltr'><strong>gratia</strong></span> <span class='ocrx_word' id='word_1_10' title='bbox 1059 645 1094 705; x_wconf 89' lang='lat' dir='ltr'><strong>et</strong></span> <span class='ocrx_word' id='word_1_11' title='bbox 1119 635 1315 707; x_wconf 79' lang='lat' dir='ltr'><strong>tortitudine</strong></span> <span class='ocrx_word' id='word_1_12' title='bbox 1343 635 1441 726; x_wconf 80' lang='lat' dir='ltr'><strong>signa</strong></span> <span class='ocrx_word' id='word_1_13' title='bbox 1468 645 1503 704; x_wconf 89' lang='lat' dir='ltr'><strong>et</strong></span> <span class='ocrx_word' id='word_1_14' title='bbox 1521 635 1679 728; x_wconf 80' lang='lat' dir='ltr'><strong>prodigia</strong></span> <span class='ocrx_word' id='word_1_15' title='bbox 1705 637 1757 706; x_wconf 87' lang='lat' dir='ltr'><strong>la-</strong></span> 
     </span>
     <span class='ocr_line' id='line_1_3' title="bbox 473 725 1254 845; baseline 0.004 -23"><span class='ocrx_word' id='word_1_16' title='bbox 473 753 590 823; x_wconf 80' lang='lat' dir='ltr'>ciebat</span> <span class='ocrx_word' id='word_1_17' title='bbox 615 749 649 819; x_wconf 90' lang='lat' dir='ltr'><strong>in</strong></span> <span class='ocrx_word' id='word_1_18' title='bbox 675 755 815 845; x_wconf 91' lang='lat' dir='ltr'><strong>populo.</strong></span> <span class='ocrx_word' id='word_1_19' title='bbox 1244 725 1254 748; x_wconf 54' lang='lat'><em>⁶</em></span> 
     </span>
    </p>

    <p class='ocr_par' dir='ltr' id='par_1_3' title="bbox 360 869 1759 1062">
     <span class='ocr_line' id='line_1_4' title="bbox 360 869 1759 963; baseline 0.001 -23"><span class='ocrx_word' id='word_1_20' title='bbox 360 873 441 942; x_wconf 91' lang='lat' dir='ltr'><strong>XlX.</strong></span> <span class='ocrx_word' id='word_1_21' title='bbox 470 871 533 942; x_wconf 91' lang='lat' dir='ltr'><strong>Ubi</strong></span> <span class='ocrx_word' id='word_1_22' title='bbox 572 869 767 960; x_wconf 80' lang='lat' dir='ltr'><strong>Stephanus</strong></span> <span class='ocrx_word' id='word_1_23' title='bbox 799 870 977 942; x_wconf 77' lang='lat' dir='ltr'><strong>confundit</strong></span> <span class='ocrx_word' id='word_1_24' title='bbox 1011 871 1156 941; x_wconf 89' lang='lat' dir='ltr'><strong>ludaeos</strong></span> <span class='ocrx_word' id='word_1_25' title='bbox 1195 872 1398 944; x_wconf 78' lang='lat' dir='ltr'><strong>testimoniis</strong></span> <span class='ocrx_word' id='word_1_26' title='bbox 1430 873 1531 963; x_wconf 81' lang='lat' dir='ltr'><strong>legis,</strong></span> <span class='ocrx_word' id='word_1_27' title='bbox 1566 873 1609 942; x_wconf 90' lang='lat' dir='ltr'><strong>illi</strong></span> <span class='ocrx_word' id='word_1_28' title='bbox 1644 882 1759 944; x_wconf 89' lang='lat' dir='ltr'><strong>autem</strong></span> 
     </span>
     <span class='ocr_line' id='line_1_5' title="bbox 464 988 846 1062; baseline 0 -2"><span class='ocrx_word' id='word_1_29' title='bbox 464 988 668 1060; x_wconf 64' lang='lat' dir='ltr'><strong>fremebant</strong></span> <span class='ocrx_word' id='word_1_30' title='bbox 694 989 728 1059; x_wconf 93' lang='lat' dir='ltr'><strong>in</strong></span> <span class='ocrx_word' id='word_1_31' title='bbox 755 1012 846 1062; x_wconf 89' lang='lat' dir='ltr'><strong>eum.</strong></span> 
     </span>
    </p>

    <p class='ocr_par' dir='ltr' id='par_1_4' title="bbox 365 1101 1760 1415">
     <span class='ocr_line' id='line_1_6' title="bbox 375 1101 1760 1201; baseline 0 -23"><span class='ocrx_word' id='word_1_32' title='bbox 375 1109 445 1178; x_wconf 88' lang='lat' dir='ltr'><strong>XX.</strong></span> <span class='ocrx_word' id='word_1_33' title='bbox 473 1109 537 1180; x_wconf 91' lang='lat' dir='ltr'><strong>Ubi</strong></span> <span class='ocrx_word' id='word_1_34' title='bbox 563 1107 759 1199; x_wconf 83' lang='lat' dir='ltr'><strong>Stephanus</strong></span> <span class='ocrx_word' id='word_1_35' title='bbox 785 1110 939 1201; x_wconf 89' lang='lat' dir='ltr'><strong>repletus</strong></span> <span class='ocrx_word' id='word_1_36' title='bbox 968 1108 1086 1200; x_wconf 89' lang='lat' dir='ltr'><strong>spiritu</strong></span> <span class='ocrx_word' id='word_1_37' title='bbox 1114 1121 1235 1180; x_wconf 88' lang='lat' dir='ltr'><strong>sancto</strong></span> <span class='ocrx_word' id='word_1_38' title='bbox 1271 1109 1452 1180; x_wconf 90' lang='lat' dir='ltr'><strong>intendens</strong></span> <span class='ocrx_word' id='word_1_39' title='bbox 1486 1111 1519 1179; x_wconf 94' lang='lat' dir='ltr'><strong>in</strong></span> <span class='ocrx_word' id='word_1_40' title='bbox 1546 1101 1679 1181; x_wconf 89' lang='lat' dir='ltr'><strong>caeluin</strong></span> <span class='ocrx_word' id='word_1_41' title='bbox 1707 1109 1760 1180; x_wconf 89' lang='lat' dir='ltr'><strong>vi-</strong></span> 
     </span>
     <span class='ocr_line' id='line_1_7' title="bbox 476 1221 1754 1322; baseline -0.001 -25"><span class='ocrx_word' id='word_1_42' title='bbox 476 1227 525 1297; x_wconf 90' lang='lat' dir='ltr'><strong>dit</strong></span> <span class='ocrx_word' id='word_1_43' title='bbox 550 1225 696 1318; x_wconf 82' lang='lat' dir='ltr'><strong>gloriam</strong></span> <span class='ocrx_word' id='word_1_44' title='bbox 728 1226 785 1298; x_wconf 93' lang='lat' dir='ltr'><strong>dei</strong></span> <span class='ocrx_word' id='word_1_45' title='bbox 819 1237 855 1297; x_wconf 90' lang='lat' dir='ltr'><strong>et</strong></span> <span class='ocrx_word' id='word_1_46' title='bbox 880 1228 993 1297; x_wconf 88' lang='lat' dir='ltr'><strong>lesum</strong></span> <span class='ocrx_word' id='word_1_47' title='bbox 1028 1237 1174 1299; x_wconf 89' lang='lat' dir='ltr'><strong>stantem</strong></span> <span class='ocrx_word' id='word_1_48' title='bbox 1210 1251 1230 1298; x_wconf 90' lang='lat' dir='ltr'><strong>a</strong></span> <span class='ocrx_word' id='word_1_49' title='bbox 1258 1227 1392 1298; x_wconf 90' lang='lat' dir='ltr'><strong>dextris</strong></span> <span class='ocrx_word' id='word_1_50' title='bbox 1418 1221 1490 1311; x_wconf 92' lang='lat' dir='ltr'><strong>dei,</strong></span> <span class='ocrx_word' id='word_1_51' title='bbox 1519 1238 1553 1297; x_wconf 92' lang='lat' dir='ltr'><strong>et</strong></span> <span class='ocrx_word' id='word_1_52' title='bbox 1578 1229 1754 1322; x_wconf 87' lang='lat' dir='ltr'><strong>lapidave-</strong></span> 
     </span>
     <span class='ocr_line' id='line_1_8' title="bbox 365 1355 668 1415; baseline -0.007 1"><span class='ocrx_word' id='word_1_53' title='bbox 365 1390 371 1400; x_wconf 87' lang='lat'><em>-</em></span> <span class='ocrx_word' id='word_1_54' title='bbox 475 1355 553 1415; x_wconf 91' lang='lat' dir='ltr'><strong>runt</strong></span> <span class='ocrx_word' id='word_1_55' title='bbox 579 1365 668 1414; x_wconf 92' lang='lat' dir='ltr'><strong>eum.</strong></span> 
     </span>
    </p>

    <p class='ocr_par' dir='ltr' id='par_1_5' title="bbox 362 1463 1763 1676">
     <span class='ocr_line' id='line_1_9' title="bbox 362 1463 1763 1559; baseline 0.003 -27"><span class='ocrx_word' id='word_1_56' title='bbox 362 1464 446 1533; x_wconf 92' lang='lat' dir='ltr'><strong>XXl.</strong></span> <span class='ocrx_word' id='word_1_57' title='bbox 473 1465 525 1534; x_wconf 91' lang='lat' dir='ltr'><strong>De</strong></span> <span class='ocrx_word' id='word_1_58' title='bbox 568 1463 810 1556; x_wconf 87' lang='lat' dir='ltr'><strong>persecutione</strong></span> <span class='ocrx_word' id='word_1_59' title='bbox 846 1483 937 1556; x_wconf 90' lang='lat' dir='ltr'><strong>quae</strong></span> <span class='ocrx_word' id='word_1_60' title='bbox 972 1463 1060 1534; x_wconf 82' lang='lat' dir='ltr'><strong>lacta</strong></span> <span class='ocrx_word' id='word_1_61' title='bbox 1100 1477 1154 1535; x_wconf 90' lang='lat' dir='ltr'><strong>est</strong></span> <span class='ocrx_word' id='word_1_62' title='bbox 1194 1467 1226 1536; x_wconf 94' lang='lat' dir='ltr'><strong>in</strong></span> <span class='ocrx_word' id='word_1_63' title='bbox 1266 1465 1414 1534; x_wconf 89' lang='lat' dir='ltr'><strong>ecclesia</strong></span> <span class='ocrx_word' id='word_1_64' title='bbox 1446 1465 1695 1559; x_wconf 81' lang='lat' dir='ltr'><strong>Hierosolymis</strong></span> <span class='ocrx_word' id='word_1_65' title='bbox 1729 1478 1763 1536; x_wconf 87' lang='lat' dir='ltr'><strong>et</strong></span> 
     </span>
     <span class='ocr_line' id='line_1_10' title="bbox 479 1581 1606 1676; baseline 0.003 -24"><span class='ocrx_word' id='word_1_66' title='bbox 479 1583 572 1653; x_wconf 87' lang='lat' dir='ltr'><strong>Sauli</strong></span> <span class='ocrx_word' id='word_1_67' title='bbox 597 1583 855 1653; x_wconf 80' lang='lat' dir='ltr'><strong>devastatione:</strong></span> <span class='ocrx_word' id='word_1_68' title='bbox 883 1593 918 1653; x_wconf 92' lang='lat' dir='ltr'><strong>et</strong></span> <span class='ocrx_word' id='word_1_69' title='bbox 944 1582 1118 1676; x_wconf 92' lang='lat' dir='ltr'><strong>Philippus</strong></span> <span class='ocrx_word' id='word_1_70' title='bbox 1146 1586 1178 1654; x_wconf 93' lang='lat' dir='ltr'><strong>in</strong></span> <span class='ocrx_word' id='word_1_71' title='bbox 1207 1583 1364 1655; x_wconf 85' lang='lat' dir='ltr'><strong>Samaria</strong></span> <span class='ocrx_word' id='word_1_72' title='bbox 1390 1581 1606 1675; x_wconf 89' lang='lat' dir='ltr'><strong>praedicans.</strong></span> 
     </span>
    </p>

    <p class='ocr_par' dir='ltr' id='par_1_6' title="bbox 349 1701 1418 1798">
     <span class='ocr_line' id='line_1_11' title="bbox 349 1701 1418 1798; baseline -0.001 -27"><span class='ocrx_word' id='word_1_73' title='bbox 349 1701 446 1771; x_wconf 85' lang='lat' dir='ltr'>XXII.</span> <span class='ocrx_word' id='word_1_74' title='bbox 474 1703 526 1771; x_wconf 88' lang='lat' dir='ltr'><strong>Ue</strong></span> <span class='ocrx_word' id='word_1_75' title='bbox 553 1701 692 1772; x_wconf 92' lang='lat' dir='ltr'><strong>Simone</strong></span> <span class='ocrx_word' id='word_1_76' title='bbox 719 1722 834 1793; x_wconf 83' lang='lat' dir='ltr'><strong>mago,</strong></span> <span class='ocrx_word' id='word_1_77' title='bbox 864 1701 1037 1772; x_wconf 85' lang='lat' dir='ltr'><strong>seducens</strong></span> <span class='ocrx_word' id='word_1_78' title='bbox 1063 1712 1203 1798; x_wconf 79' lang='lat' dir='ltr'><strong>gentem</strong></span> <span class='ocrx_word' id='word_1_79' title='bbox 1231 1702 1418 1772; x_wconf 85' lang='lat' dir='ltr'><strong>Samariae.</strong></span> 
     </span>
    </p>

    <p class='ocr_par' dir='ltr' id='par_1_7' title="bbox 342 1819 1763 2149">
     <span class='ocr_line' id='line_1_12' title="bbox 342 1819 1763 1914; baseline 0.003 -26"><span class='ocrx_word' id='word_1_80' title='bbox 342 1819 544 1889; x_wconf 92' lang='lat' dir='ltr'><strong>XXlIl..Uhi</strong></span> <span class='ocrx_word' id='word_1_81' title='bbox 571 1820 690 1889; x_wconf 92' lang='lat' dir='ltr'><strong>Simon</strong></span> <span class='ocrx_word' id='word_1_82' title='bbox 716 1819 825 1890; x_wconf 90' lang='lat' dir='ltr'><strong>voluit</strong></span> <span class='ocrx_word' id='word_1_83' title='bbox 851 1819 938 1891; x_wconf 90' lang='lat' dir='ltr'><strong>dare</strong></span> <span class='ocrx_word' id='word_1_84' title='bbox 964 1822 1145 1912; x_wconf 91' lang='lat' dir='ltr'><strong>pecuniam</strong></span> <span class='ocrx_word' id='word_1_85' title='bbox 1174 1821 1342 1914; x_wconf 89' lang='lat' dir='ltr'><strong>apostolis</strong></span> <span class='ocrx_word' id='word_1_86' title='bbox 1368 1820 1487 1891; x_wconf 90' lang='lat' dir='ltr'><strong>dicens</strong></span> <span class='ocrx_word' id='word_1_87' title='bbox 1513 1821 1601 1890; x_wconf 87' lang='lat' dir='ltr'><strong>Date</strong></span> <span class='ocrx_word' id='word_1_88' title='bbox 1620 1831 1655 1890; x_wconf 91' lang='lat' dir='ltr'><strong>et</strong></span> <span class='ocrx_word' id='word_1_89' title='bbox 1682 1821 1763 1892; x_wconf 90' lang='lat' dir='ltr'><strong>mihi</strong></span> 
     </span>
     <span class='ocr_line' id='line_1_13' title="bbox 479 1938 1761 2032; baseline 0.003 -25"><span class='ocrx_word' id='word_1_90' title='bbox 479 1938 567 2008; x_wconf 90' lang='lat' dir='ltr'><strong>hane</strong></span> <span class='ocrx_word' id='word_1_91' title='bbox 601 1946 816 2030; x_wconf 85' lang='lat' dir='ltr'><strong>potestatem</strong></span> <span class='ocrx_word' id='word_1_92' title='bbox 848 1949 886 2010; x_wconf 89' lang='lat' dir='ltr'><strong>ut</strong></span> <span class='ocrx_word' id='word_1_93' title='bbox 923 1938 977 2009; x_wconf 93' lang='lat' dir='ltr'><strong>cui</strong></span> <span class='ocrx_word' id='word_1_94' title='bbox 1014 1940 1201 2032; x_wconf 86' lang='lat' dir='ltr'><strong>inposuere</strong></span> <span class='ocrx_word' id='word_1_95' title='bbox 1242 1959 1380 2010; x_wconf 90' lang='lat' dir='ltr'><strong>manum</strong></span> <span class='ocrx_word' id='word_1_96' title='bbox 1423 1938 1565 2030; x_wconf 89' lang='lat' dir='ltr'><strong>accipiat</strong></span> <span class='ocrx_word' id='word_1_97' title='bbox 1607 1939 1761 2032; x_wconf 84' lang='lat' dir='ltr'><strong>spiritum</strong></span> 
     </span>
     <span class='ocr_line' id='line_1_14' title="bbox 478 2041 1655 2149; baseline 0.005 -23"><span class='ocrx_word' id='word_1_98' title='bbox 478 2065 644 2140; x_wconf 89' lang='lat' dir='ltr'><strong>sanctum,</strong></span> <span class='ocrx_word' id='word_1_99' title='bbox 673 2065 708 2126; x_wconf 91' lang='lat' dir='ltr'><strong>et</strong></span> <span class='ocrx_word' id='word_1_100' title='bbox 734 2059 933 2149; x_wconf 79' lang='lat' dir='ltr'><strong>repvderunt</strong></span> <span class='ocrx_word' id='word_1_101' title='bbox 958 2079 1046 2128; x_wconf 92' lang='lat' dir='ltr'><strong>eum.</strong></span> <span class='ocrx_word' id='word_1_102' title='bbox 1650 2041 1655 2050; x_wconf 44' lang='lat'><strong><em>¹</em></strong></span> 
     </span>
    </p>

    <p class='ocr_par' dir='ltr' id='par_1_8' title="bbox 326 2175 1763 2505">
     <span class='ocr_line' id='line_1_15' title="bbox 326 2175 1763 2270; baseline 0.003 -26"><span class='ocrx_word' id='word_1_103' title='bbox 326 2175 448 2244; x_wconf 93' lang='lat' dir='ltr'><strong>XXllll.</strong></span> <span class='ocrx_word' id='word_1_104' title='bbox 476 2175 539 2244; x_wconf 91' lang='lat' dir='ltr'><strong>Ubi</strong></span> <span class='ocrx_word' id='word_1_105' title='bbox 567 2175 710 2266; x_wconf 79' lang='lat' dir='ltr'><strong>angelus</strong></span> <span class='ocrx_word' id='word_1_106' title='bbox 737 2175 867 2246; x_wconf 92' lang='lat' dir='ltr'><strong>domini</strong></span> <span class='ocrx_word' id='word_1_107' title='bbox 893 2176 1041 2268; x_wconf 91' lang='lat' dir='ltr'><strong>loquitur</strong></span> <span class='ocrx_word' id='word_1_108' title='bbox 1067 2177 1223 2270; x_wconf 88' lang='lat' dir='ltr'><strong>Philippo</strong></span> <span class='ocrx_word' id='word_1_109' title='bbox 1250 2177 1370 2248; x_wconf 89' lang='lat' dir='ltr'><strong>dicens</strong></span> <span class='ocrx_word' id='word_1_110' title='bbox 1395 2176 1505 2266; x_wconf 79' lang='lat' dir='ltr'><strong>Surge</strong></span> <span class='ocrx_word' id='word_1_111' title='bbox 1532 2175 1624 2248; x_wconf 92' lang='lat' dir='ltr'><strong>vade</strong></span> <span class='ocrx_word' id='word_1_112' title='bbox 1643 2186 1763 2248; x_wconf 90' lang='lat' dir='ltr'><strong>contra</strong></span> 
     </span>
     <span class='ocr_line' id='line_1_16' title="bbox 477 2291 1763 2388; baseline 0.003 -26"><span class='ocrx_word' id='word_1_113' title='bbox 477 2291 721 2364; x_wconf 83' lang='lat' dir='ltr'><strong>meridianum:</strong></span> <span class='ocrx_word' id='word_1_114' title='bbox 759 2303 794 2363; x_wconf 91' lang='lat' dir='ltr'><strong>et</strong></span> <span class='ocrx_word' id='word_1_115' title='bbox 827 2293 911 2364; x_wconf 91' lang='lat' dir='ltr'><strong>dum</strong></span> <span class='ocrx_word' id='word_1_116' title='bbox 947 2295 1092 2380; x_wconf 86' lang='lat' dir='ltr'><strong>abisset,</strong></span> <span class='ocrx_word' id='word_1_117' title='bbox 1127 2295 1250 2366; x_wconf 84' lang='lat' dir='ltr'><strong>obvius</strong></span> <span class='ocrx_word' id='word_1_118' title='bbox 1278 2303 1333 2365; x_wconf 91' lang='lat' dir='ltr'><strong>est</strong></span> <span class='ocrx_word' id='word_1_119' title='bbox 1358 2294 1400 2364; x_wconf 93' lang='lat' dir='ltr'><strong>illi</strong></span> <span class='ocrx_word' id='word_1_120' title='bbox 1428 2295 1568 2386; x_wconf 90' lang='lat' dir='ltr'><strong>quidam</strong></span> <span class='ocrx_word' id='word_1_121' title='bbox 1595 2293 1763 2388; x_wconf 85' lang='lat' dir='ltr'><strong>Aethiops</strong></span> 
     </span>
     <span class='ocr_line' id='line_1_17' title="bbox 479 2411 1081 2505; baseline 0.003 -25"><span class='ocrx_word' id='word_1_122' title='bbox 479 2411 665 2495; x_wconf 89' lang='lat' dir='ltr'><strong>eunuchus,</strong></span> <span class='ocrx_word' id='word_1_123' title='bbox 693 2433 796 2504; x_wconf 91' lang='lat' dir='ltr'><strong>quem</strong></span> <span class='ocrx_word' id='word_1_124' title='bbox 824 2423 859 2482; x_wconf 91' lang='lat' dir='ltr'><strong>et</strong></span> <span class='ocrx_word' id='word_1_125' title='bbox 885 2413 1081 2505; x_wconf 85' lang='lat' dir='ltr'><strong>baptizavit.</strong></span> 
     </span>
    </p>

    <p class='ocr_par' dir='ltr' id='par_1_9' title="bbox 351 2529 1765 2734">
     <span class='ocr_line' id='line_1_18' title="bbox 351 2529 1765 2625; baseline 0 -25"><span class='ocrx_word' id='word_1_126' title='bbox 351 2529 450 2600; x_wconf 87' lang='lat' dir='ltr'>XXV.</span> <span class='ocrx_word' id='word_1_127' title='bbox 478 2529 541 2602; x_wconf 92' lang='lat' dir='ltr'><strong>Ubi</strong></span> <span class='ocrx_word' id='word_1_128' title='bbox 582 2530 704 2600; x_wconf 89' lang='lat' dir='ltr'><strong>Saulus</strong></span> <span class='ocrx_word' id='word_1_129' title='bbox 739 2530 913 2623; x_wconf 84' lang='lat' dir='ltr'><strong>accipiens</strong></span> <span class='ocrx_word' id='word_1_130' title='bbox 946 2553 967 2601; x_wconf 93' lang='lat' dir='ltr'><strong>a</strong></span> <span class='ocrx_word' id='word_1_131' title='bbox 1006 2532 1161 2625; x_wconf 86' lang='lat' dir='ltr'><strong>principe</strong></span> <span class='ocrx_word' id='word_1_132' title='bbox 1198 2533 1364 2625; x_wconf 88' lang='lat' dir='ltr'><strong>epistulas</strong></span> <span class='ocrx_word' id='word_1_133' title='bbox 1399 2530 1446 2602; x_wconf 94' lang='lat' dir='ltr'><strong>ad</strong></span> <span class='ocrx_word' id='word_1_134' title='bbox 1482 2531 1691 2601; x_wconf 84' lang='lat' dir='ltr'><strong>Damascum</strong></span> <span class='ocrx_word' id='word_1_135' title='bbox 1728 2541 1765 2600; x_wconf 86' lang='lat' dir='ltr'><strong>ut</strong></span> 
     </span>
     <span class='ocr_line' id='line_1_19' title="bbox 478 2647 1762 2734; baseline 0.002 -18"><span class='ocrx_word' id='word_1_136' title='bbox 478 2648 614 2718; x_wconf 86' lang='lat' dir='ltr'><strong>vinctos</strong></span> <span class='ocrx_word' id='word_1_137' title='bbox 640 2657 775 2720; x_wconf 89' lang='lat' dir='ltr'><strong>teneret</strong></span> <span class='ocrx_word' id='word_1_138' title='bbox 800 2647 1020 2734; x_wconf 90' lang='lat' dir='ltr'><strong>Christianos,</strong></span> <span class='ocrx_word' id='word_1_139' title='bbox 1049 2659 1083 2720; x_wconf 92' lang='lat' dir='ltr'><strong>et</strong></span> <span class='ocrx_word' id='word_1_140' title='bbox 1099 2651 1158 2720; x_wconf 95' lang='lat' dir='ltr'><strong>ubi</strong></span> <span class='ocrx_word' id='word_1_141' title='bbox 1177 2649 1396 2720; x_wconf 78' lang='lat' dir='ltr'><strong>circumfulsit</strong></span> <span class='ocrx_word' id='word_1_142' title='bbox 1414 2671 1493 2721; x_wconf 90' lang='lat' dir='ltr'><strong>eum</strong></span> <span class='ocrx_word' id='word_1_143' title='bbox 1511 2650 1571 2718; x_wconf 86' lang='lat' dir='ltr'><strong>lux</strong></span> <span class='ocrx_word' id='word_1_144' title='bbox 1590 2649 1635 2720; x_wconf 93' lang='lat' dir='ltr'><strong>de</strong></span> <span class='ocrx_word' id='word_1_145' title='bbox 1654 2651 1762 2720; x_wconf 87' lang='lat' dir='ltr'><strong>caele.</strong></span> 
     </span>
    </p>

    <p class='ocr_par' dir='ltr' id='par_1_10' title="bbox 334 2765 1764 2977">
     <span class='ocr_line' id='line_1_20' title="bbox 334 2765 1764 2860; baseline 0.001 -24"><span class='ocrx_word' id='word_1_146' title='bbox 334 2767 446 2837; x_wconf 85' lang='lat' dir='ltr'><strong>XXVl.</strong></span> <span class='ocrx_word' id='word_1_147' title='bbox 475 2765 538 2837; x_wconf 91' lang='lat' dir='ltr'><strong>Ubi</strong></span> <span class='ocrx_word' id='word_1_148' title='bbox 572 2767 694 2836; x_wconf 90' lang='lat' dir='ltr'><strong>Saulus</strong></span> <span class='ocrx_word' id='word_1_149' title='bbox 728 2769 961 2840; x_wconf 78' lang='lat' dir='ltr'><strong>confundebat</strong></span> <span class='ocrx_word' id='word_1_150' title='bbox 986 2768 1132 2840; x_wconf 87' lang='lat' dir='ltr'><strong>ludaeos</strong></span> <span class='ocrx_word' id='word_1_151' title='bbox 1165 2769 1223 2860; x_wconf 89' lang='lat' dir='ltr'><strong>qui</strong></span> <span class='ocrx_word' id='word_1_152' title='bbox 1250 2767 1451 2839; x_wconf 82' lang='lat' dir='ltr'><strong>habitabant</strong></span> <span class='ocrx_word' id='word_1_153' title='bbox 1476 2769 1764 2852; x_wconf 89' lang='lat' dir='ltr'><strong>Damascum,&#39;et</strong></span> 
     </span>
     <span class='ocr_line' id='line_1_21' title="bbox 477 2884 1273 2977; baseline -0.001 -22"><span class='ocrx_word' id='word_1_154' title='bbox 477 2884 538 2955; x_wconf 91' lang='lat' dir='ltr'><strong>ubi</strong></span> <span class='ocrx_word' id='word_1_155' title='bbox 563 2885 597 2953; x_wconf 96' lang='lat' dir='ltr'><strong>in</strong></span> <span class='ocrx_word' id='word_1_156' title='bbox 624 2893 742 2977; x_wconf 84' lang='lat' dir='ltr'><strong>sporta</strong></span> <span class='ocrx_word' id='word_1_157' title='bbox 768 2906 833 2977; x_wconf 89' lang='lat' dir='ltr'><strong>per</strong></span> <span class='ocrx_word' id='word_1_158' title='bbox 857 2907 992 2958; x_wconf 86' lang='lat' dir='ltr'><strong>murum</strong></span> <span class='ocrx_word' id='word_1_159' title='bbox 1020 2887 1183 2957; x_wconf 88' lang='lat' dir='ltr'><strong>dimissus</strong></span> <span class='ocrx_word' id='word_1_160' title='bbox 1210 2895 1273 2957; x_wconf 82' lang='lat' dir='ltr'><strong>est.</strong></span> 
     </span>
    </p>

    <p class='ocr_par' dir='ltr' id='par_1_11' title="bbox 326 3001 1763 3430">
     <span class='ocr_line' id='line_1_22' title="bbox 326 3001 1763 3098; baseline 0.001 -24"><span class='ocrx_word' id='word_1_161' title='bbox 326 3003 452 3075; x_wconf 89' lang='lat' dir='ltr'><strong>XXVll.</strong></span> <span class='ocrx_word' id='word_1_162' title='bbox 481 3003 544 3074; x_wconf 94' lang='lat' dir='ltr'><strong>Ubi</strong></span> <span class='ocrx_word' id='word_1_163' title='bbox 571 3003 693 3072; x_wconf 89' lang='lat' dir='ltr'><strong>Petrus</strong></span> <span class='ocrx_word' id='word_1_164' title='bbox 718 3001 963 3095; x_wconf 89' lang='lat' dir='ltr'><strong>perambulans</strong></span> <span class='ocrx_word' id='word_1_165' title='bbox 990 3014 1130 3076; x_wconf 87' lang='lat' dir='ltr'><strong>sanctos</strong></span> <span class='ocrx_word' id='word_1_166' title='bbox 1157 3005 1216 3096; x_wconf 88' lang='lat' dir='ltr'><strong>qui</strong></span> <span class='ocrx_word' id='word_1_167' title='bbox 1243 3015 1342 3074; x_wconf 90' lang='lat' dir='ltr'><strong>erant</strong></span> <span class='ocrx_word' id='word_1_168' title='bbox 1366 3003 1510 3098; x_wconf 81' lang='lat' dir='ltr'><strong>Lyddae</strong></span> <span class='ocrx_word' id='word_1_169' title='bbox 1536 3005 1694 3094; x_wconf 87' lang='lat' dir='ltr'><strong>pervenit</strong></span> <span class='ocrx_word' id='word_1_170' title='bbox 1717 3004 1763 3075; x_wconf 93' lang='lat' dir='ltr'><strong>ad</strong></span> 
     </span>
     <span class='ocr_line' id='line_1_23' title="bbox 478 3121 1761 3216; baseline 0 -24"><span class='ocrx_word' id='word_1_171' title='bbox 478 3121 654 3192; x_wconf 92' lang='lat' dir='ltr'><strong>hominem</strong></span> <span class='ocrx_word' id='word_1_172' title='bbox 682 3122 855 3212; x_wconf 86' lang='lat' dir='ltr'><strong>quendam</strong></span> <span class='ocrx_word' id='word_1_173' title='bbox 882 3123 1021 3194; x_wconf 91' lang='lat' dir='ltr'><strong>nomine</strong></span> <span class='ocrx_word' id='word_1_174' title='bbox 1047 3121 1203 3192; x_wconf 82' lang='lat' dir='ltr'><strong>Aeneam</strong></span> <span class='ocrx_word' id='word_1_175' title='bbox 1230 3123 1455 3216; x_wconf 78' lang='lat' dir='ltr'><strong>paralyticum</strong></span> <span class='ocrx_word' id='word_1_176' title='bbox 1484 3121 1528 3190; x_wconf 90' lang='lat' dir='ltr'><strong>ab</strong></span> <span class='ocrx_word' id='word_1_177' title='bbox 1556 3121 1653 3191; x_wconf 91' lang='lat' dir='ltr'><strong>annis</strong></span> <span class='ocrx_word' id='word_1_178' title='bbox 1672 3131 1761 3204; x_wconf 90' lang='lat' dir='ltr'><strong>octo,</strong></span> 
     </span>
     <span class='ocr_line' id='line_1_24' title="bbox 480 3237 1761 3332; baseline -0.002 -21"><span class='ocrx_word' id='word_1_179' title='bbox 480 3261 584 3332; x_wconf 88' lang='lat' dir='ltr'><strong>quem</strong></span> <span class='ocrx_word' id='word_1_180' title='bbox 618 3247 652 3309; x_wconf 92' lang='lat' dir='ltr'><strong>et</strong></span> <span class='ocrx_word' id='word_1_181' title='bbox 687 3240 819 3309; x_wconf 89' lang='lat' dir='ltr'><strong>sanavit</strong></span> <span class='ocrx_word' id='word_1_182' title='bbox 852 3249 886 3309; x_wconf 88' lang='lat' dir='ltr'><strong>et</strong></span> <span class='ocrx_word' id='word_1_183' title='bbox 918 3240 951 3309; x_wconf 92' lang='lat' dir='ltr'><strong>in</strong></span> <span class='ocrx_word' id='word_1_184' title='bbox 984 3241 1092 3331; x_wconf 91' lang='lat' dir='ltr'><strong>loppe</strong></span> <span class='ocrx_word' id='word_1_185' title='bbox 1125 3239 1303 3310; x_wconf 90' lang='lat' dir='ltr'><strong>mulierem</strong></span> <span class='ocrx_word' id='word_1_186' title='bbox 1337 3238 1475 3310; x_wconf 90' lang='lat' dir='ltr'><strong>nornine</strong></span> <span class='ocrx_word' id='word_1_187' title='bbox 1509 3237 1672 3310; x_wconf 85' lang='lat' dir='ltr'><strong>Thabitas</strong></span> <span class='ocrx_word' id='word_1_188' title='bbox 1705 3261 1761 3309; x_wconf 88' lang='lat' dir='ltr'><strong>re-</strong></span> 
     </span>
     <span class='ocr_line' id='line_1_25' title="bbox 479 3359 663 3430; baseline -0.033 0"><span class='ocrx_word' id='word_1_189' title='bbox 479 3359 663 3430; x_wconf 87' lang='lat' dir='ltr'><strong>suscitavit.</strong></span> 
     </span>
    </p>

    <p class='ocr_par' dir='ltr' id='par_1_12' title="bbox 314 3472 1763 3805">
     <span class='ocr_line' id='line_1_26' title="bbox 314 3472 1761 3566; baseline -0.005 -17"><span class='ocrx_word' id='word_1_190' title='bbox 314 3478 451 3549; x_wconf 92' lang='lat' dir='ltr'><strong>XXVlll.</strong></span> <span class='ocrx_word' id='word_1_191' title='bbox 479 3479 531 3548; x_wconf 89' lang='lat' dir='ltr'><strong>De</strong></span> <span class='ocrx_word' id='word_1_192' title='bbox 559 3475 717 3547; x_wconf 87' lang='lat' dir='ltr'><strong>Cornelio</strong></span> <span class='ocrx_word' id='word_1_193' title='bbox 745 3475 946 3545; x_wconf 92' lang='lat' dir='ltr'><strong>centurione</strong></span> <span class='ocrx_word' id='word_1_194' title='bbox 974 3476 1031 3566; x_wconf 91' lang='lat' dir='ltr'><strong>qui</strong></span> <span class='ocrx_word' id='word_1_195' title='bbox 1059 3475 1238 3546; x_wconf 91' lang='lat' dir='ltr'><strong>habitabat</strong></span> <span class='ocrx_word' id='word_1_196' title='bbox 1265 3477 1487 3556; x_wconf 84' lang='lat' dir='ltr'><strong>Caesaream,</strong></span> <span class='ocrx_word' id='word_1_197' title='bbox 1516 3473 1574 3564; x_wconf 92' lang='lat' dir='ltr'><strong>qui</strong></span> <span class='ocrx_word' id='word_1_198' title='bbox 1601 3472 1761 3544; x_wconf 89' lang='lat' dir='ltr'><strong>admoni-</strong></span> 
     </span>
     <span class='ocr_line' id='line_1_27' title="bbox 479 3591 1763 3685; baseline -0.004 -20"><span class='ocrx_word' id='word_1_199' title='bbox 479 3606 533 3666; x_wconf 91' lang='lat' dir='ltr'><strong>tus</strong></span> <span class='ocrx_word' id='word_1_200' title='bbox 561 3596 605 3664; x_wconf 90' lang='lat' dir='ltr'><strong>ab</strong></span> <span class='ocrx_word' id='word_1_201' title='bbox 633 3594 757 3685; x_wconf 80' lang='lat' dir='ltr'><strong>angelo</strong></span> <span class='ocrx_word' id='word_1_202' title='bbox 785 3593 965 3664; x_wconf 88' lang='lat' dir='ltr'><strong>accersivit</strong></span> <span class='ocrx_word' id='word_1_203' title='bbox 991 3591 1037 3662; x_wconf 90' lang='lat' dir='ltr'><strong>ad</strong></span> <span class='ocrx_word' id='word_1_204' title='bbox 1064 3614 1104 3664; x_wconf 87' lang='lat' dir='ltr'><strong>se</strong></span> <span class='ocrx_word' id='word_1_205' title='bbox 1130 3593 1268 3664; x_wconf 89' lang='lat' dir='ltr'><strong>Petrum</strong></span> <span class='ocrx_word' id='word_1_206' title='bbox 1297 3604 1332 3664; x_wconf 92' lang='lat' dir='ltr'><strong>ut</strong></span> <span class='ocrx_word' id='word_1_207' title='bbox 1358 3614 1437 3662; x_wconf 90' lang='lat' dir='ltr'><strong>eum</strong></span> <span class='ocrx_word' id='word_1_208' title='bbox 1464 3591 1619 3676; x_wconf 89' lang='lat' dir='ltr'><strong>doceret,</strong></span> <span class='ocrx_word' id='word_1_209' title='bbox 1646 3601 1681 3660; x_wconf 90' lang='lat' dir='ltr'><strong>et</strong></span> <span class='ocrx_word' id='word_1_210' title='bbox 1704 3593 1763 3662; x_wconf 90' lang='lat' dir='ltr'><strong>ubi</strong></span> 
     </span>
     <span class='ocr_line' id='line_1_28' title="bbox 480 3697 1761 3805; baseline -0.002 -22"><span class='ocrx_word' id='word_1_211' title='bbox 480 3713 564 3783; x_wconf 91' lang='lat' dir='ltr'><strong>dum</strong></span> <span class='ocrx_word' id='word_1_212' title='bbox 597 3697 674 3783; x_wconf 88' lang='lat' dir='ltr'><strong>crat</strong></span> <span class='ocrx_word' id='word_1_213' title='bbox 708 3711 829 3790; x_wconf 89' lang='lat' dir='ltr'><strong>Petrus</strong></span> <span class='ocrx_word' id='word_1_214' title='bbox 859 3709 945 3782; x_wconf 89' lang='lat' dir='ltr'><strong>vidit</strong></span> <span class='ocrx_word' id='word_1_215' title='bbox 976 3714 1110 3782; x_wconf 92' lang='lat' dir='ltr'><strong>eaelum</strong></span> <span class='ocrx_word' id='word_1_216' title='bbox 1145 3722 1302 3805; x_wconf 86' lang='lat' dir='ltr'><strong>apertum</strong></span> <span class='ocrx_word' id='word_1_217' title='bbox 1335 3720 1370 3780; x_wconf 91' lang='lat' dir='ltr'><strong>et</strong></span> <span class='ocrx_word' id='word_1_218' title='bbox 1400 3731 1464 3781; x_wconf 89' lang='lat' dir='ltr'><strong>vas</strong></span> <span class='ocrx_word' id='word_1_219' title='bbox 1491 3709 1669 3800; x_wconf 90' lang='lat' dir='ltr'><strong>quoddam</strong></span> <span class='ocrx_word' id='word_1_220' title='bbox 1697 3709 1761 3782; x_wconf 92' lang='lat' dir='ltr'><strong>de-</strong></span> 
     </span>
    </p>

    <p class='ocr_par' dir='ltr' id='par_1_13' title="bbox 346 3821 1684 3935">
     <span class='ocr_line' id='line_1_29' title="bbox 346 3821 1684 3935; baseline -0.004 -32"><span class='ocrx_word' id='word_1_221' title='bbox 346 3821 354 3843; x_wconf 61' lang='lat'><em>*</em></span> <span class='ocrx_word' id='word_1_222' title='bbox 390 3919 397 3935; x_wconf 42' lang='lat'><strong>·</strong></span> <span class='ocrx_word' id='word_1_223' title='bbox 479 3830 651 3902; x_wconf 88' lang='lat' dir='ltr'><strong>scendens</strong></span> <span class='ocrx_word' id='word_1_224' title='bbox 679 3830 724 3901; x_wconf 86' lang='lat' dir='ltr'><strong>ad</strong></span> <span class='ocrx_word' id='word_1_225' title='bbox 751 3840 887 3914; x_wconf 89' lang='lat' dir='ltr'><strong>terram,</strong></span> <span class='ocrx_word' id='word_1_226' title='bbox 915 3831 948 3900; x_wconf 91' lang='lat' dir='ltr'><strong>in</strong></span> <span class='ocrx_word' id='word_1_227' title='bbox 975 3851 1045 3922; x_wconf 88' lang='lat' dir='ltr'><strong>quo</strong></span> <span class='ocrx_word' id='word_1_228' title='bbox 1072 3841 1171 3902; x_wconf 91' lang='lat' dir='ltr'><strong>erant</strong></span> <span class='ocrx_word' id='word_1_229' title='bbox 1197 3827 1438 3922; x_wconf 86' lang='lat' dir='ltr'><strong>quadrupedia</strong></span> <span class='ocrx_word' id='word_1_230' title='bbox 1465 3836 1500 3897; x_wconf 90' lang='lat' dir='ltr'><strong>et</strong></span> <span class='ocrx_word' id='word_1_231' title='bbox 1525 3827 1684 3900; x_wconf 91' lang='lat' dir='ltr'><strong>volatilia.</strong></span> 
     </span>
    </p>

    <p class='ocr_par' dir='ltr' id='par_1_14' title="bbox 335 3947 1762 4376">
     <span class='ocr_line' id='line_1_30' title="bbox 335 3947 1761 4042; baseline -0.003 -21"><span class='ocrx_word' id='word_1_232' title='bbox 335 3951 450 4021; x_wconf 84' lang='lat' dir='ltr'><strong>XXIX.</strong></span> <span class='ocrx_word' id='word_1_233' title='bbox 479 3949 542 4020; x_wconf 90' lang='lat' dir='ltr'><strong>Ubi</strong></span> <span class='ocrx_word' id='word_1_234' title='bbox 569 3949 745 4020; x_wconf 89' lang='lat' dir='ltr'><strong>Cornelius</strong></span> <span class='ocrx_word' id='word_1_235' title='bbox 773 3969 958 4019; x_wconf 88' lang='lat' dir='ltr'><strong>occurrens</strong></span> <span class='ocrx_word' id='word_1_236' title='bbox 979 3949 1083 4020; x_wconf 91' lang='lat' dir='ltr'><strong>Petro</strong></span> <span class='ocrx_word' id='word_1_237' title='bbox 1109 3949 1306 4042; x_wconf 89' lang='lat' dir='ltr'><strong>procedens</strong></span> <span class='ocrx_word' id='word_1_238' title='bbox 1333 3947 1492 4019; x_wconf 89' lang='lat' dir='ltr'><strong>adoravit</strong></span> <span class='ocrx_word' id='word_1_239' title='bbox 1510 3967 1599 4030; x_wconf 91' lang='lat' dir='ltr'><strong>eum,</strong></span> <span class='ocrx_word' id='word_1_240' title='bbox 1627 3957 1662 4016; x_wconf 91' lang='lat' dir='ltr'><strong>et</strong></span> <span class='ocrx_word' id='word_1_241' title='bbox 1688 3947 1761 4018; x_wconf 91' lang='lat' dir='ltr'><strong>ele-</strong></span> 
     </span>
     <span class='ocr_line' id='line_1_31' title="bbox 479 4065 1762 4158; baseline -0.004 -19"><span class='ocrx_word' id='word_1_242' title='bbox 479 4069 574 4139; x_wconf 91' lang='lat' dir='ltr'><strong>vavit</strong></span> <span class='ocrx_word' id='word_1_243' title='bbox 599 4089 678 4138; x_wconf 89' lang='lat' dir='ltr'><strong>eum</strong></span> <span class='ocrx_word' id='word_1_244' title='bbox 706 4067 828 4138; x_wconf 89' lang='lat' dir='ltr'><strong>Petrus</strong></span> <span class='ocrx_word' id='word_1_245' title='bbox 855 4067 901 4136; x_wconf 91' lang='lat' dir='ltr'><strong>de</strong></span> <span class='ocrx_word' id='word_1_246' title='bbox 928 4077 1036 4138; x_wconf 85' lang='lat' dir='ltr'><strong>terre:</strong></span> <span class='ocrx_word' id='word_1_247' title='bbox 1064 4068 1287 4158; x_wconf 82' lang='lat' dir='ltr'><strong>interrogavit</strong></span> <span class='ocrx_word' id='word_1_248' title='bbox 1313 4089 1392 4137; x_wconf 92' lang='lat' dir='ltr'><strong>eum</strong></span> <span class='ocrx_word' id='word_1_249' title='bbox 1419 4065 1465 4135; x_wconf 93' lang='lat' dir='ltr'><strong>ob</strong></span> <span class='ocrx_word' id='word_1_250' title='bbox 1492 4085 1596 4156; x_wconf 91' lang='lat' dir='ltr'><strong>quam</strong></span> <span class='ocrx_word' id='word_1_251' title='bbox 1622 4087 1762 4136; x_wconf 88' lang='lat' dir='ltr'><strong>eausam</strong></span> 
     </span>
     <span class='ocr_line' id='line_1_32' title="bbox 480 4183 1761 4274; baseline -0.003 -18"><span class='ocrx_word' id='word_1_252' title='bbox 480 4187 611 4257; x_wconf 89' lang='lat' dir='ltr'><strong>miserit</strong></span> <span class='ocrx_word' id='word_1_253' title='bbox 642 4185 810 4269; x_wconf 84' lang='lat' dir='ltr'><strong>adeum,</strong></span> <span class='ocrx_word' id='word_1_254' title='bbox 846 4195 881 4254; x_wconf 91' lang='lat' dir='ltr'><strong>et</strong></span> <span class='ocrx_word' id='word_1_255' title='bbox 907 4185 1069 4256; x_wconf 89' lang='lat' dir='ltr'><strong>indicavit</strong></span> <span class='ocrx_word' id='word_1_256' title='bbox 1094 4184 1271 4255; x_wconf 89' lang='lat' dir='ltr'><strong>Cornelius</strong></span> <span class='ocrx_word' id='word_1_257' title='bbox 1307 4184 1422 4254; x_wconf 93' lang='lat' dir='ltr'><strong>omnia</strong></span> <span class='ocrx_word' id='word_1_258' title='bbox 1449 4203 1538 4274; x_wconf 90' lang='lat' dir='ltr'><strong>quae</strong></span> <span class='ocrx_word' id='word_1_259' title='bbox 1566 4183 1610 4252; x_wconf 90' lang='lat' dir='ltr'><strong>ab</strong></span> <span class='ocrx_word' id='word_1_260' title='bbox 1637 4183 1761 4274; x_wconf 81' lang='lat' dir='ltr'><strong>angelo</strong></span> 
     </span>
     <span class='ocr_line' id='line_1_33' title="bbox 481 4305 801 4376; baseline -0.013 0"><span class='ocrx_word' id='word_1_261' title='bbox 481 4306 512 4376; x_wconf 90' lang='lat' dir='ltr'><strong>ei</strong></span> <span class='ocrx_word' id='word_1_262' title='bbox 539 4308 673 4375; x_wconf 89' lang='lat' dir='ltr'><strong>lucrant</strong></span> <span class='ocrx_word' id='word_1_263' title='bbox 699 4305 801 4376; x_wconf 91' lang='lat' dir='ltr'><strong>dicta.</strong></span> 
     </span>
    </p>

    <p class='ocr_par' dir='ltr' id='par_1_15' title="bbox 350 4417 1761 4632">
     <span class='ocr_line' id='line_1_34' title="bbox 350 4417 1761 4515; baseline -0.006 -21"><span class='ocrx_word' id='word_1_264' title='bbox 350 4423 452 4494; x_wconf 91' lang='lat' dir='ltr'><strong>XXX.</strong></span> <span class='ocrx_word' id='word_1_265' title='bbox 481 4425 544 4494; x_wconf 94' lang='lat' dir='ltr'><strong>Ubi</strong></span> <span class='ocrx_word' id='word_1_266' title='bbox 579 4427 699 4494; x_wconf 90' lang='lat' dir='ltr'><strong>Petrus</strong></span> <span class='ocrx_word' id='word_1_267' title='bbox 733 4424 893 4515; x_wconf 92' lang='lat' dir='ltr'><strong>aperiens</strong></span> <span class='ocrx_word' id='word_1_268' title='bbox 928 4443 969 4492; x_wconf 90' lang='lat' dir='ltr'><strong>os</strong></span> <span class='ocrx_word' id='word_1_269' title='bbox 1004 4445 1103 4493; x_wconf 90' lang='lat' dir='ltr'><strong>suum</strong></span> <span class='ocrx_word' id='word_1_270' title='bbox 1138 4422 1256 4493; x_wconf 91' lang='lat' dir='ltr'><strong>docuit</strong></span> <span class='ocrx_word' id='word_1_271' title='bbox 1292 4441 1370 4491; x_wconf 89' lang='lat' dir='ltr'><strong>eum</strong></span> <span class='ocrx_word' id='word_1_272' title='bbox 1407 4419 1522 4490; x_wconf 88' lang='lat' dir='ltr'><strong>omnia</strong></span> <span class='ocrx_word' id='word_1_273' title='bbox 1556 4419 1602 4488; x_wconf 88' lang='lat' dir='ltr'><strong>de</strong></span> <span class='ocrx_word' id='word_1_274' title='bbox 1628 4417 1761 4486; x_wconf 87' lang='lat' dir='ltr'><strong>Christo</strong></span> 
     </span>
     <span class='ocr_line' id='line_1_35' title="bbox 478 4541 1016 4632; baseline -0.006 -19"><span class='ocrx_word' id='word_1_275' title='bbox 478 4543 557 4613; x_wconf 90' lang='lat' dir='ltr'><strong>lesu</strong></span> <span class='ocrx_word' id='word_1_276' title='bbox 583 4553 618 4613; x_wconf 85' lang='lat' dir='ltr'><strong>et</strong></span> <span class='ocrx_word' id='word_1_277' title='bbox 644 4542 827 4613; x_wconf 88' lang='lat' dir='ltr'><strong>vocatione</strong></span> <span class='ocrx_word' id='word_1_278' title='bbox 854 4541 1016 4632; x_wconf 84' lang='lat' dir='ltr'><strong>gentium.</strong></span> 
     </span>
    </p>

    <p class='ocr_par' dir='ltr' id='par_1_16' title="bbox 335 4652 1761 4871">
     <span class='ocr_line' id='line_1_36' title="bbox 335 4652 1761 4752; baseline -0.008 -20"><span class='ocrx_word' id='word_1_279' title='bbox 335 4661 448 4732; x_wconf 94' lang='lat' dir='ltr'><strong>XXXl.</strong></span> <span class='ocrx_word' id='word_1_280' title='bbox 477 4661 540 4731; x_wconf 91' lang='lat' dir='ltr'><strong>Ubi</strong></span> <span class='ocrx_word' id='word_1_281' title='bbox 568 4660 749 4732; x_wconf 90' lang='lat' dir='ltr'><strong>audierunt</strong></span> <span class='ocrx_word' id='word_1_282' title='bbox 775 4661 923 4752; x_wconf 90' lang='lat' dir='ltr'><strong>apostoli</strong></span> <span class='ocrx_word' id='word_1_283' title='bbox 950 4659 1046 4751; x_wconf 89' lang='lat' dir='ltr'><strong>quod</strong></span> <span class='ocrx_word' id='word_1_284' title='bbox 1073 4669 1108 4728; x_wconf 92' lang='lat' dir='ltr'><strong>et</strong></span> <span class='ocrx_word' id='word_1_285' title='bbox 1134 4666 1257 4748; x_wconf 80' lang='lat' dir='ltr'><strong>gentes</strong></span> <span class='ocrx_word' id='word_1_286' title='bbox 1283 4663 1491 4749; x_wconf 90' lang='lat' dir='ltr'><strong>receperunt</strong></span> <span class='ocrx_word' id='word_1_287' title='bbox 1523 4655 1667 4724; x_wconf 91' lang='lat' dir='ltr'><strong>verbum</strong></span> <span class='ocrx_word' id='word_1_288' title='bbox 1696 4652 1761 4736; x_wconf 91' lang='lat' dir='ltr'><strong>dei,</strong></span> 
     </span>
     <span class='ocr_line' id='line_1_37' title="bbox 480 4771 1633 4871; baseline -0.009 -21"><span class='ocrx_word' id='word_1_289' title='bbox 480 4791 515 4850; x_wconf 91' lang='lat' dir='ltr'><strong>et</strong></span> <span class='ocrx_word' id='word_1_290' title='bbox 541 4779 662 4850; x_wconf 87' lang='lat' dir='ltr'><strong>Petrus</strong></span> <span class='ocrx_word' id='word_1_291' title='bbox 690 4779 854 4871; x_wconf 85' lang='lat' dir='ltr'><strong>exposuit</strong></span> <span class='ocrx_word' id='word_1_292' title='bbox 880 4778 943 4848; x_wconf 91' lang='lat' dir='ltr'><strong>illis</strong></span> <span class='ocrx_word' id='word_1_293' title='bbox 970 4778 1137 4848; x_wconf 86' lang='lat' dir='ltr'><strong>visionem</strong></span> <span class='ocrx_word' id='word_1_294' title='bbox 1166 4776 1261 4866; x_wconf 92' lang='lat' dir='ltr'><strong>quod</strong></span> <span class='ocrx_word' id='word_1_295' title='bbox 1286 4774 1422 4846; x_wconf 90' lang='lat' dir='ltr'><strong>viderat</strong></span> <span class='ocrx_word' id='word_1_296' title='bbox 1448 4772 1494 4842; x_wconf 93' lang='lat' dir='ltr'><strong>de</strong></span> <span class='ocrx_word' id='word_1_297' title='bbox 1519 4771 1633 4841; x_wconf 89' lang='lat' dir='ltr'><strong>linteo.</strong></span> 
     </span>
    </p>

    <p class='ocr_par' dir='ltr' id='par_1_17' title="bbox 318 4890 1763 5226">
     <span class='ocr_line' id='line_1_38' title="bbox 318 4890 1763 4988; baseline -0.008 -20"><span class='ocrx_word' id='word_1_298' title='bbox 318 4899 446 4968; x_wconf 89' lang='lat' dir='ltr'><strong>XXXll.</strong></span> <span class='ocrx_word' id='word_1_299' title='bbox 475 4897 539 4968; x_wconf 93' lang='lat' dir='ltr'><strong>Ubi</strong></span> <span class='ocrx_word' id='word_1_300' title='bbox 578 4906 747 4968; x_wconf 91' lang='lat' dir='ltr'><strong>venerunt</strong></span> <span class='ocrx_word' id='word_1_301' title='bbox 781 4895 974 4988; x_wconf 88' lang='lat' dir='ltr'><strong>prophetae</strong></span> <span class='ocrx_word' id='word_1_302' title='bbox 1009 4897 1054 4966; x_wconf 93' lang='lat' dir='ltr'><strong>ab</strong></span> <span class='ocrx_word' id='word_1_303' title='bbox 1089 4893 1336 4985; x_wconf 85' lang='lat' dir='ltr'><strong>Hierosolymis</strong></span> <span class='ocrx_word' id='word_1_304' title='bbox 1368 4890 1584 4961; x_wconf 84' lang='lat' dir='ltr'><strong>Anthiociam</strong></span> <span class='ocrx_word' id='word_1_305' title='bbox 1618 4900 1654 4958; x_wconf 91' lang='lat' dir='ltr'><strong>et</strong></span> <span class='ocrx_word' id='word_1_306' title='bbox 1685 4911 1763 4958; x_wconf 90' lang='lat' dir='ltr'><strong>sur-</strong></span> 
     </span>
     <span class='ocr_line' id='line_1_39' title="bbox 479 5007 1763 5105; baseline -0.009 -20"><span class='ocrx_word' id='word_1_307' title='bbox 479 5016 569 5086; x_wconf 80' lang='lat' dir='ltr'><strong>rexit</strong></span> <span class='ocrx_word' id='word_1_308' title='bbox 594 5037 682 5086; x_wconf 86' lang='lat' dir='ltr'><strong>unus</strong></span> <span class='ocrx_word' id='word_1_309' title='bbox 709 5015 833 5086; x_wconf 86' lang='lat' dir='ltr'><strong>exeis</strong></span> <span class='ocrx_word' id='word_1_310' title='bbox 860 5014 999 5084; x_wconf 89' lang='lat' dir='ltr'><strong>nomine</strong></span> <span class='ocrx_word' id='word_1_311' title='bbox 1025 5014 1168 5105; x_wconf 82' lang='lat' dir='ltr'><strong>Agabus</strong></span> <span class='ocrx_word' id='word_1_312' title='bbox 1203 5020 1238 5081; x_wconf 88' lang='lat' dir='ltr'><strong>et</strong></span> <span class='ocrx_word' id='word_1_313' title='bbox 1272 5009 1487 5102; x_wconf 77' lang='lat' dir='ltr'><strong>significabat</strong></span> <span class='ocrx_word' id='word_1_314' title='bbox 1520 5029 1582 5101; x_wconf 90' lang='lat' dir='ltr'><strong>per</strong></span> <span class='ocrx_word' id='word_1_315' title='bbox 1609 5007 1763 5099; x_wconf 90' lang='lat' dir='ltr'><strong>spiritum</strong></span> 
     </span>
     <span class='ocr_line' id='line_1_40' title="bbox 480 5125 1763 5226; baseline -0.009 -22"><span class='ocrx_word' id='word_1_316' title='bbox 480 5137 606 5206; x_wconf 81' lang='lat' dir='ltr'><strong>famem</strong></span> <span class='ocrx_word' id='word_1_317' title='bbox 633 5155 795 5226; x_wconf 80' lang='lat' dir='ltr'><strong>magnam</strong></span> <span class='ocrx_word' id='word_1_318' title='bbox 822 5135 987 5208; x_wconf 80' lang='lat' dir='ltr'><strong>futuram:</strong></span> <span class='ocrx_word' id='word_1_319' title='bbox 1014 5143 1049 5203; x_wconf 91' lang='lat' dir='ltr'><strong>et</strong></span> <span class='ocrx_word' id='word_1_320' title='bbox 1074 5129 1235 5201; x_wconf 87' lang='lat' dir='ltr'><strong>Herodes</strong></span> <span class='ocrx_word' id='word_1_321' title='bbox 1262 5151 1327 5199; x_wconf 85' lang='lat' dir='ltr'><strong>rex</strong></span> <span class='ocrx_word' id='word_1_322' title='bbox 1354 5127 1479 5199; x_wconf 90' lang='lat' dir='ltr'><strong>occidit</strong></span> <span class='ocrx_word' id='word_1_323' title='bbox 1504 5125 1666 5198; x_wconf 90' lang='lat' dir='ltr'><strong>lacobum</strong></span> <span class='ocrx_word' id='word_1_324' title='bbox 1694 5127 1763 5195; x_wconf 83' lang='lat' dir='ltr'><strong>lra-</strong></span> 
     </span>
    </p>
   </div>
   <div class='ocr_carea' id='block_1_3' title="bbox 482 5249 1455 5436">
    <p class='ocr_par' dir='ltr' id='par_1_18' title="bbox 482 5249 1455 5436">
     <span class='ocr_line' id='line_1_41' title="bbox 482 5249 1405 5343; baseline -0.007 -19"><span class='ocrx_word' id='word_1_325' title='bbox 482 5264 568 5324; x_wconf 93' lang='lat' dir='ltr'><strong>trem</strong></span> <span class='ocrx_word' id='word_1_326' title='bbox 595 5253 763 5336; x_wconf 91' lang='lat' dir='ltr'><strong>lobannis,</strong></span> <span class='ocrx_word' id='word_1_327' title='bbox 792 5263 826 5323; x_wconf 90' lang='lat' dir='ltr'><strong>et</strong></span> <span class='ocrx_word' id='word_1_328' title='bbox 853 5251 992 5322; x_wconf 89' lang='lat' dir='ltr'><strong>Petrum</strong></span> <span class='ocrx_word' id='word_1_329' title='bbox 1019 5250 1132 5343; x_wconf 92' lang='lat' dir='ltr'><strong>posuit</strong></span> <span class='ocrx_word' id='word_1_330' title='bbox 1159 5249 1192 5319; x_wconf 91' lang='lat' dir='ltr'><strong>iu</strong></span> <span class='ocrx_word' id='word_1_331' title='bbox 1220 5269 1405 5320; x_wconf 90' lang='lat' dir='ltr'><strong>carcerem.</strong></span> 
     </span>
     <span class='ocr_line' id='line_1_42' title="bbox 1409 5366 1455 5436; baseline -0.022 0"><span class='ocrx_word' id='word_1_332' title='bbox 1409 5366 1455 5436; x_wconf 75' lang='lat' dir='ltr'><strong>al</strong></span> 
     </span>
    </p>
   </div>
   <div class='ocr_carea' id='block_1_4' title="bbox 0 0 2132 6130">
    <p class='ocr_par' dir='ltr' id='par_1_19' title="bbox 0 0 2132 6130">
     <span class='ocr_line' id='line_1_43' title="bbox 0 0 2132 6130; baseline 0 0"><span class='ocrx_word' id='word_1_333' title='bbox 0 0 2132 6130; x_wconf 95' lang='lat' dir='ltr'><strong> </strong></span> 
     </span>
    </p>
   </div>
  </div>
 </body>
</html>
