4242 6118
652 413 903 478 evaseserunt
932 414 1140 476 SECUNDUM
1167 415 1326 482 naucum
1701 418 1751 498 87

247 621 412 696 sacerdos
443 617 677 712 interrogabat
711 637 791 687 eum
826 629 867 686 et
904 617 990 688 dicit
1023 639 1056 687 er
1090 619 1143 688 Tu
1177 641 1217 690 es
1243 622 1406 712 Christus,
1434 625 1523 698 lilius
1550 629 1750 702 benedicti?

245 732 374 788 ‘limi’
392 741 486 813 lesus
511 748 624 812 autem
651 734 738 808 dixit
764 735 811 804 illi
839 735 927 826 Ego
955 757 1051 806 sum:
1080 747 1116 808 et
1141 739 1305 814 videbitis
1323 743 1427 818 lilium
1454 748 1603 820 hominis
1621 771 1641 822 a
1660 751 1751 822 dex-

247 862 306 933 tris
333 860 511 934 sedentem
535 857 667 932 virtutis
693 864 729 926 et
753 852 969 926 venientem
1000 859 1083 926 'curn
1115 858 1266 934 nubibus
1299 866 1393 936 caeli.
1446 858 1473 906 ⁶³
1486 860 1576 916 (Μ)
1592 871 1753 944 Summos

251 989 364 1050 autern
391 980 556 1052 sacerdos
582 975 742 1051 scindens
768 967 994 1046 vestimenta
1021 996 1085 1045 sua
1111 975 1157 1046 ait
1205 971 1290 1032 (Μ)
1313 985 1403 1070 Quid
1429 987 1545 1060 adbuc
1569 989 1751 1062 desidera-

251 1121 327 1170 mus
353 1103 485 1172 testes?
535 1091 562 1138 θ*
578 1095 731 1170 Audistis
762 1089 1049 1183 blasphemiam:
1083 1095 1166 1186 quid
1201 1101 1302 1172 vobis
1336 1105 1499 1178 ridetur?
1535 1110 1602 1194 Qui
1630 1131 1753 1184 omues

252 1219 568 1292 condemnaverunt
601 1241 682 1290 eum
715 1235 795 1288 esse
829 1231 938 1286 reum
971 1215 1102 1286 mortis.
1155 1207 1245 1262 Μ’
1259 1212 1288 1266 'l
1307 1223 1350 1294 Et
1381 1238 1577 1320 coeperunt
1609 1229 1751 1321 quidam

253 1361 446 1434 conspuere
473 1363 552 1412 eum
579 1349 615 1410 et
641 1339 756 1412 velare
782 1335 913 1410 laciem
941 1337 1017 1410 eius
1043 1345 1079 1407 et
1105 1337 1259 1431 colaphis
1286 1363 1365 1416 eum
1391 1346 1545 1418 caedere
1573 1357 1609 1418 et
1631 1349 1750 1422 dicere

253 1461 285 1532 ei
310 1460 529 1554 Prophetizu:
564 1469 599 1531 et
630 1459 769 1530 ministri
803 1458 915 1553 alapis
947 1479 1028 1530 eurn
1064 1456 1268 1552 caedebant.
1321 1453 1520 1536 “istm-’Et
1548 1482 1752 1544 comesset

253 1581 373 1652 Petrus
408 1583 441 1652 in
477 1580 563 1652 atrio
598 1579 778 1664 deorsum,
813 1577 911 1650 veuit
937 1599 1005 1650 una
1033 1599 1078 1648 ex
1107 1578 1235 1651 ancillis
1262 1583 1387 1654 summi
1413 1585 1624 1670 sacerdotis,
1666 1579 1693 1624 ⁶⁷
1714 1602 1749 1662 et

253 1723 331 1772 curn
357 1701 502 1773 vidisset
527 1701 666 1772 Petrum
692 1699 948 1770 calefacientem
976 1719 1026 1783 se,
1054 1698 1226 1791 aspicieus
1251 1701 1344 1772 illum
1371 1703 1417 1773 ait
1435 1700 1478 1774 Et
1507 1714 1543 1774 tu
1563 1726 1643 1776 cum
1669 1709 1747 1782 lesu

253 1821 432 1893 Nazareuo
468 1843 556 1892 eras.
607 1810 692 1889 68Αῑ
722 1819 777 1889 ille
811 1820 951 1911 negavit
985 1818 1105 1889 dicens
1139 1820 1261 1914 Neque
1293 1823 1366 1893 scio
1400 1844 1518 1915 neque
1551 1825 1636 1894 novi
1663 1831 1746 1920 quid

256 1941 361 2028 dicas.
398 1932 487 1990 “llll
507 1941 550 2013 Et
576 1939 659 2010 exiit
685 1937 776 2008 loras
802 1947 880 2008 ante
907 1937 1039 2043 atrium,
1067 1947 1102 2010 et
1127 1941 1238 2031 gallus
1264 1942 1421 2013 cantavit.
1474 1934 1650 2015 ⁰⁹llursus
1681 1967 1745 2018 au-

256 2069 326 2132 tern
353 2081 430 2132 cum
456 2059 600 2132 vidisset
624 2059 716 2128 illum
743 2058 872 2143 ancilla,
900 2058 1015 2151 coepit
1040 2057 1156 2130 dicere
1182 2061 1480 2132 circumstantibus
1508 2063 1594 2154 quic
1620 2061 1675 2135 hic
1697 2090 1743 2150 ex

255 2181 318 2252 illis
344 2191 406 2252 est
457 2174 544 2250 τοΑι
568 2179 624 2250 ille
650 2179 772 2248 itemm
797 2176 946 2268 negavit.
990 2175 1032 2246 Et
1063 2189 1145 2270 post
1176 2181 1335 2274 pusillum
1368 2203 1488 2251 rursus
1525 2182 1588 2274 qui
1624 2184 1742 2260 adsta-

255 2301 338 2372 bent
363 2299 524 2372 dicebant
549 2299 651 2370 Petro
677 2299 767 2368 Vere
793 2318 839 2368 ex
865 2295 927 2368 illis
953 2317 1013 2367 es:
1039 2319 1119 2368 narn
1146 2309 1182 2370 et
1208 2300 1377 2371 Galilaeus
1404 2322 1452 2370 es.
1492 2293 1517 2336 ⁷¹
1537 2301 1598 2374 llle
1626 2315 1740 2382 eutem

257 2420 371 2514 coepit
397 2418 685 2491 anathematizare
711 2427 747 2490 et
771 2418 884 2488 iurare
910 2417 988 2508 quia
1015 2419 1133 2490 nescio
1161 2419 1334 2490 hominem
1360 2420 1462 2492 istum
1489 2442 1600 2512 quem
1618 2424 1737 2500 dicitis.

255 2533 336 2612 ”Et
360 2541 474 2612 statim
499 2539 621 2610 iterum
648 2539 757 2630 gellus
790 2535 951 2608 cantavit:
1001 2529 1090 2583 (Μ)
1105 2549 1140 2610 et
1171 2539 1374 2612 recordatus
1408 2548 1462 2610 est
1487 2539 1614 2614 Petrus
1639 2548 1737 2620 verbi

255 2661 351 2754 quod
377 2659 513 2732 dixerat
537 2659 570 2730 ci
594 2661 688 2730 lesus
714 2658 811 2730 Prius
837 2677 941 2751 quarn
966 2657 1076 2748 gallus
1102 2667 1215 2730 cantet
1239 2658 1309 2742 bis,
1342 2668 1395 2730 ter
1428 2679 1485 2730 me
1512 2665 1675 2755 negabis:
1703 2679 1737 2740 et

258 2779 374 2874 coepit
398 2779 491 2850 llere.
1333 2781 1339 2789 '
1729 2805 1732 2816 ·

958 2983 1027 3054 XV.

331 3130 446 3188 'W'
460 3136 503 3207 Et
528 3136 705 3208 confestim
731 3159 833 3210 mane
860 3137 1037 3208 consilium
1069 3136 1233 3209 iacientes
1265 3138 1389 3208 summi
1421 3142 1624 3216 sacerdotes
1655 3167 1733 3218 cum

256 3259 448 3332 senioribus
482 3265 518 3328 et
550 3256 671 3328 scribis
703 3266 738 3328 et
768 3257 929 3328 universo
964 3257 1122 3341 concilio,
1166 3246 1254 3301 (Μ’)
1268 3257 1453 3330 vincientes
1479 3260 1594 3336 lesum
1619 3263 1733 3334 duxe-

256 3387 333 3450 runt
358 3388 394 3448 et
419 3375 632 3448 tradiderunt
657 3375 775 3450 Pilato.
824 3367 943 3425 '⁰⁰⁰4'
964 3376 1006 3447 Et
1030 3375 1253 3466 interrogavit
1279 3397 1358 3448 eum
1384 3376 1509 3448 Pilutus
1535 3384 1585 3454 Tu
1612 3405 1651 3453 cs
1668 3404 1732 3456 rex

256 3498 487 3574 ludaeorum?
521 3493 567 3566 At
598 3496 654 3568 ille
686 3497 903 3591 respondens
935 3495 981 3566 ait
1012 3496 1058 3566 illi
1092 3495 1143 3565 Tu
1175 3493 1269 3566 dicis.
1321 3485 1435 3544 ”ml
1448 3497 1491 3570 Et
1525 3503 1733 3576 accusabant

258 3639 337 3690 curn
371 3616 495 3688 summi
528 3615 732 3688 sacerdotes
763 3616 797 3686 iu
835 3615 956 3686 multis.
1008 3608 1164 3687 *Pilatus
1196 3624 1311 3686 autem
1344 3637 1479 3687 rursum
1510 3619 1733 3714 interrogavit

259 3759 338 3810 eum
364 3738 483 3810 diceus
508 3735 587 3808 Nou
611 3733 795 3831 respondis
820 3735 1026 3828 quicquam?
1052 3735 1133 3808 vide
1158 3735 1192 3804 in
1209 3735 1344 3828 quantis
1362 3745 1396 3806 te
1414 3753 1586 3814 accusant.
1611 3735 1733 3816 ⁵lesus

258 3869 373 3930 autem
399 3856 545 3951 amplios
571 3857 653 3928 nihil
679 3855 864 3950 respondit,
891 3856 938 3926 ita
963 3866 1000 3928 ut
1025 3859 1205 3928 miraretur
1231 3847 1386 3928 Pilatus'
1417 3849 1533 3908 ΜΨ)
1547 3861 1613 3934 Per
1638 3863 1732 3936 diem

259 3989 374 4052 autern
399 3979 523 4050 festum
551 3975 722 4048 dimittere
747 3975 883 4048 solebat
908 3976 972 4048 illis
998 4001 1103 4050 unum
1130 3997 1176 4048 err
1202 3977 1324 4050 vinctis
1351 3999 1604 4074 quemcumque
1622 3985 1732 4076 petis-

259 4109 343 4194 sent.
395 4084 510 4142 m‘l
523 4095 605 4166 Erat
630 4105 744 4166 autern
771 4096 828 4188 qui
855 4097 1033 4170 dicebatur
1057 4097 1243 4184 Barabbes,
1270 4099 1328 4192 qui
1355 4121 1433 4170 cum
1459 4100 1633 4174 seditiosis
1657 4115 1733 4176 erat

260 4221 401 4304 vinctus,
429 4216 487 4310 qui
514 4215 548 4286 iu
573 4216 743 4290 seditione
768 4217 897 4288 lecerat
922 4217 1152 4292 homicidium.
1195 4208 1263 4288 ”Et
1288 4239 1366 4290 curn
1390 4221 1605 4294 escendisset
1621 4224 1731 4308 turba,

260 4341 375 4434 coepit
400 4345 532 4430 rogare
552 4336 639 4407 sicut
663 4356 803 4429 semper
827 4337 975 4410 faciebat
1006 4339 1079 4408 illis.
1130 4331 1288 4410 ⁹Pilatus
1321 4349 1435 4411 autern
1468 4342 1647 4434 respondit
1680 4344 1733 4415 eis

260 4469 297 4531 et
321 4459 408 4534 dixit
432 4456 539 4528 Vultis
565 4456 732 4530 dimittam
756 4456 859 4528 vobis
886 4479 1005 4552 regem
1031 4458 1260 4532 ludaeorum?
1312 4450 1338 4497 ⁴⁰
1354 4459 1493 4532 Sciebat
1518 4462 1608 4534 euim
1629 4463 1732 4556 'quod

260 4603 324 4674 por
350 4578 512 4652 iuvidiam
540 4575 759 4648 tradidissent
793 4597 872 4648 cum
898 4579 1020 4650 summi
1053 4578 1263 4650 sacerdotes.
1315 4569 1338 4614 ⁴¹
1352 4569 1444 4628 lm)
1459 4581 1640 4654 Pontifices
1667 4603 1730 4654 au·-

140 4701 145 4712 '
261 4709 329 4772 tem
357 4699 612 4772 concitaverunt
637 4697 772 4768 turbam
800 4706 835 4766 ut
861 4699 972 4792 magis
997 4697 1179 4770 Barabbau
1205 4697 1391 4774 dimitteret
1416 4700 1476 4771 eis.
1528 4693 1655 4748 'ml’
1672 4703 1732 4774 Pi-

260 4819 348 4892 latus
384 4829 498 4892 autem
532 4819 655 4890 iterum
688 4816 905 4910 respondens
939 4819 985 4890 ait
1022 4819 1085 4890 illis
1119 4817 1209 4902 Quid
1243 4839 1330 4910 ergo
1363 4819 1463 4890 vultis
1496 4821 1618 4894 facicm
1656 4824 1731 4916 regi

261 4938 493 5012 ludaeorum?
536 4929 564 4974 ¹³
577 4937 622 5008 At
647 4937 694 5008 illi
719 4937 841 5008 iterum
855 4939 1101 5010 clamaverunt
1127 4937 1294 5030 Crucifige
1319 4956 1415 5010 eum:
1457 4929 1620 5014 “Pilatus
1644 4965 1731 5016 vero

261 5057 400 5132 dicebat
425 5059 476 5130 eis
503 5057 594 5144 Quid
619 5057 709 5129 enim
735 5058 815 5128 meli
832 5059 934 5130 fecit?
961 5059 1006 5130 nt
1030 5059 1075 5128 illi
1100 5058 1210 5150 magis
1235 5058 1428 5130 clamabant
1450 5059 1617 5154 Crucifige
1640 5085 1729 5136 cum.

260 5169 389 5228 'ml'
407 5177 533 5250 Pilatus
560 5185 674 5250 autern
701 5178 822 5250 volens
847 5181 978 5272 populo
1006 5178 1202 5250 satisfecere
1228 5177 1355 5252 dimisit
1380 5177 1443 5250 illis
1468 5179 1668 5265 Berebban,
1694 5193 1753 5253 et·

788 5298 871 5383 XlV,
899 5301 946 5372 62
977 5337 1021 5350 -
1049 5299 1117 5382 XV,
1147 5300 1204 5370 lb.
