4220 6124
711 323 915 417 ¹rcrusuua
940 323 994 390 lo
1021 323 1245 391 oomurmos
1270 325 1290 386 ι.

986 563 1036 633 Ν.

345 763 419 820 '‘¹‘'
435 774 492 846 Sic
520 795 587 847 nos
622 773 798 846 existimet
832 772 939 843 bomo
973 777 1011 840 ιιι
1049 767 1225 840 ministros
1257 767 1379 840 Christi
1417 777 1452 839 et
1489 767 1751 868 dispensatores

271 895 512 990 mysteriorum
539 893 606 966 dei.
658 885 747 964 'llic
772 893 841 964 iam
868 889 1044 984 quaeritur
1071 887 1161 960 inter
1186 886 1447 983 dispensatores
1473 897 1510 960 ut
1535 887 1645 962 fidelis
1672 891 1750 984 quis

270 1016 466 1088 inveniatur.
517 1004 627 1085 3Μίιιί
653 1011 770 1085 autem
796 1034 862 1106 pro
889 1009 1028 1081 minimo
1056 1017 1174 1080 estut
1199 1008 1348 1082 avobis
1373 1007 1504 1080 iudicer
1530 1020 1590 1082 aut
1612 999 1660 1083 'ab
1684 1011 1750 1082 bu-

271 1159 374 1208 mano
401 1135 475 1208 dic:
502 1133 567 1205 sed
592 1154 708 1226 neque
734 1153 803 1224 ego
829 1153 886 1202 me
912 1131 1024 1224 ipsum
1051 1127 1184 1200 iudico:
1228 1118 1339 1200 *nihil
1365 1129 1456 1200 euim
1483 1129 1565 1202 mihi
1591 1131 1751 1204 conscius

271 1279 356 1343 sum,
370 1255 448 1328 sed
482 1274 551 1326 non
581 1255 616 1324 iu
643 1253 711 1324 hoc
737 1250 938 1324 iustificatos
969 1270 1064 1320 sum:
1098 1250 1156 1342 qui
1187 1259 1303 1321 autem
1335 1248 1465 1322 iudicat
1495 1271 1560 1337 me,
1588 1251 1750 1324 dominus

270 1389 334 1449 est.
383 1369 527 1468 ⁶ltaque
552 1375 657 1446 nolite
683 1381 763 1444 ante
787 1381 924 1465 tempus
941 1368 1120 1454 iudicare,
1155 1369 1273 1464 quoad
1298 1389 1410 1462 usque
1435 1371 1552 1442 veniat
1576 1371 1748 1458 domiuus,

271 1499 328 1591 qui
365 1507 401 1569 et
434 1493 643 1568 inluminabit
675 1491 879 1565 abscondita
918 1491 1139 1562 tenebrarum
1169 1499 1206 1562 et
1238 1487 1468 1562 manifestavit
1501 1492 1641 1564 masilia
1666 1514 1748 1565 cor-

270 1619 382 1690 dium:
410 1627 445 1688 et
470 1625 550 1687 tuuc
570 1615 647 1686 laus
673 1614 738 1684 erit
754 1613 975 1706 uuicuiquea
1000 1611 1080 1684 deo.
1122 1600 1302 1682 6(ΠἯιιιιο
1320 1619 1447 1694 autem,
1473 1610 1606 1698 fratres,
1633 1622 1748 1686 trans-

270 1737 415 1830 figuravi
440 1737 473 1806 iu
500 1757 557 1806 me
582 1744 617 1805 et
642 1731 767 1828 Apollo
793 1741 936 1827 propter
952 1753 1027 1818 vos,
1054 1741 1091 1804 ut
1116 1731 1150 1802 io
1174 1728 1441 1803 nobis'discatis
1458 1751 1503 1800 oe
1520 1751 1626 1827 supra
1643 1755 1747 1826 quam

272 1859 434 1953 scriptum
469 1866 524 1928 est
555 1875 643 1926 unus
677 1853 846 1926 adversus
879 1845 1024 1925 olerum
1056 1852 1190 1924 infletur
1219 1871 1285 1945 pro
1320 1849 1397 1921 alio.
1448 1841 1560 1935 ''Quis
1593 1854 1685 1924 euim
1712 1864 1747 1925 te

271 1977 455 2050 discernit?
491 1974 582 2062 Quid
615 1983 731 2046 autem
764 1973 875 2046 habes
911 1971 1006 2066 quod
1039 1993 1109 2044 non
1140 1971 1329 2066 accepisti?
1360 1970 1397 2040 Si
1432 1977 1546 2042 autem
1572 1972 1746 2067 accepisti,

271 2098 354 2192 quid
381 2095 537 2190 gloriaris
563 2095 661 2188 quasi
686 2117 757 2166 non
782 2093 976 2189 acciperie‘.l
1018 2083 1288 2172 ⁸1nmsaturati
1304 2089 1397 2174 estis,
1424 2089 1492 2161 inm
1519 2089 1644 2163 divites
1668 2091 1748 2166 lacti

271 2218 372 2303 estis,
406 2217 480 2288 sine
513 2194 614 2288 nobis
653 2214 839 2308 regnastis:
872 2223 908 2286 et
940 2213 1070 2286 utinam
1106 2211 1313 2306 regnaretis,
1344 2217 1382 2282 ut
1412 2219 1448 2282 et
1471 2233 1537 2284 nos
1563 2213 1745 2284 vobiscum

269 2359 505 2430 regnaremus.
556 2325 636 2382 ⁹⁰⁸)
655 2335 742 2407 Puto
772 2336 879 2420 euim,
909 2355 975 2406 nos
998 2332 1095 2422 ‚deus
1126 2332 1338 2405 novissimos
1373 2333 1550 2426 apostolos
1586 2330 1745 2416 ostendit,

269 2467 444 2558 tamquam
471 2455 573 2528 morti
599 2455 801 2541 destinatos,
829 2455 910 2549 quin
943 2453 1178 2549 spectaculum
1210 2451 1289 2524 lacti
1319 2473 1439 2524 sumus
1465 2435 1595 2524 mundo
1621 2460 1657 2523 et
1681 2470 1770 2524 ana

269 2578 357 2670 galis
384 2587 420 2648 et
444 2576 648 2648 hominibus.
699 2567 726 2614 ⁴⁰
742 2577 816 2648 Nos
831 2574 933 2648 stulti
956 2581 1101 2669 propter
1125 2573 1304 2657 Christum,
1330 2594 1396 2646 vos
1423 2583 1539 2647 autem
1556 2573 1746 2668 prudentes

270 2699 304 2769 in
330 2697 479 2783 Christo;
506 2718 572 2768 nos
596 2694 728 2782 infirmi,
754 2719 821 2770 vos
847 2705 963 2768 autem
989 2695 1114 2780 lortcs3
1141 2716 1205 2766 vos
1231 2692 1381 2780 nobiles,
1407 2715 1474 2767 uos
1500 2704 1616 2766 autem
1642 2693 1744 2787 igno·

269 2818 366 2888 biles.
418 2809 441 2854 ¹⁴
461 2817 578 2910 Usque
612 2817 647 2886 io
673 2816 763 2888 hauc
789 2839 886 2889 oram
920 2825 956 2886 et
980 2815 1151 2888 esurimus
1178 2824 1213 2886 et
1237 2813 1369 2886 sitimus
1395 2825 1431 2888 et
1455 2813 1538 2886 nudi
1564 2835 1684 2886 sumus
1709 2823 1745 2884 et

269 2937 424 3032 colaphis
451 2932 625 3010 'cedimur
657 2945 693 3007 et
718 2937 895 3008 instabiles
922 2957 1043 3009 sumus
1092 2927 1171 3006 1ὀι
1195 2934 1393 3006 laboramus
1420 2943 1606 3029 operantes
1632 2933 1743 3006 maui-

268 3057 334 3127 bns
360 3057 495 3142 nostris,
521 3056 757 3129 maledicimur
789 3065 826 3128 et
857 3055 1110 3140 benedicimus,
1144 3055 1423 3150 persecutionem
1448 3054 1596 3150 patimur
1621 3062 1656 3124 ct
1681 3076 1743 3124 su-

269 3176 447 3261 stinemus,
491 3171 808 3270 ¹³blasphcmamur
841 3185 877 3248 et
910 3177 1150 3261 obsocramus,
1183 3154 1360 3269 tamquam
1391 3183 1617 3270 purgamenta
1642 3173 1743 3245 huius

269 3295 388 3368 mundi
413 3297 493 3366 sacti
519 3317 652 3382 sumus,
680 3296 833 3368 omnium
865 3297 1053 3391 peripsima
1079 3317 1190 3389 usque
1216 3296 1339 3368 adhuc.
1391 3285 1417 3334 ⁴⁸
1433 3295 1511 3366 Nou
1535 3303 1573 3366 ut
1598 3293 1741 3364 conlim-

268 3416 349 3489 dam
375 3435 450 3500 vos,
476 3416 565 3488 haec
590 3415 721 3500 scribo,
753 3415 819 3488 sed
851 3426 888 3487 ut
918 3417 1006 3489 filios
1032 3436 1133 3488 meos
1165 3413 1363 3488 carissimos
1390 3435 1527 3488 moneo.
1553 3401 1640 3459 '⁵¹¹⁰'
1654 3413 1741 3484 Nom

268 3538 297 3608 si
323 3535 447 3608 decem
481 3537 573 3609 milia
607 3531 892 3631 ‘pedagogorum
925 3537 1090 3610 habeatis
1108 3535 1143 3606 in
1168 3534 1313 3620 Christo,
1339 3535 1499 3608 sednon
1524 3533 1650 3604 multos
1675 3554 1740 3628 pa-

266 3667 355 3728 tres:
381 3677 462 3728 uam
488 3656 521 3727 in
536 3655 682 3728 ‘Christo
706 3659 785 3729 lesu
809 3677 873 3752 per
898 3657 1117 3752 evangelium
1143 3677 1211 3749 ego
1238 3675 1302 3726 vos
1327 3655 1438 3748 geum
1490 3644 1517 3691 ⁴⁶
1531 3653 1631 3746 Rogo
1657 3675 1741 3746 ergo

248 3769 340 3862 'vos,
367 3777 555 3848 imitatores
581 3777 649 3848 mei
675 3786 798 3850 estote.
841 3769 963 3852 ¹lldeo
980 3778 1057 3851 misi
1083 3775 1219 3849 advos
1246 3775 1473 3859 Timotheum,
1500 3773 1556 3866 qui
1583 3783 1638 3846 est
1653 3773 1740 3846 lilius

265 3919 364 3977 meus
383 3896 588 3968 carissimus
613 3905 649 3968 et
673 3896 786 3970 fidelis
810 3899 845 3970 in
871 3897 1029 3986 domiuo;
1057 3897 1207 3992 quivos
1231 3894 1617 3968 commonefacientes
1642 3915 1740 3968 meos

265 4039 355 4110 quae
381 4021 460 4089 suut
484 4018 519 4088 iu
545 4016 695 4102 Christo,
729 4018 1036 4114 nonuunquam
1062 4017 1155 4092 omni
1181 4015 1329 4088 eeclesia
1355 4014 1479 4088 doceo.
1529 4004 1621 4064 ¹⁸⁹⁰)
1634 4016 1739 4090 Tam-

265 4159 368 4230 quam
394 4158 464 4208 nou
488 4147 652 4210 ventmus
679 4139 743 4210 sim
770 4138 915 4227 advos,
943 4141 994 4214 sic
1010 4140 1113 4213 inflati
1132 4115 1384 4230 suntqoidam':
1427 4127 1607 4209 ⁴litaniam
1625 4145 1740 4209 autem

265 4257 406 4330 citoad
438 4277 518 4342 vos,
553 4257 582 4329 si
615 4257 776 4331 domiuus
793 4261 968 4347 uoluerit,
1003 4271 1038 4333 et
1063 4279 1274 4351 cognoscam
1299 4277 1369 4330 noo
1396 4277 1593 4328 sermonem
1619 4277 1741 4330 eorum

266 4378 324 4470 qui
350 4377 453 4448 inflati
479 4387 558 4472 suut
588 4379 654 4452 sed
685 4379 858 4452 muntem:
901 4371 928 4418 ²⁰
943 4401 1014 4452 non
1046 4381 1137 4452 enim
1169 4381 1204 4452 in
1229 4397 1393 4450 sermone
1427 4385 1481 4448 est
1510 4397 1656 4470 reguum
1682 4374 1740 4448 dei

265 4497 330 4570 sed
354 4497 403 4568 in.
422 4497 556 4570 virtute.
607 4491 631 4538 ²¹
648 4498 738 4585 Quid
768 4499 895 4572 vualtis‘?
927 4501 961 4572 in
987 4503 1084 4594 virga
1110 4499 1246 4572 veniam
1273 4497 1427 4582 advos,
1455 4495 1572 4570 autin
1598 4494 1738 4568 caritate

264 4629 300 4690 et
324 4618 441 4713 spiritu
467 4618 760 4690 mausuetudinis?
1434 4598 1436 4606 ’

982 4827 1020 4901 V.

339 4968 413 5024 “⁸¹²
434 4979 580 5052 Omnino
606 4979 742 5052 auditur
766 4979 855 5050 inter
880 4999 957 5051 vos.
972 4977 1158 5062 fornicatio,
1185 4985 1221 5048 et
1246 4975 1516 5050 talislomioatio
1534 4978 1656 5072 quales
1673 4998 1739 5050 uec

236 5089 352 5215 vinter
377 5109 508 5192 gentes,
535 5099 583 5172 ita
607 5109 645 5172 ut
670 5119 818 5172 uxorem
844 5099 952 5194 patris
977 5097 1097 5192 aliquis
1122 5097 1258 5171 habeat
1308 5087 1381 5168 'ht
1407 5115 1473 5200 vos
1506 5096 1612 5170 inflati
1645 5096 1739 5182 estis,

423 5215 427 5226 ’
847 5219 899 5306 lv,
930 5223 943 5290 l
981 5257 1026 5274 -
1053 5219 1092 5307 V,
1119 5221 1153 5294 2.

1364 5335 1442 5410 dl*
