4242 6118
283 351 288 364 ¹
384 384 432 458 86
648 481 649 486 ,
791 387 1033 451 avanuauuu
1059 385 1260 449 saoconna
1286 383 1442 450 unaocu

383 593 446 664 illis
473 589 591 662 Tristis
606 589 671 662 'est
700 589 813 660 anima
846 592 925 662 mea
956 612 1067 683 usque
1099 590 1145 662 ad
1175 599 1341 662 mortem:
1375 590 1540 662 sustinete
1572 589 1628 660 bic
1652 598 1689 682 ct
1712 589 1860 680 vigilate.
1991 582 1996 592 '

382 705 410 750 ³⁵
423 704 512 758 “Ml
530 711 579 782 Et'
598 731 676 780 cum
703 711 932 803 processisset
964 710 1153 804 paululum,
1180 710 1329 804 procidit
1354 731 1460 804 super
1492 717 1636 793 terram
1672 719 1708 780 et
1739 709 1863 780 orabat

384 843 421 903 ut
446 832 476 902 ai
501 830 575 902 lieri
601 839 725 922 posset
756 829 916 902 transiret
948 831 993 902 ab
1027 851 1071 901 eo
1108 830 1210 914 bora,
1253 821 1281 868 ³⁸
1297 837 1333 902 et
1363 827 1451 900 dixit
1482 827 1584 899 Abba
1610 838 1719 922 pater,
1746 829 1861 902 omnia

385 953 447 1022 tibi
470 949 649 1045 possibilia
682 958 777 1032 sunt,
810 950 956 1020 transfer
982 951 1124 1022 calicem
1159 951 1250 1022 bunc
1284 970 1304 1018 a
1336 968 1411 1017 me:
1462 939 1638 1020 <trel->0041
1668 971 1739 1022 non
1765 949 1860 1041 quod

384 1093 453 1164 ago
479 1071 559 1144 volo
578 1069 651 1140 'sed
683 1068 778 1161 quod
810 1079 855 1140 tu.
908 1061 1094 1141 31“’Ἧ·’“)Εῑ
1125 1070 1219 1142 venit
1253 1078 1289 1139 et
1319 1067 1447 1138 invenit
1481 1087 1545 1138 eos
1571 1067 1800 1153 dormientes,
1826 1079 1861 1140 et

384 1192 431 1264 ait
456 1191 557 1262 Petro
598 1189 725 1274 Simon,
744 1189 902 1262 dormis?
928 1211 999 1260 non
1024 1191 1163 1284 potuisti
1187 1209 1256 1260 una
1283 1188 1369 1258 bora
1394 1186 1562 1279 vigilare?
1614 1179 1642 1226 ³⁸
1658 1189 1800 1282 Vigilate
1826 1191 1861 1260 et

384 1321 482 1382 orate
507 1319 639 1382 utnon
664 1310 795 1382 intretis
821 1311 856 1380 in
881 1310 1130 1384 temtationem:
1157 1297 1244 1356 (mli
1258 1305 1396 1401 spiritus
1422 1307 1561 1400 quidem
1585 1317 1750 1402 promtus,
1777 1329 1859 1382 caro

383 1453 469 1502 vero
495 1429 637 1502 infirma.
689 1421 717 1466 ³⁹
729 1421 818 1478 Μ)
831 1431 874 1500 Et
898 1429 1020 1500 iterum
1047 1429 1166 1500 abiens
1193 1428 1304 1500 oravit
1329 1427 1478 1500 eundem
1506 1435 1702 1500 sennonem
1730 1427 1858 1500 dicens.

382 1539 408 1588 ⁴⁰
425 1553 467 1622 Et
492 1571 656 1622 reversus
688 1549 803 1622 denuo
837 1548 963 1622 invenit
998 1570 1061 1620 eos
1093 1548 1317 1633 dormiantos;
1354 1557 1452 1620 erant
1485 1547 1575 1618 enim
1610 1549 1699 1620 oculi
1725 1549 1858 1620 illorum

383 1672 533 1763 gravati,
568 1680 603 1741 et
634 1670 840 1762 ignorabant
871 1667 954 1761 quid
986 1668 1239 1762 responderent
1270 1669 1312 1740 ei.
1364 1657 1490 1714 ΗΜ)
1507 1669 1550 1740 Et
1579 1669 1673 1740 venit
1697 1669 1799 1740 tertio
1824 1679 1860 1742 et

383 1792 430 1864 ait
458 1791 522 1862 illis
539 1789 708 1862 'Dormite
740 1790 809 1860 iam
843 1797 878 1860 et
910 1788 1131 1880 requiescite:
1163 1789 1300 1862 sufficit:
1336 1789 1428 1860 venit
1460 1788 1562 1858 hora:
1600 1809 1685 1870 ecce
1719 1789 1860 1860 traditur

382 1911 469 1982 lilius
502 1909 648 1980 hominis
679 1909 714 1980 in
745 1931 866 1980 manus
898 1917 1129 2002 peccatorum.
1181 1899 1370 2002 ‘'Surgitc,
1417 1929 1552 1980 eamus:
1593 1931 1677 1980 ecco
1710 1908 1767 2002 qui
1803 1930 1859 1980 rno

383 2029 485 2102 tradit
516 2016 628 2124 prope
661 2039 723 2100 est.
774 2018 800 2066 *³
813 2021 901 2077 (ΜΛ)
914 2029 957 2100 Et
989 2029 1104 2100 adbuc
1134 2051 1179 2100 co
1212 2031 1375 2122 loquente
1407 2029 1500 2102 verrit
1539 2025 1667 2102 iudas'
1693 2051 1781 2102 unus
1813 2052 1860 2100 ex

383 2151 578 2235 duodecim,
606 2160 641 2220 et
666 2171 745 2221 cum
770 2149 827 2220 illo
853 2150 953 2222 turba
980 2151 1086 2221 multa
1117 2171 1195 2220 cum
1230 2150 1351 2243 gladiis
1383 2161 1419 2221 et
1444 2149 1558 2242 lignis,
1585 2173 1606 2222 a
1633 2151 1774 2222 summis
1800 2171 1859 2222 sa·

384 2271 583 2344 cerdotibus
609 2278 645 2342 et
670 2290 691 2340 a
723 2268 845 2342 scribis
871 2279 906 2341 et
932 2291 952 2340 a
986 2269 1190 2342 senioribus.
1241 2260 1372 2318 ΝΜ
1385 2271 1539 2344 Dederat
1572 2279 1687 2343 autem
1717 2271 1860 2343 traditor

383 2393 458 2464 eius
492 2391 626 2484 signnm
661 2389 710 2460 eis
743 2389 862 2460 dicens
895 2391 1152 2482 Quemcumque
1187 2391 1361 2462 osculatus
1392 2393 1506 2476 fuero,
1540 2391 1616 2484 ipse
1642 2401 1712 2462 ectr
1744 2399 1859 2462 tenete

244 2577 250 2582 .
385 2535 474 2597 eum,
501 2523 537 2582 et
562 2518 662 2582 cante
688 2509 812 2582 ducite.
864 2500 944 2582 “Et
970 2533 1048 2582 cum
1074 2509 1240 2595 venisset,
1276 2511 1388 2582 statim
1423 2512 1596 2584 accedens
1628 2511 1675 2584 ad
1707 2533 1787 2582 eum
1813 2510 1860 2582 ait

383 2633 503 2716 Rabbi,
531 2641 566 2702 et
592 2631 765 2702 osculatus
791 2639 846 2700 est
871 2652 960 2702 eum.
1012 2621 1039 2668 ⁴⁶
1055 2629 1100 2700 At
1132 2631 1177 2700 illi
1209 2653 1331 2702 manus
1363 2631 1551 2704 iniecerunt
1580 2633 1614 2704 in
1639 2653 1717 2704 eum
1744 2640 1780 2702 et
1805 2645 1858 2702 te-

384 2761 531 2823 nnerunt
564 2771 654 2824 eum.
705 2739 730 2788 ‘⁷
743 2741 832 2796 (Μ)
850 2749 942 2822 Unus
974 2761 1089 2822 autern
1123 2751 1263 2844 quidam
1297 2751 1343 2823 de
1377 2752 1675 2826 circumstantibus
1706 2751 1859 2823 edacem

385 2871 535 2964 gladium
562 2871 732 2965 percussit
756 2891 894 2942 servum
929 2871 1053 2942 summi
1083 2871 1274 2944 sacerdotis
1304 2882 1340 2943 et
1371 2872 1560 2966 amputavit
1587 2871 1631 2942 illi
1664 2871 1858 2945 auriculam.

384 2980 512 3039 “limi
525 2992 566 3062 Et
596 2990 814 3086 respondens
847 2993 943 3062 lesus
978 2991 1025 3062 ait
1049 2990 1112 3062 iltis
1146 2992 1335 3084 Tamquam
1369 2994 1416 3064 ad
1440 2995 1610 3065 latronem
1636 2992 1755 3064 existis
1780 3013 1865 3064 cum.

384 3111 505 3204 gladiis
532 3123 567 3182 et
591 3111 689 3204 lignis
716 3111 1012 3204 comprehendere
1039 3133 1110 3182 me:
1150 3103 1177 3150 ‘⁹
1194 3113 1320 3184 cotidie
1346 3134 1442 3184 eram
1468 3113 1562 3208 apud
1588 3133 1653 3184 vos
1678 3112 1857 3208 intemplo

384 3231 525 3317 docens,
553 3245 589 3302 et
612 3256 683 3305 uon
708 3255 765 3305 me
782 3233 944 3304 tenuistis.
989 3232 1060 3304 Sed
1077 3243 1113 3303 ut
1130 3232 1380 3326 adimpleantur
1396 3234 1595 3327 scripturae.
1620 3224 1647 3272 ³⁰
1659 3222 1751 3280 (Μ)
1765 3233 1859 3302 Tunc

384 3352 541 3446 discipuli
566 3353 640 3424 eius
666 3353 896 3446 relinquentes
922 3374 1002 3424 eum
1029 3374 1151 3424 omnes
1181 3355 1347 3447 fugerunt.
1397 3345 1768 3426 ΜΒ““0·)Αι1ιι1ιιιοιιιιε
1794 3371 1858 3424 au-

384 3481 453 3542 tem
481 3471 620 3564 quidam
646 3474 855 3566 sequebatur
881 3493 960 3544 aum
986 3473 1130 3544 amictus
1156 3473 1302 3546 sindone
1335 3495 1440 3568 super
1470 3473 1581 3559 nudo,
1613 3482 1647 3545 et
1678 3479 1860 3544 tennerunt

385 3611 478 3660 eum:
521 3584 549 3630 ⁵²
562 3601 597 3664 at
621 3593 677 3664 ille
703 3594 831 3666 reiecta
857 3591 1002 3664 sindone
1027 3593 1140 3665 nudus
1166 3593 1315 3688 profugit
1340 3595 1385 3666 ab
1412 3595 1472 3666 eis.
1498 3585 1525 3634 ⁵³
1538 3585 1625 3640 (ΜΗ
1639 3593 1681 3664 lit
1697 3592 1858 3664 adduxe-

384 3721 462 3780 runt
486 3712 599 3782 lesum
625 3712 672 3784 ad
697 3735 868 3784 summurn
895 3711 1124 3798 sacerdotem,
1150 3723 1186 3786 et
1212 3715 1418 3786 conveniunt
1442 3735 1564 3786 omnes
1596 3714 1807 3800 sacerdotes¹
1824 3722 1860 3784 ot

385 3831 523 3902 scribae
549 3842 585 3902 et
610 3833 774 3906 seniores.
825 3823 956 3878 “imm
977 3832 1095 3904 Petms
1121 3843 1236 3906 autem
1262 3857 1283 3908 a
1310 3835 1414 3928 longe
1441 3843 1579 3906 secutus
1612 3843 1667 3906 est
1691 3855 1781 3904 eum
1796 3855 1858 3904 us-

386 3971 454 4041 que
479 3950 520 4020 in'
540 3952 661 4024 atrium
687 3953 811 4025 summi
836 3951 1037 4036 sacerdotis,
1065 3964 1100 4024 et
1125 3953 1273 4026 sedebat
1298 3977 1376 4026 cum
1402 3955 1562 4026 ministris
1579 3933 1615 4026 et
1637 3954 1860 4026 calefaciebat

386 4089 426 4140 se
451 4070 499 4142 ad
524 4071 670 4164 ignem
701 4064 829 4120 ΝΜ)
844 4072 974 4144 Surnmi
999 4094 1085 4144 uero
1112 4074 1315 4146 sacerdotes
1349 4085 1385 4146 et
1414 4095 1519 4146 omne
1546 4074 1723 4146 concilium
1749 4095 1858 4167 quae-

385 4189 508 4264 rebant
541 4192 709 4264 advcrsus
743 4193 855 4266 lesum
888 4191 1117 4264 testimouium
1149 4203 1187 4266 ut
1220 4216 1298 4266 eum
1329 4194 1427 4266 morti
1452 4195 1643 4280 traderent,
1670 4215 1736 4266 nec
1760 4195 1858 4266 inve·

385 4311 542 4384 aiebant:
590 4304 724 4384 lonrulti
760 4313 850 4384 enim
887 4313 1116 4386 testimonium
1154 4315 1276 4386 falsum
1308 4315 1470 4388 dicebant
1501 4315 1670 4388 adversus
1703 4335 1797 4402 curn,
1825 4323 1860 4386 et

385 4431 623 4528 conuenientia
656 4433 848 4504 testimonia
882 4453 952 4504 non
984 4441 1112 4506 erant„
1139 4428 1166 4474 Μ
1178 4427 1323 4506 “wilt
1353 4436 1493 4529 qudam
1525 4445 1706 4528 surgentes
1738 4437 1860 4508 falsum

385 4552 617 4624 testimonium
642 4554 798 4624 ferebant
823 4552 992 4625 adversus
1018 4576 1106 4640 eum,
1134 4555 1288 4628 dicentes
1333 4546 1361 4595 ⁵⁸
1377 4555 1539 4648 quoniam
1571 4577 1637 4628 nos
1669 4555 1859 4628 nudamus

385 4693 464 4744 eum
497 4671 670 4744 dicentem
699 4674 773 4766 ligo
806 4673 995 4748 dissolvam
1030 4675 1194 4770 templum
1228 4676 1296 4746 boc
1330 4697 1432 4748 manu
1465 4677 1607 4760 factum,
1643 4685 1679 4747 et
1704 4685 1773 4769 ‚per
1798 4675 1875 4746 tri-·

386 4791 491 4864 duum
519 4793 611 4866 aliud
636 4817 706 4868 non
732 4799 845 4868 manu‘
860 4799 984 4870 factum
1010 4795 1212 4870 aedificabo.
1265 4787 1860 4886 159Ιὲῖιιοιιιιιιιῑοοιιιιθιιίιιιιειιι·

387 4914 582 4988 stimonium
607 4916 750 4989 illorum.
802 4909 882 4988 ⁶⁰llt
908 4917 1100 5010 exsurgens
1126 4935 1280 4988 summus
1313 4917 1479 4990 sacerdos
1509 4916 1544 4986 in
1576 4916 1730 4988 medinm
1755 4917 1861 4988 inter-

388 5034 523 5126 rogavit
548 5037 657 5108 lesum
684 5037 803 5112 dicens
829 5039 906 5110 Non
931 5036 1126 5132 respondes
1153 5037 1335 5129 quicquam
1362 5037 1408 5109 ad
1434 5059 1478 5108 ea
1503 5037 1593 5129 qnae
1619 5035 1688 5108 tibi·
1706 5035 1860 5108 obiciun-

388 5159 442 5226 tur
474 5155 519 5226 ab
552 5155 628 5226 his‘l
677 5147 701 5193 ⁶¹
720 5157 777 5228 llle
811 5168 926 5230 antem
960 5160 1099 5231 tacebat
1132 5170 1167 5228 et
1192 5155 1272 5228 nihil
1305 5157 1492 5252 respoudit.
1535 5157 1680 5230 Rursmn
1707 5175 1861 5229 summus

965 5279 1047 5362 xlv,
1076 5281 1123 5350 35
1150 5317 1200 5332 -
1228 5278 1286 5350 bl.
1668 5271 1672 5284 '
