4242 6118
378 362 449 436 iifl
803 362 1043 428 EVANGELIUM
1070 361 1421 426 abalienantem

804 471 1017 478 --...———-—..
1022 472 1029 477 .
1034 471 1086 476 -—
1108 470 1300 478 --—.-—

376 571 434 664 qni
460 569 560 644 simul
578 567 851 643 discumbebant
877 566 993 641 dicere
1019 567 1106 640 intra
1136 587 1175 640 se
1202 567 1286 652 Quis
1319 575 1374 638 est
1403 565 1458 638 bic
1490 567 1548 658 qui
1574 566 1677 640 etiam
1703 577 1848 660 pecuale

375 691 534 766 dimittit?
577 679 604 724 ³⁰
620 688 711 758 Dixit
744 697 859 760 autem
893 687 940 760 ad
974 687 1153 760 mulierem
1184 688 1285 760 Fides
1318 697 1375 758 tua
1408 697 1440 756 te
1473 687 1603 760 salvam
1635 685 1730 758 lacit:
1757 687 1849 760 vade

375 836 409 884 rn
435 832 530 905 pace.

1067 957 1148 1084 ¹Vlll.

451 1159 566 1214 'W
583 1166 625 1238 lit
649 1167 775 1240 iactum
803 1175 859 1238 est
883 1167 1051 1262 deinceps
1078 1178 1113 1240 et
1138 1169 1215 1262 ipse
1247 1167 1313 1238 iter
1344 1167 1492 1240 iaciebat
1524 1187 1588 1258 per
1614 1168 1786 1240 civitatem
1814 1178 1850 1240 et

376 1289 553 1366 castellum
580 1287 786 1380 praedicans
813 1297 849 1356 et
875 1288 1118 1379 evangelizans
1144 1310 1289 1380 regnum
1317 1287 1385 1372 dei,
1413 1297 1448 1358 et
1474 1286 1659 1360 duodecim
1677 1311 1755 1360 oum
1779 1289 1847 1372 illo,

374 1405 441 1484 ²et
465 1407 628 1482 mulieres
656 1406 789 1500 aliquae
817 1429 907 1500 quas
933 1415 1032 1480 er'ant
1065 1416 1204 1480 curatae
1231 1409 1275 1482 ab
1308 1408 1482 1502 spiritibus
1508 1407 1666 1500 malignis
1692 1417 1728 1480 et
1746 1409 1847 1482 infir*

372 1508 557 1612 'mitatibus
584 1525 689 1598 illaria
716 1547 806 1620 quae
833 1536 976 1600 vocatur
1000 1526 1216 1619 Magdalene,
1242 1528 1288 1600 de
1316 1548 1384 1619 qua
1411 1527 1596 1600 daemonia
1621 1537 1758 1622 septem
1781 1551 1848 1600 ex-

376 1653 503 1734 ierant,
546 1639 612 1718 ³et
636 1646 788 1720 Iohanne
820 1667 910 1718 uxor
944 1647 1057 1718 Chuza
1092 1647 1326 1740 procuratoris
1358 1646 1525 1731 Herodis,
1552 1657 1588 1718 et
1614 1649 1784 1733 Susanna,
1813 1659 1849 1720 et

377 1772 463 1844 aliae
491 1769 617 1842 multae
644 1787 735 1859 quae
763 1765 1000 1840 ministrabant
1025 1766 1078 1838 eis
1104 1766 1150 1838 de
1178 1767 1392 1844 facultatibus
1419 1767 1500 1850 suis
1551 1757 1654 1816 ΗΜ)
1673 1768 1757 1840 Cum
1784 1791 1847 1842 au·

376 1901 446 1964 tem
473 1889 572 1962 turba
606 1887 751 1982 plurima
786 1887 994 1973 conveniret
1022 1882 1082 1958 ‘et
1114 1885 1160 1958 de
1199 1887 1392 1960 civitatibus
1426 1896 1655 1980 properarent
1687 1887 1848 1967 adeum,

376 2011 464 2084 dixit
488 2030 552 2102 per
585 2005 840 2080 similitudinem
882 1997 1004 2076 ⁵Erriit
1036 2007 1093 2100 qni
1128 2007 1275 2078 seminat
1308 2007 1482 2082 seminare
1515 2029 1637 2082 semen
1671 2029 1787 2078 snum:
1816 2018 1850 2080 et

376 2131 459 2204 dum
487 2127 640 2210 seminat,
670 2125 762 2200 aliud
788 2125 912 2198 cecidit
938 2147 1040 2200 secus
1066 2128 1171 2214 viam,
1200 2137 1235 2200 et
1268 2127 1503 2200 conculcatum
1529 2137 1600 2212 est,
1627 2137 1664 2200 et
1688 2129 1849 2202 volucres

377 2249 463 2322 eseli
489 2247 717 2322 comederunt
741 2245 835 2318 illud.
879 2238 952 2318 6lit
978 2248 1070 2320 aliud
1096 2248 1222 2320 cecidit
1247 2268 1354 2340 super
1379 2256 1521 2340 petram,
1549 2256 1586 2318 et
1610 2257 1726 2322 natum
1753 2249 1848 2332 aruit

377 2370 457 2464 quia
489 2389 561 2446 non
594 2353 761 2440 habebat
778 2386 945 2438 umorem.
997 2360 1070 2440 ''Et
1101 2368 1193 2441 aliud
1228 2366 1353 2440 cecidit
1386 2389 1488 2440 secus
1514 2367 1649 2460 spinas,
1683 2377 1719 2440 et
1750 2367 1848 2440 simul

377 2499 521 2564 exortae
549 2489 670 2581 spinae
698 2477 952 2560 suffocaverunt
982 2488 1073 2562 illud.
1126 2481 1198 2560 ⁸Et
1223 2486 1315 2560 aliod
1341 2486 1465 2562 cecidit
1496 2487 1531 2560 in
1556 2497 1683 2572 terram
1710 2489 1848 2572 bonam,

377 2621 413 2682 et
438 2619 551 2680 ortum
576 2608 655 2680 iecit
680 2609 824 2680 imctnm
850 2609 1055 2702 centuplum.
1100 2609 1195 2682 llaec
1221 2607 1341 2680 diceus
1368 2608 1538 2681 clamabat
1564 2609 1629 2694 Qui
1655 2607 1762 2682 habet
1787 2630 1849 2680 au·

376 2751 436 2803 res
463 2728 628 2802 audiendi
654 2727 779 2802 audiat.
817 2719 1110 2821 ⁰lnterrogabant
1136 2739 1251 2800 antem
1279 2750 1359 2800 enm
1385 2727 1542 2821 discipuli
1569 2729 1644 2804 eius
1671 2749 1761 2821 quae
1789 2749 1848 2800 es-

378 2857 433 2922 set
458 2849 545 2920 haec
571 2848 748 2942 parabola.
800 2839 827 2884 ¹⁰
845 2845 975 2933 Quibus
1001 2847 1077 2941 ipse
1105 2847 1191 2920 dixit
1216 2849 1322 2922 Vobis
1348 2849 1464 2922 datum
1497 2858 1553 2922 est
1582 2869 1690 2924 nosse
1716 2857 1849 2942 myste-

377 2969 465 3040 rium
492 2969 591 3062 regni
617 2969 690 3052 dei,
727 2960 806 3014 (M)
828 2968 953 3040 ceteris
980 2978 1094 3040 autem
1121 2968 1155 3038 in
1182 2969 1366 3062 parabolis,
1394 2978 1430 3040 ut
1446 2968 1607 3044 videntes
1625 2991 1695 3040 non
1711 2969 1851 3042 videant

378 3099 414 3164 et
439 3088 621 3164 audientes
655 3107 738 3188 non
757 3088 962 3181 intellegant.
1015 3079 1207 3160 11ου·)Εθι
1239 3099 1354 3164 autem
1389 3089 1477 3164 haec
1510 3089 1687 3182 parabola.
1722 3091 1848 3162 Samen

378 3219 433 3282 est
457 3209 604 3282 verbum
631 3206 698 3279 dei.
750 3199 856 3294 1’(ὶιιί
884 3218 1000 3282 autem
1027 3229 1129 3280 secus
1156 3209 1264 3295 viam,
1292 3219 1370 3280 sunt
1394 3210 1429 3284 hi
1456 3209 1513 3302 qui
1540 3209 1694 3294 andiunt,
1722 3207 1849 3282 deinde

377 3330 471 3406 venit
496 3329 656 3402 diabolus
683 3337 719 3400 et
745 3327 830 3400 tollit
853 3329 999 3400 verbnm
1027 3326 1072 3398 de
1099 3328 1207 3401 corde
1226 3350 1362 3411 eorum,
1389 3351 1434 3404 ue
1452 3329 1638 3405 credentes
1656 3330 1742 3406 salvi
1758 3329 1848 3404 bant.

377 3443 502 3524 ¹³Nam
529 3449 585 3542 qni
614 3471 717 3542 snpra
746 3458 888 3541 petram,
917 3449 974 3540 qui
1001 3468 1078 3520 curn
1106 3448 1274 3522 audierint
1300 3471 1377 3520 cum
1403 3448 1531 3541 gaudio
1557 3449 1746 3544 suscipiunt
1768 3471 1850 3524 ver-

377 3569 469 3654 bum,
497 3581 532 3642 et
558 3569 591 3642 bi
619 3569 773 3642 radicem
801 3590 870 3640 non
897 3569 1035 3654 babent,
1063 3569 1120 3661 qni
1148 3568 1194 3640 ad
1226 3579 1363 3663 tempus
1390 3570 1536 3642 credunt
1565 3579 1602 3644 et
1630 3571 1666 3642 in
1691 3581 1849 3664 tempora

379 3689 588 3762 temtationis
614 3688 791 3762 recedunt.
843 3679 870 3726 ⁴*
889 3689 991 3774 Quod
1017 3699 1132 3762 autem
1158 3689 1193 3760 in
1218 3689 1327 3783 spinis
1354 3690 1493 3774 cecidit,
1532 3689 1562 3760 bi
1599 3702 1677 3762 sunt
1703 3691 1760 3784 qni
1786 3711 1849 3762 au·

378 3808 515 3880 dierunt
542 3818 577 3880 et
604 3809 888 3882 sollicitudinibus
924 3820 959 3884 et
986 3809 1112 3882 diuitiis
1139 3817 1174 3880 et
1204 3811 1437 3903 voluptatibus
1469 3811 1559 3884 ritae
1593 3821 1716 3882 euntes
1742 3809 1850 3880 anilo-

379 3939 497 4002 cantur
524 3938 559 4000 et
585 3951 654 4000 non
687 3931 839 4002 referunt
882 3931 1037 4002 fructum.
1090 3922 1116 3964 ⁴⁵
1135 3929 1237 4013 Quod
1271 3941 1385 4002 autem
1416 3932 1451 4002 in
1485 3932 1613 4006 bonam
1645 3940 1788 4012 terram,
1817 3927 1849 3998 bi

379 4059 457 4122 sunt
482 4048 538 4142 qni
567 4048 600 4118 in
628 4048 734 4120 corde
762 4049 856 4122 bono
883 4061 919 4121 et
945 4049 1075 4143 optimo
1103 4047 1285 4122 audientes
1311 4051 1456 4124 verbum
1481 4053 1629 4126 retinent
1654 4060 1691 4122 et
1706 4049 1849 4122 fructum

379 4169 525 4240 afferunt
550 4168 584 4238 in
611 4169 783 4261 patientia.
811 4161 837 4205 ¹⁶
849 4162 924 4218 (Μ)
938 4171 1049 4242 Nemo
1076 4179 1191 4241 autem
1217 4171 1392 4242 lucernam
1421 4172 1616 4244 accendens
1642 4169 1755 4265 operit
1772 4189 1850 4242 earn

378 4312 463 4364 vase
489 4299 549 4362 aut
575 4289 695 4360 subtus
722 4290 846 4362 lectum
873 4291 977 4382 ponit
1005 4289 1071 4362 sed
1098 4311 1202 4382 supra
1229 4290 1474 4365 candelabrum
1503 4293 1607 4385 ponit,
1635 4301 1672 4362 ul·
1688 4291 1853 4362 intrantes

378 4410 520 4482 videant
546 4409 671 4480 lumen.
725 4401 750 4444 Π
766 4402 805 4455 (⁸0·
815 4403 845 4456 ²)
859 4409 937 4480 Non
964 4411 1054 4482 eninr
1082 4419 1137 4482 est
1170 4411 1339 4482 occultum
1376 4411 1471 4502 quod
1504 4433 1574 4484 non
1606 4411 1851 4492 manifestetur,

379 4553 444 4602 neo
471 4529 710 4602 absconditum
737 4529 830 4620 qupd
857 4551 925 4600 non
953 4541 1182 4623 cognoscatur
1215 4541 1249 4602 et
1282 4530 1316 4602 in
1342 4532 1456 4624 palam
1488 4531 1614 4604 veniat.
1665 4521 1853 4599 ⁴⁸(⁸¹·⁵·llli-

380 4651 462 4722 dete
490 4671 577 4742 ergo
604 4649 782 4743 quomodo
810 4649 952 4722 auditis:
981 4652 1039 4745 qui
1067 4651 1158 4724 enirn
1185 4651 1299 4734 habet,
1328 4651 1464 4726 dabitur
1489 4651 1552 4736 illi,
1586 4661 1622 4722 et
1647 4650 1853 4743 quicumque

379 4792 447 4844 uon
475 4770 590 4856 babet,
618 4771 731 4856 etiam„
747 4771 842 4864 qood
868 4781 963 4864 putat
989 4793 1028 4844 se
1054 4771 1186 4844 habere
1214 4771 1394 4844 auferetur·
1413 4773 1457 4844 ab
1483 4774 1550 4844 illo.
1604 4761 1719 4818 ΜΗ)
1737 4771 1853 4842 Vene-

380 4901 458 4962 rnnt
482 4902 596 4962 sutem
623 4892 668 4964 ad
702 4893 792 4966 illurn
826 4901 935 4964 mater
969 4902 1005 4962 et
1036 4893 1157 4964 tratres
1193 4891 1285 4975 eius,
1320 4902 1355 4962 et
1385 4913 1454 4964 non
1488 4899 1648 4986 poterant
1678 4885 1775 4964 adire
1807 4888 1856 4962 ad

382 5034 462 5084 eum
490 5034 573 5106 prae
602 5014 709 5084 turba.
760 5006 786 5050 ω
803 5015 845 5086 Et
870 5012 1057 5084 nuntiatum
1091 5021 1144 5086 est
1178 5010 1224 5082 illi
1256 5011 1366 5086 Mater
1399 5023 1456 5084 tua
1481 5021 1517 5084 et
1543 5013 1666 5084 iratres
1690 5011 1738 5083 tui
1764 5019 1855 5082 stant

380 5131 463 5204 loris
490 5134 646 5204 volentes
674 5145 706 5204 te
733 5133 865 5206 videre.
916 5125 938 5170 '¹
960 5133 1026 5216 Qui
1057 5131 1276 5225 respondens
1303 5131 1390 5206 dixit
1416 5133 1461 5208 ad
1488 5153 1552 5204 eos
1578 5133 1688 5206 Mater
1713 5149 1793 5204 mea
1819 5137 1855 5200 et

912 5251 976 5336 Vll,
1006 5255 1053 5322 50
1084 5291 1129 5303 -
1157 5253 1234 5338 llll,
1263 5254 1321 5328 24.
