4102 6128
602 327 849 410 nunnoni-rua
875 331 1074 395 secunnuu
1100 327 1311 392 ulmnnuu

436 435 442 444 .
472 435 708 455 Γ-..-..---....-.
959 437 1122 446 --—---·—-
1455 434 1534 440 —-..

1540 329 1707 444 *Eli

216 561 276 612 me
300 559 367 610 non
392 545 446 608 εει
473 555 533 606 me
569 512 705 626 dignus.
758 527 785 574 ³⁹
798 527 878 584 (Μ)
898 537 963 622 Qui
988 533 1115 607 invenit
1149 534 1304 606 animam
1333 553 1432 604 suam
1458 532 1585 626 perdet
1606 533 1709 620 illam,

218 671 255 732 et
280 659 334 753 qui
358 653 554 752 perdiderit
578 654 733 726 animam
760 675 859 726 suam
887 666 1029 750 propter
1054 677 1112 726 me
1138 654 1296 728 inveniet
1309 675 1398 726 eam.
1442 640 1469 688 ⁴⁰
1482 643 1560 702 (Μ)
1576 655 1711 740 Quire-

218 781 298 875 cipit
312 800 376 851 vos
388 799 447 850 me
466 773 602 868 recipit,
632 784 668 846 ει
686 776 744 868 qui
761 795 819 846 me
836 775 1095 870 recipit'recipit
1113 797 1196 848 eum
1216 776 1276 869 qui
1294 795 1352 846 me
1373 771 1474 844 misit.
1500 762 1523 808 Μ
1541 765 1628 826 <⁹⁹2⁴⁰=l
1648 775 1712 862 Qui

218 900 334 994 recipit
358 897 572 993 prophetam
600 893 802 966 innomine
828 897 1024 990 prophetae
1048 897 1255 968 mercedem
1283 891 1479 990 prophetae
1498 893 1651 988 recipiet,
1678 905 1713 968 ει

217 1021 276 1114 qui
300 1018 415 1113 recipit
448 1018 580 1088 iustum
617 1015 653 1086 in
686 1016 827 1088 nomine
852 1016 940 1096 iusti
971 1016 1173 1090 mercedem
1208 1015 1289 1088 iusti
1320 1012 1476 1107 accipiet.
1527 1001 1554 1050 ‘³
1568 1005 1714 1088 ‘'⁰⁰²⁵iEt

217 1121 418 1234 quicnmq'ue
450 1145 578 1233 potum
616 1133 753 1206 dederit
785 1136 842 1208 uni
875 1159 922 1208 ex
955 1137 1100 1208 minimis
1132 1137 1210 1209 istis
1245 1134 1391 1207 calicem
1423 1154 1536 1227 aquae
1568 1135 1713 1228 frigidae

217 1272 342 1334 tantrrm
368 1257 565 1331 innomine
584 1254 753 1348 discipuli,
780 1277 884 1328 amen
910 1258 990 1330 dico
1006 1259 1117 1343 vobis,
1146 1279 1220 1330 non
1238 1254 1366 1349 perdet
1386 1253 1584 1326 mercedem
1604 1267 1710 1330 suam.

936 1534 988 1603 Xl.

296 1734 415 1790 ¹1¹⁰'·⁴⁰·l
438 1718 482 1812 lit
509 1739 641 1810 lactum
667 1749 722 1810 est
747 1759 825 1810 cunr
853 1747 1129 1811 consummasset
1154 1739 1258 1809 lesus
1286 1739 1500 1833 praecipiens
1526 1737 1708 1814 duodecim

222 1863 393 1958 discipulis
420 1861 502 1945 suis,
530 1855 666 1931 transiit
691 1857 772 1930 inde
797 1867 835 1929 ut
852 1857 996 1930 doceret
1013 1870 1048 1930 ει
1065 1858 1293 1953 praedicaret
1317 1859 1351 1930 in
1370 1855 1707 1933 civitatibus-eorum.

221 1975 334 2030 ’imi
350 1983 523 2055 lohannes
565 1987 681 2050 autem
714 2001 791 2050 eum
826 1977 980 2050 audisset
1013 1981 1047 2050 in
1077 1979 1224 2050 vinculis
1262 1999 1373 2074 opera
1406 1980 1540 2065 Christi,
1574 1982 1709 2054 mittens

225 2105 312 2176 duos
345 2103 392 2175 de
424 2099 602 2194 discipulis
637 2099 708 2170 suis
751 2090 824 2168 ³ait
855 2099 900 2170 illi
933 2099 984 2170 Tu
1015 2121 1054 2170 es
1081 2099 1140 2191 qui
1167 2108 1337 2172 ventums
1365 2123 1421 2187 es,
1450 2123 1492 2173 an
1518 2101 1618 2174 alium
1643 2125 1709 2174 ex-

226 2226 427 2319 pectamus‘l
481 2213 553 2292 ‘Et
592 2217 809 2313 respondens
835 2215 845 2234 ⁸
869 2219 916 2292 ait
947 2219 1010 2292 illis
1044 2219 1174 2290 Eunias
1209 2223 1405 2296 renuntiate
1443 2223 1582 2295 lohanni
1619 2243 1710 2315 quae

226 2345 365 2416 audistis
393 2353 429 2415 et
454 2341 605 2414 vidistis:
658 2331 786 2412 ⁵caeci
811 2339 946 2424 vident,
975 2339 1086 2412 claudi
1112 2340 1308 2437 ambulant,
1336 2343 1464 2439 leprosi
1495 2342 1710 2414 mundantur,

226 2465 320 2538 surdi
347 2464 497 2547 audiunt,
525 2462 649 2534 mortui
677 2469 867 2551 resurgrmt,
895 2481 1069 2554 pauperes
1087 2462 1382 2554 evangelizantur,
1425 2457 1491 2536 6et
1515 2463 1638 2534 heatus
1656 2473 1712 2534 εει
1787 2534 1790 2543 ,
1854 2459 1860 2468 “

225 2587 284 2678 qui
308 2607 378 2656 non
402 2583 504 2656 luerit
529 2582 781 2656 scandalizatus
806 2580 840 2650 in
866 2601 932 2652 me.
984 2573 1076 2650 Ἶιιίε
1103 2589 1219 2652 autem
1249 2584 1455 2657 abeuntibus
1478 2583 1592 2676 coepit
1614 2583 1712 2656 lesus
1845 2628 1846 2636 ι

224 2706 343 2776 dicere
369 2705 414 2776 ad
441 2705 561 2777 turbas
587 2705 634 2776 de
660 2701 810 2773 lohanns
838 2701 928 2786 Quid
955 2699 1074 2773 existis
1099 2699 1134 2770 in
1161 2700 1342 2776 desertum
1366 2707 1511 2778 videre‘l
1545 2703 1711 2776 harundi-

226 2847 306 2898 nem
332 2835 438 2899 vento
465 2824 653 2917 agitatam?
705 2813 808 2894 ⁸Sed
834 2821 917 2914 quid
943 2820 1062 2894 existis
1086 2820 1236 2894 videre?
1263 2825 1439 2900 hominem
1465 2823 1624 2896 mollibus
1645 2845 1711 2900 ve·

223 2947 366 3048 stilum?
393 2947 486 3018 Ecce
513 2947 571 3039 qui
595 2943 755 3016 mollibus
781 2943 970 3014 vestiuntur
995 2943 1029 3012 in
1055 2941 1218 3015 domibus
1245 2967 1369 3039 regum
1395 2957 1481 3020 sunt.
1506 2937 1609 3016 ⁹Sed
1627 2947 1712 3039 quid

227 3068 349 3140 existis
374 3065 522 3140 videre‘l
550 3064 784 3160 prophetam?
810 3063 920 3134 Etiam
948 3041 1025 3136 dico
1050 3061 1161 3147 vohis,
1190 3073 1225 3136 et
1251 3067 1330 3160 plus
1364 3089 1467 3162 quam
1493 3063 1709 3158 prophetam.

227 3179 353 3236 mimi
371 3187 434 3258 llic
460 3186 551 3258 enim
569 3195 634 3261 ,est
658 3183 705 3256 de
731 3203 801 3276 quo
827 3184 991 3276 scriptum
1018 3191 1071 3256 est
1095 3183 1189 3256 Ecce
1213 3206 1282 3278 ego
1301 3190 1399 3262 mitto
1417 3185 1575 3278 angelum
1592 3207 1710 3260 meum

230 3319 310 3380 ante
335 3308 457 3412 facicm
483 3317 587 3391 tuam,
615 3305 673 3398 qui
699 3304 922 3398 praeparabit
947 3305 1038 3376 viam
1064 3312 1158 3375 tuam
1178 3315 1258 3378 ante
1276 3318 1320 3380 ιε.
1360 3301 1382 3346 ”
1399 3297 1486 3356 (rua)
1499 3303 1612 3378 Amen
1629 3306 1710 3382 dico
1785 3279 1812 3310 ⁸

229 3426 340 3510 vohis,
366 3448 436 3498 non
462 3426 613 3500 surrexit
637 3425 724 3496 inter
748 3432 849 3496 natos
876 3425 1054 3496 mulierum
1079 3423 1192 3495 maior
1209 3426 1360 3500 lohanne
1376 3425 1541 3520 baptista;
1567 3427 1630 3519 qoi-
1644 3449 1709 3500 au-

230 3557 301 3618 tem
327 3547 440 3618 minor
464 3559 519 3619 εει
543 3549 578 3618 in
603 3566 713 3638 regno
740 3545 916 3616 caelorum
943 3545 1053 3618 maior
1078 3554 1132 3618 est
1157 3545 1224 3618 illo.
1264 3539 1290 3586 ⁴²
1303 3539 1434 3618 “⁰⁵¹⁵lA
1451 3544 1574 3620 diebus
1591 3557 1707 3622 autem

231 3667 389 3740 Iohannis
414 3667 587 3762 baptistae
613 3687 724 3759 usque
749 3687 839 3737 nunc
864 3687 1009 3758 regnum
1036 3667 1211 3738 caelorum
1245 3669 1315 3740 vim
1341 3667 1480 3762 patitur,
1508 3677 1543 3740 ει
1568 3669 1708 3744 violenti
1812 3748 1815 3754 ,

233 3787 367 3882 rapiunt
391 3787 483 3860 illud.
535 3777 675 3836 ’ΝΜ
690 3787 819 3858 Omnes
846 3787 937 3858 enirn
964 3787 1156 3881 prophetae
1183 3798 1220 3860 et
1243 3789 1303 3860 lex
1328 3809 1439 3882 usque
1462 3789 1509 3862 ad
1533 3790 1708 3864 lohannen

231 3909 538 4002 prophetaverunt:
591 3895 617 3944 ¹⁴
638 3893 668 3977 si
701 3907 801 3979 vrdtis
834 3908 1007 4002 recipere,
1040 3908 1115 4002 ipse
1148 3919 1203 3980 est
1228 3910 1344 3982 Helias
1370 3909 1428 4002 qui
1453 3919 1617 3984 venturus
1641 3922 1707 3986 cst.

232 4020 257 4066 ¹⁵
275 4030 340 4115 Qui
366 4029 473 4102 habet
498 4049 600 4100 aures
626 4027 788 4102 audiendi
815 4027 939 4100 audiat.
982 4019 1009 4066 ¹⁶
1022 4019 1109 4078 (wli)
1124 4027 1184 4098 Cui
1211 4039 1326 4102 autom
1342 4029 1487 4106 similem
1513 4033 1707 4108 aestimabo
1757 4113 1764 4127 .

233 4151 490 4242 generationem
517 4149 643 4220 istam?
670 4147 794 4219 Similis
821 4159 876 4220 est
900 4148 1017 4244 pueris
1043 4149 1245 4222 sedentibus
1270 4151 1305 4222 in
1329 4152 1415 4235 loro,
1443 4150 1502 4244 qui
1519 4153 1707 4226 clamantes

233 4269 479 4364 coaequalibus
529 4258 555 4302 Π
568 4266 685 4338 dieunt
711 4267 902 4340 Cecinimus
927 4269 1029 4342 vobis
1056 4279 1091 4372 et
1116 4271 1361 4357 mussitastis,
1387 4272 1648 4346 lamentavimus
1672 4285 1707 4348 et

232 4413 301 4462 non
327 4389 514 4485 planxistis.
567 4379 594 4426 ⁴⁸
607 4388 706 4460 Venit
730 4388 820 4460 enim
846 4389 1016 4462 lohannes
1048 4411 1162 4482 neque
1188 4391 1401 4464 manducans
1432 4415 1546 4486 neque
1573 4395 1706 4478 bibens,

233 4521 269 4582 et
293 4511 410 4586 dicunt
434 4508 804 4583 Daemonium-habet.
843 4501 869 4546 ¹⁹
881 4510 980 4582 Venit
1005 4509 1093 4582 filius
1118 4507 1265 4584 hominis
1291 4513 1504 4586 manducans
1522 4524 1557 4586 ει
1573 4513 1706 4600 bibens,

231 4641 269 4702 ει
294 4631 411 4704 dicum
435 4633 527 4704 Ecce
553 4630 659 4702 homo
685 4649 798 4702 vorax
826 4640 862 4702 et
886 4641 1027 4724 potator
1052 4630 1129 4714 vini,
1156 4632 1415 4724 publicanorum
1432 4645 1467 4706 ει
1483 4644 1706 4729 peccatorum

231 4753 372 4824 amicus.
424 4753 468 4824 Et
492 4750 670 4824 iustificata
696 4760 750 4822 est
776 4751 942 4845 sapientia
969 4773 990 4824 a
1015 4751 1090 4822 filis
1116 4752 1196 4824 suis.
1237 4743 1362 4800 ”lidi
1378 4753 1473 4826 'luno
1499 4755 1614 4849 eoepit
1639 4778 1705 4826 ex-

232 4872 401 4966 probrare
438 4872 629 4946 civilatihus
664 4870 697 4941 in
732 4871 856 4963 quihus
888 4874 999 4944 iactae
1033 4882 1110 4944 sunt
1142 4870 1309 4966 plurimae
1340 4873 1482 4946 virtutes
1506 4876 1599 4960 cius,
1627 4877 1706 4968 quia

232 5015 302 5066 non
337 4996 489 5088 egissent
527 4991 778 5086 paenitentiam.
839 4984 862 5028 ²⁴
884 4993 956 5064 Vae
990 4992 1050 5080 tihi
1085 4993 1287 5080 Chorazain,
1322 5015 1388 5068 vae
1423 4995 1483 5068 tihi
1507 4997 1704 5080 Bethsaida,

233 5116 313 5208 quia
346 5115 373 5188 si
407 5117 439 5189 in
467 5116 557 5208 Tyro
591 5121 626 5184 ει
659 5111 788 5184 Sidone
821 5114 932 5186 lectae
967 5121 1084 5184 essent
1116 5113 1258 5188 virtutes
1298 5136 1389 5207 quae
1425 5117 1537 5190 laetae
1569 5118 1705 5192 suntin

750 5233 801 5318 ll,
831 5237 878 5306 39
936 5273 978 5286 -
1033 5234 1085 5319 Xl,
1114 5237 1172 5310 2l.
