4102 6128
365 399 410 472 34
748 401 1001 467 'EVANGEllUll'
1017 405 1216 469 saecunda
1241 405 1444 472 llAT'l'llEllll

365 631 485 704 quam,
524 599 551 646 ³⁹
567 606 734 678 inimicus·
760 617 873 684 autem
914 611 971 702 qui
1004 609 1183 682 seminavit
1219 633 1263 682 ea
1295 623 1349 684 est
1379 612 1555 700 diabolus;
1591 635 1716 689 messus
1749 639 1839 690 vero

366 725 615 822 consummatio
642 726 769 798 saeculi
797 737 860 811 est,
888 749 1063 802 messores
1090 739 1205 802 autem
1232 731 1342 824 angeli
1370 743 1458 804 sunt.
1484 723 1511 772 ⁴⁰
1527 736 1621 808 Sicut
1647 759 1733 831 ergo
1760 739 1834 812 col·

365 852 511 942 ligantur
537 845 664 916 zizania
690 854 726 916 et
758 845 827 938 igni
853 848 1114 934 comburuntur,
1148 851 1198 920 sio
1224 851 1288 920 erit
1314 852 1349 920 in
1374 858 1670 932 consummatione
1697 859 1834 932 saeculi.

364 963 522 1042 “Mittet
548 966 635 1038 lilius
667 947 814 1038 hominis
847 969 991 1060 angelos
1022 989 1121 1054 suos,
1156 979 1192 1042 et
1225 970 1385 1062 colligent
1409 973 1456 1046 de
1482 996 1590 1068 regno
1618 978 1696 1048 eius
1722 979 1836 1050 omnia

366 1089 529 1163 scandala
555 1095 603 1160 et=
622 1107 685 1158 eos
717 1086 775 1178 qui
807 1087 933 1160 iaciunt
965 1088 1185 1182 iniquitatem,
1236 1081 1263 1128 ‘¹
1280 1100 1316 1161 et
1346 1092 1480 1164 mittent
1513 1115 1577 1167 eos
1604 1097 1639 1166 in
1665 1099 1835 1170 omninum

365 1209 466 1302 ignis:
499 1207 546 1278 ibi
578 1207 642 1278 erit
672 1206 772 1278 lletus
814 1217 850 1278 et
882 1207 1010 1280 stridor
1044 1209 1204 1281 dentium.
1256 1198 1283 1248 Β
1301 1209 1394 1282 Tunc
1428 1213 1507 1284 iusti
1538 1216 1718 1308 lirlgebuut
1750 1219 1838 1290 sicut

365 1331 418 1402 sol
444 1329 478 1399 in
503 1349 612 1419 regno
643 1327 836 1420 patrissui.
891 1327 956 1412 Qui
990 1329 1095 1402 habet
1120 1349 1222 1400 aures
1255 1330 1380 1402 audiat.
1427 1319 1582 1405 “Simile
1609 1345 1663 1408 est
1689 1359 1832 1430 regnum

323 1467 325 1476 ·
366 1451 540 1522 caelorum
566 1449 727 1520 thesauro
751 1446 960 1541 ,abscondito
986 1449 1021 1520 in
1046 1469 1147 1542 ago,
1175 1469 1279 1541 quern
1306 1452 1374 1543 qui.
1389 1453 1516 1524 invenit
1547 1455 1653 1528 homo
1681 1455 1827 1556 abscon-

366 1571 488 1656 ditet
512 1589 597 1662 prae
623 1567 750 1661 gaudio
783 1567 869 1640 illius
903 1569 999 1642 vadit
1033 1579 1068 1640 et
1092 1567 1211 1640 vendit
1236 1569 1396 1644 universa
1428 1595 1518 1666 quae
1545 1575 1660 1660 habet,
1688 1585 1723 1646 et
1750 1577 1833 1646 emit

367 1711 487 1784 agrum
520 1690 621 1760 illum.
672 1677 699 1724 ⁴⁶
715 1688 840 1758 lterum
874 1689 983 1760 simile
1017 1699 1071 1762 cst
1096 1711 1241 1782 regnum
1274 1689 1448 1764 caelorum
1473 1693 1601 1766 homini
1627 1695 1834 1786 negotiatori

365 1810 543 1906 quaerenti
578 1811 690 1880 bonas
730 1809 940 1900 margaritas,
999 1799 1027 1847 ⁴⁶
1043 1810 1182 1882 invema
1219 1819 1332 1882 autern
1365 1833 1432 1884 una
1464 1814 1618 1906 pretiosa
1650 1815 1835 1906 margarita

256 2003 261 2014 ,
366 1933 451 2004 abiit
473 1941 508 2000 et
532 1929 688 2002 vendidit
721 1927 835 2000 omnia
867 1949 958 2021 quae
983 1928 1110 2015 habuit,
1138 1939 1174 2001 et
1198 1931 1280 2001 emit
1313 1952 1400 2002 eam.
1453 1921 1481 1969 ⁴⁷
1500 1935 1625 2006 lterum
1651 1933 1761 2004 simile
1785 1941 1840 2004 est
1929 1927 1932 1933 ’

300 2135 304 2142 ,
364 2073 508 2145 regnum
534 2050 708 2121 caelorum
734 2069 885 2142 sagenae
911 2049 1037 2121 missae
1063 2050 1097 2120 in
1122 2071 1219 2122 mare
1236 2072 1283 2122 ex
1311 2053 1404 2124 omni
1430 2075 1560 2146 genere
1577 2053 1721 2148 piscium
1747 2073 1835 2124 oon·

367 2171 531 2266 gregunti,
582 2157 609 2206 ⁴⁸
626 2190 729 2262 quam
749 2190 839 2240 cum
865 2169 1004 2262 impleta
1031 2179 1126 2242 esset
1157 2169 1345 2243 educentes
1372 2183 1407 2244 et
1441 2195 1544 2247 secus
1568 2174 1647 2246 litus
1672 2173 1835 2246 sedentes

366 2294 543 2386 elegerunt
558 2290 681 2362 ¹bonos
706 2288 747 2358 in¹
765 2309 860 2374 vasa,
886 2279 997 2360 malos
1012 2299 1128 2362 autem
1156 2291 1248 2364 ieras
1264 2293 1437 2364 misenmt.
1481 2282 1509 2330 ⁴⁰
1526 2293 1583 2365 Sic
1608 2295 1672 2366 erit
1696 2295 1732 2364 in
1749 2315 1834 2366 con-

367 2411 592 2486 summatione
618 2408 762 2480 saeculi:
797 2409 941 2480 exibunt
974 2408 1087 2500 angeli
1119 2419 1155 2480 et
1187 2413 1396 2504 separabunt
1421 2413 1532 2484 malos
1566 2413 1754 2488 demedio
1780 2414 1832 2486 iu-

367 2545 506 2617 storum,
554 2521 582 2567 ³⁰
599 2539 634 2600 et
666 2528 798 2599 mittent
832 2523 914 2600 'eos
945 2529 981 2599 in
1004 2528 1181 2600 ‘caminum
1207 2507 1323 2624 ignis:⁸
1339 2534 1386 2606 ibi
1413 2533 1477 2604 erit
1506 2533 1606 2606 lletus
1640 2544 1676 2605 et
1707 2532 1834 2606 stridor

368 2654 529 2726 dentium.
578 2641 602 2687 ⁵¹
622 2647 837 2720 lntellexistis
869 2646 1128 2720 haecomnia?
1155 2650 1277 2722 Dicunt
1302 2653 1335 2724 ei
1367 2653 1484 2724 Etiam.
1535 2646 1632 2726 “Ait
1656 2653 1720 2724 illis
1745 2652 1827 2726 ldeo

368 2774 478 2846 ornnis
503 2771 616 2843 scriba
642 2768 775 2841 doctus·
791 2767 825 2838 in
850 2787 960 2860 regno
987 2769 1161 2842 caelorum
1187 2771 1305 2844 similis
1331 2783 1386 2845 est
1412 2774 1541 2845 homini
1567 2774 1833 2868 patrifamilias,

366 2895 424 2987 qui
449 2893 579 2986 profert
604 2891 650 2962 de
675 2890 837 2962 thesauro
864 2907 925 2958 sno
951 2909 1042 2960 nova
1069 2901 1103 2962 et
1128 2901 1257 2962 vetera.
1300 2884 1327 2930 ⁵³
1343 2893 1385 2964 llt
1410 2895 1535 2968 sactum
1562 2904 1617 2966 est
1642 2915 1720 2966 cum
1747 2915 1832 2966 con--

367 3021 573 3086 summassct
596 3011 691 3082 lesus
717 3007 901 3102 parabolas
926 3007 1018 3094 istas,
1046 3012 1175 3082 transiit
1200 3010 1290 3084 inde.
1333 3001 1464 3062 “ffll'l
1481 3015 1523 3086 llt
1547 3015 1689 3086 veniens
1715 3014 1749 3086 in
1766 3019 1843 3107 pa-'

366 3137 466 3224 triam
492 3153 590 3204 suurn
616 3130 767 3202 docebat
792 3149 856 3199 eos
881 3129 915 3198 in
941 3129 1128 3224 synagogis
1154 3151 1285 3218 eornm,
1311 3133 1357 3204 itn
1383 3143 1420 3204 ut
1445 3136 1647 3214 mirarentur
1673 3144 1709 3204 et
1734 3133 1831 3204 dice·

366 3263 443 3325 rent
468 3250 565 3324 Unde
590 3250 669 3322 huic
682 3249 859 3344 'sapientia
886 3247 973 3320 hacc
999 3258 1035 3320 et
1058 3251 1190 3322 virtns‘l
1241 3245 1268 3290 ⁶⁵
1284 3253 1406 3324 Nonne
1439 3255 1494 3326 hio
1520 3263 1574 3326 est
1598 3253 1684 3324 labri
1715 3250 1829 3324 filius?

366 3375 491 3446 Nonne
514 3380 624 3443 mater
649 3371 724 3443 eius
750 3370 873 3442 dicitur
897 3370 1012 3454 Maria,
1040 3379 1075 3440 et
1089 3371 1203 3443 ‘irater
1229 3373 1304 3444 eius
1330 3373 1476 3447 lacobus
1502 3384 1538 3446 ct
1563 3373 1687 3468 loseph
1714 3381 1751 3443 et
1777 3371 1830 3442 Si·

367 3515 449 3566 mon
475 3502 510 3564 et
534 3489 659 3562 ludas‘l
691 3481 737 3538 ’ω
752 3491 795 3561 Ει
820 3511 961 3564 sorores
994 3491 1068 3562 eius
1093 3512 1208 3564 nonne
1234 3514 1357 3566 omncs
1383 3493 1477 3587 apud
1508 3513 1574 3565 nos
1601 3495 1701 3566 suntl
1735 3489 1832 3564 Unde

368 3633 453 3705 ergo
479 3611 558 3683 huic
584 3611 698 3682 omnia
724 3611 813 3682 ista‘l
863 3603 890 3648 ⁵⁷
906 3611 949 3682 Et
973 3610 1291 3686 scandalizabuntur
1316 3615 1350 3686 in
1376 3635 1430 3686 eo.
1484 3603 1574 3660 “⁴²¹³
1597 3615 1692 3686 lesus
1717 3621 1829 3682 nutem

367 3732 454 3806 dixit
480 3731 531 3802 eis
556 3730 633 3800 Non
651 3741 705 3802 est
730 3731 900 3825 propheta
925 3732 999 3802 sine
1016 3732 1149 3804 honore
1166 3733 1231 3804 nisi
1255 3734 1290 3804 in
1307 3735 1416 3828 patria
1434 3753 1494 3804 sua
1522 3743 1558 3804 et
1583 3734 1618 3803 in
1633 3733 1740 3804 domo
1757 3751 1829 3802 sua.

367 3844 394 3888 ⁵⁸
410 3851 452 3922 Et
475 3871 544 3922 non
569 3851 649 3922 lecit
674 3851 721 3922 ibi
747 3851 887 3922 virtutes
913 3851 1036 3924 multas
1062 3860 1205 3946 propter
1230 3854 1499 3928 incredulitatem
1526 3852 1668 3946 illorum.

1057 4127 1137 4200 XIV.

443 4321 611 4404 1(’*””)Ιιι
635 4333 692 4404 illo
717 4343 875 4428 tempore
902 4333 1008 4406 audiit
1032 4334 1191 4410 llerodes
1217 4333 1388 4406 tetrarcha
1414 4333 1540 4406 lamam
1566 4331 1650 4416 lesu,
1694 4325 1760 4402 ’et
1784 4331 1831 4402 ait

366 4455 482 4548 pueris
508 4453 585 4524 'suis
610 4455 673 4526 llic
698 4465 752 4528 est
776 4455 943 4528 lohannes
969 4455 1136 4548 baptista:
1169 4456 1245 4549 ipse
1278 4453 1427 4528 surrexit
1452 4473 1473 4523 a
1499 4452 1655 4538 mortuis,
1688 4461 1724 4524 et
1748 4450 1830 4525 ideo

365 4576 508 4646 virtutes
535 4585 720 4668 operantur
745 4576 779 4646 in
805 4595 859 4646 eo.
909 4564 1026 4622 ΝΜ)
1045 4575 1203 4648 Herodes
1229 4576 1320 4648 enirn
1346 4573 1452 4647 tenuit
1476 4571 1662 4644 Iohannem
1696 4581 1732 4642 et
1757 4571 1832 4642 alli-

366 4695 460 4786 gavit
485 4695 563 4766 eum
590 4705 625 4766 et
650 4696 765 4789 posuit
790 4696 824 4766 in
850 4715 1027 4768 carcerem
1052 4705 1196 4789 propter
1212 4693 1446 4768 Herodiadem
1473 4713 1620 4766 uxorem
1637 4692 1751 4764 fratris
1769 4691 1831 4764 sui.

365 4802 538 4886 ‘Dicebat
564 4817 653 4887 enim
680 4817 724 4888 illi
749 4815 917 4888 lohannes
937 4815 1015 4886 Non
1039 4815 1118 4887 licet
1134 4815 1195 4886 tibi
1221 4815 1351 4886 habere
1370 4835 1456 4886 eam.
1500 4804 1568 4884 ⁵Et
1592 4813 1714 4885 volens
1740 4813 1831 4884 illum

367 4932 528 5040 occidere
553 4936 662 5008 timuit
686 4937 861 5030 populum,
888 4935 967 5028 qma
993 4935 1080 5008 siout
1096 4934 1301 5029 prophetam
1327 4957 1406 5006 eum
1425 4933 1620 5006 habebant·
1635 4925 1650 4971 ⁶
1663 4921 1751 4980 “ml
1768 4932 1833 5002 Dic

367 5062 481 5124 autern
506 5057 626 5129 natalis
642 5057 791 5130 Herodis
808 5056 943 5128 saltavit
966 5053 1034 5127 lilia
1056 5053 1262 5126 Herodiadis
1287 5054 1321 5124 in
1340 5054 1457 5128 medio
1484 5063 1520 5126 et
1544 5051 1671 5148 placuit
1686 5049 1816 5122 Herodi
1823 5076 1830 5134 ;

229 5273 233 5284 ι
365 5171 485 5246 lunda
505 5195 583 5248 cum
601 5177 791 5250 iuramento
809 5175 975 5268 pollicitus
994 5185 1049 5248 est
1065 5176 1098 5246 ei
1121 5173 1206 5246 dare
1223 5171 1466 5268 quodcumque
1485 5174 1697 5267 postulasset
1713 5169 1758 5242 ab
1777 5189 1832 5242 eo.

873 5295 952 5380 Xlll‚
981 5298 1028 5366 39
1085 5331 1129 5346 -
1183 5294 1263 5379 XIV,
1293 5289 1325 5367 7.
1814 5297 1820 5316 '
