4254 6130
853 1295 1376 1414 incurerre.

479 1555 652 1656 lohannes
687 1581 896 1676 evangelista
932 1603 1020 1652 unns
1055 1603 1102 1653 ex
1136 1581 1311 1676 discipulis
1345 1579 1411 1668 dei,
1447 1585 1504 1675 qni
1535 1585 1631 1678 virgo
1667 1585 1797 1656 electus
1832 1607 1853 1654 a

377 1703 445 1773 deo
472 1713 534 1789 est,
562 1725 664 1796 quem
692 1698 737 1772 de
764 1703 889 1796 nuptiis
915 1701 1088 1773 volentem
1115 1702 1247 1774 nubere
1273 1703 1410 1775 vocavit
1435 1701 1540 1775 deus:
1574 1708 1628 1775 cni
1653 1704 1852 1797 virginitatis

376 1823 409 1892 in
436 1824 503 1895 boc
531 1823 661 1916 duplex
688 1823 917 1894 testimonium
945 1823 979 1892 in
1006 1824 1185 1915 evangelio
1213 1823 1322 1908 datur,
1351 1823 1446 1916 qnod
1473 1835 1507 1895 et
1533 1845 1617 1918 prae
1645 1824 1770 1894 ceteris
1797 1823 1851 1895 di-

377 1945 486 2015 lectus
514 1965 533 2014 a
561 1943 630 2015 deo
657 1941 787 2028 dicitur,
816 1951 850 2012 et
876 1941 954 2013 huic
981 1953 1126 2014 matrem
1154 1963 1254 2014 suam
1287 1943 1361 2015 iens
1389 1943 1434 2015 ad
1461 1966 1597 2015 erucem
1626 1943 1853 2016 commenda·
1937 2027 1941 2035 1

378 2065 425 2133 vit
451 2061 549 2150 deus,
577 2073 614 2134 ut
638 2061 805 2154 virginem
831 2061 930 2155 virgo
958 2075 1121 2135 servaret.
1177 2065 1331 2156 Denique
1357 2065 1579 2136 manifestans
1611 2065 1645 2134 in
1673 2063 1854 2156 evangelio

378 2183 473 2278 quod
500 2193 574 2256 erat
600 2184 674 2276 ipse
700 2181 963 2278 incorruptibilis
996 2185 1094 2256 verbi
1129 2207 1217 2278 opus
1251 2185 1415 2256 inchoans
1447 2178 1557 2269 solus,
1593 2185 1739 2255 verbum
1773 2205 1855 2254 caro

379 2307 503 2376 lactum
531 2325 611 2375 esse
637 2325 702 2374 nec
728 2303 843 2374 lumen
871 2325 891 2373 a
918 2303 1069 2374 tenebris
1096 2303 1385 2400 comprehensum
1410 2305 1517 2376 luisse
1535 2313 1690 2385 testatur,
1708 2303 1854 2398 primum
1902 2367 1907 2372 .

378 2425 513 2518 signum
539 2445 673 2518 ponens
702 2423 797 2518 qood
822 2423 856 2492 in
882 2423 1007 2517 nuptiis
1032 2415 1137 2507 lecit',
1165 2431 1202 2493 ut
1219 2424 1408 2496 ostendens
1427 2424 1522 2518 quod
1539 2425 1615 2520 ipse
1642 2434 1717 2496 erat
1734 2425 1854 2516 legen·
1920 2515 1922 2518 Ι

379 2545 470 2616 tibus
495 2543 749 2617 demonstraret
776 2542 872 2638 qnod
896 2543 954 2614 ubi
981 2543 1141 2615 dominns
1166 2543 1324 2616 invitatur
1349 2543 1502 2616 deficere
1526 2545 1719 2640 nuptiarum
1737 2543 1853 2616 vinum

379 2665 522 2749 debeat,
550 2675 586 2736 ut
616 2661 793 2734 veteribus
824 2663 996 2733 inmutatis
1029 2685 1121 2736 nora
1156 2664 1270 2736 omnia
1306 2686 1396 2757 quae
1432 2687 1453 2736 a
1479 2665 1613 2738 Christo
1640 2665 1855 2738 instituuntur

380 2793 586 2879 appareant:
615 2782 660 2854 de
687 2805 756 2876 qno
784 2781 916 2876 singula
943 2805 1102 2878 quaeque
1128 2785 1163 2854 in
1188 2783 1354 2879 mysterio
1382 2795 1459 2856 acta
1484 2787 1541 2858 vel
1568 2785 1660 2859 dicta
1686 2783 1854 2877 evangelii

379 2905 466 2978 ratio
503 2901 746 2998 quaerentibus
778 2912 954 2976 monstrat.
1006 2903 1082 2976 Hoc
1116 2914 1231 2976 autem
1272 2905 1487 2998 evangelium
1526 2907 1663 3002 scripsit
1694 2905 1728 2976 in
1761 2904 1854 2991 Asia,

380 3038 565 3119 postquam
592 3025 625 3095 in
651 3023 816 3096 Pathmos
842 3024 952 3096 insula
978 3025 1203 3120 apocalypsin
1229 3026 1431 3118 scripserat,
1464 3037 1501 3098 ut
1527 3048 1606 3098 cnm
1631 3027 1665 3098 in
1690 3025 1856 3121 principio

380 3143 522 3216 canonis
556 3143 812 3237 incorruptibile
845 3145 1047 3240 principium
1081 3147 1115 3216 in
1148 3145 1290 3231 Genesi,
1327 3156 1362 3217 et
1394 3145 1658 3242 incorruptibilis
1690 3146 1766 3218 finis
1793 3168 1856 3240 per

380 3263 546 3358 virginem
582 3265 616 3335 in
648 3261 860 3360 Apocalypsi
892 3264 1111 3352 redderetur,
1148 3263 1285 3339 dicente
1318 3267 1451 3339 Christo
1478 3267 1555 3359 Ego
1582 3289 1658 3337 sum
1686 3271 1718 3350 Α
1745 3277 1780 3338 et
1809 3261 1853 3336 dl.

379 3387 421 3456 Et
447 3385 501 3456 bic
528 3393 583 3456 est
607 3383 775 3456 lohannes
802 3385 860 3478 qui
892 3386 1004 3458 sciens
1038 3387 1282 3480 supervenisse
1314 3385 1408 3459 diem
1444 3409 1606 3458 recessus
1638 3387 1691 3458 sni
1724 3409 1856 3458 convo-

381 3506 466 3576 catis
493 3503 669 3600 discipulis
697 3505 767 3576 suis
794 3503 828 3576 in
853 3505 995 3600 Epheso
1021 3508 1214 3600 permulta
1242 3509 1419 3600 signorum
1438 3507 1674 3602 experimenta
1692 3529 1857 3601 promens

382 3625 560 3710 Christum,
587 3625 806 3697 descendens
833 3625 867 3695 in
894 3625 1070 3701 delossum
1099 3629 1297 3722 sepulturae
1323 3647 1407 3700 snae
1439 3629 1552 3699 locum
1586 3627 1675 3698 lacta
1702 3627 1857 3699 oratione

382 3746 514 3839 positus
542 3757 595 3816 est
621 3746 667 3818 ad
693 3755 811 3839 patres
839 3767 932 3832 snos,
960 3758 1034 3839 tam
1058 3757 1244 3818 extraneus
1271 3771 1291 3819 a
1318 3747 1440 3820 dolore
1459 3749 1578 3820 mortis
1605 3770 1707 3842 qnam
1729 3771 1749 3819 a
1777 3769 1852 3818 cor-

382 3866 541 3958 ruptione
568 3865 679 3935 carnis
707 3865 875 3936 invenitur
893 3866 1031 3937 alienus
1085 3867 1214 3938 Tamen
1232 3879 1313 3962 post
1330 3891 1452 3940 ornnes
1471 3870 1688 3960 evangelium
1706 3867 1855 3961 scripsit:

383 3983 512 4056 etheo
540 3985 658 4078 virgini
685 3985 886 4058 debebatur.
939 3987 1093 4072 Quorum
1122 3999 1237 4058 tamen
1263 3990 1318 4060 vel
1336 3989 1580 4083 scripturarum
1599 3999 1756 4082 tempore
1783 3987 1856 4058 dis-

382 4103 510 4200 positio
536 4107 592 4176 vel
618 4105 781 4178 libromm
823 4105 992 4178 ordinatio
1027 4106 1107 4177 ideo
1142 4129 1206 4200 per
1238 4084 1371 4201 singula
1405 4110 1551 4180 anobis
1577 4132 1647 4180 non
1674 4109 1858 4202 exponitur

382 4237 419 4298 nt
461 4226 580 4296 scienti
619 4225 793 4298 desiderio
834 4227 1013 4298 conlocato
1049 4238 1083 4297 ct
1116 4230 1361 4320 quaerentibus
1394 4230 1521 4301 lrnctns
1555 4230 1684 4301 laboris
1719 4239 1755 4300 et
1787 4227 1855 4299 deo

382 4346 569 4438 magisterii
597 4345 752 4419 doctrina
780 4356 945 4417 servetur.

1033 4499 1202 4563 EXPLlClT
