4146 6120
757 397 941 462 urlsruuh
969 401 1082 464 PETRI
1108 403 1139 464 ll.
1626 404 1698 472 383

212 616 291 692 tem,
319 606 383 678 sed
411 607 647 698 speculatores
674 604 754 676 lacti
779 603 866 674 illius
893 603 1151 696 magnitudinis.
1205 598 1230 642 Π
1243 603 1425 699 decipiens
1460 607 1550 677 enim
1584 629 1604 678 a
1632 607 1700 678 deo

196 707 312 819 patre
338 726 506 797 honorem
533 734 568 794 et
594 724 747 816 gloriam,
774 738 864 793 voce
891 720 1041 815 delapsa
1068 723 1114 795 ad
1142 745 1221 795 eum
1248 725 1485 798 huiuscemodi
1519 747 1540 798 a
1566 727 1701 820 magni-

212 843 279 916 lica
306 844 415 936 gloria
448 844 510 914 llic
533 853 598 914 ,est
634 841 722 914 lilius
757 863 856 914 meus
890 839 1058 928 dilectus,
1092 843 1127 914 in
1161 866 1231 936 quo
1264 846 1346 916 mihi
1378 845 1566 938 conplacui.
1618 837 1643 881 ⁴⁸
1660 847 1702 916 Et

213 963 301 1034 hanc
331 984 455 1034 vocem
490 985 556 1035 nos
593 962 786 1035 audivimus
821 961 866 1033 de
902 963 1001 1033 caelo
1037 963 1190 1048 allatam,
1225 987 1304 1035 cum
1331 986 1490 1036 essemus
1518 986 1595 1036 cum
1622 967 1701 1059 ipso

213 1083 247 1152 in
274 1093 392 1153 moute
420 1097 555 1166 sancto,
601 1074 626 1120 ¹⁹
641 1072 674 1130 (⁵)
694 1092 729 1153 et
755 1082 926 1153 babemus
954 1081 1142 1153 firmiorem
1168 1085 1370 1176 profeticum
1398 1105 1614 1168 sermonem,
1648 1085 1703 1154 cui

212 1203 304 1272 bene
331 1201 440 1273 facitis
474 1201 701 1274 adtendentes
729 1201 828 1294 quasi
853 1201 1016 1272 lucernae
1043 1203 1168 1273 lucenti
1195 1204 1230 1273 in
1257 1203 1446 1294 caliginoso
1472 1204 1561 1288 loco,
1589 1203 1703 1274 donec

213 1322 366 1394 lucescat
393 1315 492 1392 'dies
520 1332 555 1393 et
580 1322 698 1393 lucifer
724 1322 853 1394 oriatur
880 1320 915 1390 in
941 1321 1108 1392 cordibus
1133 1324 1273 1403 vestris,
1325 1315 1434 1394 ”hoc
1467 1323 1616 1415 primum
1650 1322 1702 1414 inss

214 1442 418 1534 tellegentes
445 1441 541 1533 quod
568 1442 681 1513 omnis
708 1439 892 1534 prophetia
919 1440 1112 1534 scripturae
1136 1443 1279 1535 propria
1305 1441 1608 1537 interpraetatione
1634 1462 1705 1512 non

215 1559 273 1631 fit:
317 1555 340 1598 ’¹
357 1583 425 1632 non
461 1562 551 1632 enim
585 1563 760 1632 voluntate
796 1559 946 1630 humana
980 1561 1081 1632 allata
1116 1573 1170 1633 est
1197 1562 1382 1655 aliquando
1409 1561 1610 1655 prophetia,
1638 1558 1703 1630 sed

216 1681 336 1773 spiritu
362 1690 482 1752 sancto
509 1680 662 1773 inspirati
688 1679 792 1751 locuti
820 1690 898 1750 sunt
925 1681 1032 1752 sancti
1060 1681 1117 1753 dei
1144 1681 1312 1753 homines.

934 1955 969 2025 ll.

294 2151 474 2230 ⁴Fuerunt
500 2180 585 2230 vero
613 2170 647 2229 et
673 2159 1006 2254 pseudoprophetae
1034 2161 1066 2230 iu
1094 2161 1233 2254 populo,
1261 2163 1348 2234 sicut
1374 2172 1410 2233 et
1436 2161 1470 2231 in
1486 2159 1588 2232 uobis
1607 2169 1706 2229 erunt

219 2279 373 2372 magistri
399 2278 598 2363 mendaces,
626 2278 684 2370 qui
698 2274 872 2349 ¹inducent
899 2289 1013 2351 sectas
1040 2279 1251 2372 perditionis
1280 2292 1421 2352 etcum
1450 2279 1508 2373 qui
1535 2279 1617 2349 emit
1642 2299 1705 2348 eos

219 2397 395 2469 dominum
434 2407 579 2489 negant,
622 2397 896 2490 superducentes
929 2397 993 2470 sibi
1029 2398 1180 2470 celerem
1214 2401 1461 2494 perditionem,
1511 2391 1578 2468 ²et
1612 2397 1707 2468 multi

219 2528 410 2610 sequuntur
437 2539 557 2588 eorum
585 2516 757 2602 luxurias,
791 2537 855 2610 per
890 2540 979 2611 quos
1015 2518 1071 2589 via
1101 2519 1254 2591 veritatis
1286 2497 1597 2612 blasphemabitur,
1641 2507 1707 2585 ³et

220 2639 273 2708 'in
308 2637 449 2708 avaritia
480 2635 566 2706 lictis
601 2635 719 2706 verbis
753 2635 799 2708 de
834 2638 937 2710 vobis
972 2638 1253 2731 negotiabuntur,
1288 2639 1413 2732 quibus
1447 2635 1610 2709 iudicium
1637 2636 1706 2708 iam

220 2757 300 2826 olim
327 2777 397 2828 non
424 2765 546 2841 cessat,
574 2765 609 2826 et
636 2753 784 2848 perditio
812 2777 934 2828 eorum
960 2779 1029 2829 non
1058 2757 1229 2829 dormitat.
1280 2745 1341 2803 “⁰³
1356 2755 1391 2827 Si
1416 2756 1507 2826 enim
1532 2755 1621 2828 deus
1644 2776 1707 2825 an-

220 2876 306 2966 gelis
333 2875 556 2968 peccantibus
583 2896 653 2946 nou
680 2876 854 2970 pepercit,
889 2876 954 2947 sed
981 2877 1194 2969 rugientibus
1225 2875 1347 2947 inlerni
1373 2875 1548 2947 detractos
1575 2875 1609 2944 in
1635 2885 1707 2944 tar-

220 3004 331 3064 tarum
365 2993 504 3064 tradidit
538 2994 572 3063 in
608 2991 769 3064 iudicium
805 2995 1013 3066 cruciandos
1048 2996 1237 3080 reservari,
1289 2986 1352 3065 ⁶et
1387 2994 1542 3085 originali
1578 2993 1707 3064 mundo

221 3133 291 3182 non
317 3112 482 3204 pepercit,
511 3113 575 3184 sed
603 3123 763 3184 octavum
789 3115 866 3184 Noe
892 3113 1040 3183 iustitiae
1067 3135 1277 3205 praeconem
1311 3113 1509 3190 custodivit,
1542 3112 1707 3184 diluvium

223 3229 351 3302 mundo
378 3231 560 3323 impiorum
589 3231 771 3318 inducens,
815 3223 878 3303 ⁶et
903 3231 1058 3303 civitates
1085 3232 1319 3304 Sodomorum
1353 3243 1388 3302 ct
1415 3231 1707 3304 Gomorraeorum

222 3349 255 3418 in
290 3349 441 3420 cinerem
474 3349 638 3441 redigens
673 3352 857 3422 eversione
892 3351 1082 3435 damnavit,
1119 3353 1318 3444 exemplum
1358 3372 1479 3421 eorum
1512 3351 1569 3442 qui
1604 3349 1739 3442 impie¹

222 3469 328 3538 acturi
355 3479 433 3539 sunt
467 3491 617 3562 ponens,
659 3462 723 3541 '¹et
756 3472 880 3542 iustum
915 3469 1002 3541 Loth
1036 3491 1242 3564 oppressum
1276 3493 1296 3542 a
1329 3469 1556 3542 nefandorum
1589 3467 1709 3538 iniuria

154 3667 161 3674 ,
223 3589 488 3660 conversatione
515 3589 619 3659 eruit:
659 3580 838 3684 ⁸aspectu
865 3591 956 3660 enim
983 3599 1019 3661 et
1045 3589 1162 3660 auditu
1188 3590 1296 3662 iustus
1323 3599 1398 3662 erat
1429 3589 1589 3660 habitans
1615 3587 1709 3680 apud

223 3728 287 3779 eos
323 3709 380 3801 qui
414 3707 459 3779 de
493 3707 550 3780 die
585 3708 619 3778 in
654 3709 747 3782 diem
782 3711 930 3782 arrimam
973 3711 1098 3782 iustam
1127 3709 1250 3802 iniquis
1290 3709 1455 3803 operibus
1494 3706 1707 3780 cruciabant:

221 3822 349 3900 ⁹novit
375 3828 535 3900 domiuus
562 3827 640 3921 pios
667 3829 713 3901 de
740 3830 965 3923 temptatione
992 3831 1138 3924 eripere,
1166 3829 1302 3921 iniquos
1329 3851 1414 3902 vero
1441 3829 1475 3898 in
1500 3827 1593 3899 diem
1619 3825 1710 3898 iudi-

223 3949 266 4020 cii
292 3948 497 4021 cruciandos
524 3969 723 4035 reservare,
768 3941 793 3985 ¹⁰
810 3949 921 4042 magis
948 3960 1062 4021 autem
1091 3969 1154 4020 ecs
1188 3950 1245 4040 qui
1279 3961 1359 4042 post
1393 3969 1531 4020 carnem
1563 3948 1709 4017 incon·
1817 4041 1821 4046 Ι

224 4070 435 4162 cupiscentia
462 4067 684 4140 inmunditiae
711 4069 887 4141 ambulant
913 4068 1252 4159 dominationemque
1279 4077 1510 4140 contemnunt.
1536 4065 1709 4150 Audaces,

224 4185 289 4258 sibi
324 4189 518 4280 placentes,
547 4197 662 4259 sectas
697 4209 768 4259 non
801 4197 958 4260 metuunt
983 4189 1099 4260 lacere
1125 4187 1422 4280 blasphemantes,
1477 4179 1498 4222 ¹¹
1514 4176 1546 4230 ‘⁷'
1561 4186 1620 4256 ubi
1647 4207 1710 4255 au-

224 4307 307 4398 geb,
333 4303 529 4378 fortitudine
564 4315 599 4376 et
631 4306 754 4376 uirtute
788 4327 866 4376 cum
899 4307 966 4378 sint
996 4308 1163 4392 maiores,
1198 4329 1269 4378 non
1294 4317 1434 4402 portant
1459 4305 1645 4377 adversum
1672 4323 1712 4372 se

225 4425 425 4497 execrabile
451 4425 628 4496 iudicium:
672 4415 698 4460 ⁴²
715 4423 749 4494 bi
778 4445 861 4495 vero
888 4427 984 4496 velut
1009 4426 1258 4498 inrationabilia
1294 4448 1423 4520 pecora
1453 4423 1652 4497 naturaliter
1678 4422 1712 4490 in

226 4545 421 4636 captionem
448 4553 484 4615 et
515 4543 550 4613 in
582 4541 771 4636 perniciem
804 4543 839 4612 in
865 4543 918 4614 his
951 4567 1042 4636 quae
1074 4546 1234 4638 ignorant
1259 4537 1540 4640 blasphemantes
1571 4541 1605 4611 in
1632 4561 1712 4611 cor-

225 4662 384 4756 ruptione
412 4685 475 4734 sua
501 4675 535 4733 et
560 4661 735 4756 peribunt,
778 4653 804 4698 ⁴³
816 4663 1048 4755 percipientes
1067 4665 1266 4736 mercedem
1285 4665 1475 4749 iniustitiae,
1502 4663 1713 4734 voluntatem

226 4782 463 4853 existimantes
491 4781 560 4853 diei
586 4780 733 4864 dilicias,
762 4780 1049 4873 coinquinationis
1076 4793 1111 4854 et
1137 4784 1294 4855 maculae
1321 4783 1441 4856 diliciis
1474 4781 1653 4854 allluentes
1680 4779 1715 4850 in

227 4900 392 4971 conviviis
426 4887 639 4973 luxuriantes
671 4899 870 4986 vobiscum,
921 4892 1085 4974 “oculos
1119 4901 1289 4974 babentes
1321 4906 1445 4997 plenos
1478 4900 1646 4972 adulterio
1680 4909 1715 4970 et

227 5019 423 5091 incessabili
450 5019 586 5105 dehcto,
612 5021 814 5113 pellicentes
842 5019 973 5090 animas
999 5019 1193 5106 instabiles,
1230 5043 1291 5093 cor
1322 5023 1547 5094 exercitatum
1575 5019 1716 5090 avaritia

227 5139 414 5224 habentes,
449 5137 695 5211 maledictionis
732 5139 806 5225 lilii,
857 5131 884 5175 ⁴⁶
901 5139 1178 5232 derelinquentes
1211 5151 1342 5214 rectam
1377 5141 1467 5212 viam
1504 5149 1715 5222 erraverunt,

807 5260 829 5347 l,
859 5253 907 5331 l7
933 5297 985 5310 -
1010 5259 1046 5345 ll,
1078 5263 1133 5330 l5.
