4146 6120
594 345 597 350 ¹
707 389 887 454 snsnum
913 391 1091 455 munnms
1117 392 1136 452 ι.
1617 373 1684 460 aul

207 596 267 671 ²ln
295 600 362 670 hoc
390 595 634 689 cognoscimus
661 597 823 689 quoniam
849 595 1021 689 diligimus
1048 604 1150 668 natos
1177 595 1242 679 dei,
1271 594 1481 667 cum'deum
1509 595 1691 689 diligamus

208 731 243 792 et
270 718 433 792 mandata
460 717 534 788 eius
560 717 734 788 faciamus.
778 708 900 788 ³Haec
926 725 981 788 est
1007 715 1098 786 enim
1126 716 1252 786 coritas
1279 715 1346 800 dei,
1375 725 1411 786 ut
1428 715 1590 788 mandata
1618 717 1693 788 eius

208 838 462 913 custodiamus:
490 846 526 907 et
551 837 714 910 mandata
741 837 816 908 eius
842 837 960 929 gravia
986 858 1057 908 non
1090 847 1182 923 sunt,
1234 827 1428 928 *quoniam
1462 856 1565 908 omne
1597 839 1692 930 quod

208 970 323 1032 natum
351 967 405 1030 cst
431 978 477 1028 ex
504 957 573 1029 deo
600 957 703 1030 vincit
728 956 910 1029 mundum:
938 967 972 1028 et
998 957 1086 1028 haec
1112 967 1166 1028 est
1190 955 1337 1028 victoria
1364 976 1454 1048 quae
1472 955 1574 1027 vincit
1591 981 1691 1030 mun-

210 1081 302 1164 dum,
330 1078 416 1149 fides
442 1088 572 1150 nostra.
624 1071 741 1164 ⁵Quis
768 1087 823 1149 cst
849 1077 907 1170 qui
932 1075 1035 1148 vincit
1060 1076 1242 1162 mundum,
1271 1075 1336 1147 nisi
1368 1075 1426 1168 qui
1461 1075 1569 1148 credit
1602 1101 1691 1171 quo-

208 1201 300 1271 niam
326 1199 421 1269 lesus
449 1209 503 1269 εει
529 1197 618 1272 iilius
644 1197 726 1270 dei‘?
769 1189 858 1268 ‘llic
885 1205 940 1269 est
966 1197 1024 1290 qui
1050 1197 1144 1268 venit
1169 1218 1234 1291 per
1262 1217 1389 1290 aquam
1416 1207 1452 1268 et
1478 1195 1690 1290 sanguinem,

210 1321 304 1391 lesus
331 1317 500 1391 Christus:
527 1340 599 1390 non
625 1320 659 1390 in
686 1340 776 1411 aqua
802 1319 925 1404 solum,
953 1318 1019 1390 sed
1045 1319 1079 1388 in
1105 1339 1196 1412 aqua
1222 1327 1258 1389 et
1284 1315 1469 1409 sanguine:
1497 1325 1531 1386 et
1557 1317 1693 1412 spiritus
1743 1359 1745 1368 =

212 1451 267 1511 εει
299 1439 356 1532 qui
389 1439 587 1511 testificatur
621 1437 784 1532 quoniam
819 1437 969 1512 Christus
1002 1448 1057 1510 εει
1087 1439 1225 1510 veritas.
1277 1429 1399 1522 'Quia
1430 1445 1501 1508 tres
1532 1447 1611 1508 sunt
1636 1439 1693 1530 qui

211 1560 440 1632 testimonium
475 1558 573 1642 dant,
623 1553 790 1654 ⁸spiritus
825 1568 860 1629 ει
893 1580 983 1652 aqua
1014 1568 1049 1628 ει
1081 1559 1236 1650 sanguis,
1279 1568 1323 1628 ει·
1354 1565 1425 1628 tres
1462 1579 1568 1628 unum
1607 1569 1693 1630 sunt.
1827 1603 1841 1620 ·

210 1671 287 1728 Μ’)
302 1681 337 1750 Si
365 1679 595 1750 testimonium
621 1678 799 1750 hominum
827 1677 1024 1772 accipimus,
1052 1679 1282 1750 testimonium
1303 1677 1360 1748 dci
1378 1675 1488 1747 maius
1506 1685 1575 1748 est:
1603 1701 1694 1772 quo·
1828 1746 1829 1750 ,

213 1803 303 1870 niam
330 1800 398 1870 hoo
424 1809 478 1870 est
505 1798 736 1870 testimonium
764 1797 831 1884 dei,
858 1797 954 1890 quod
980 1799 1090 1869 maius
1117 1809 1188 1884 ost,
1222 1797 1303 1890 quia
1335 1795 1533 1868 testificatus
1563 1809 1617 1869 est
1648 1800 1694 1872 de

214 1919 282 1991 filio
310 1940 385 1990 suo.
437 1911 463 1955 ⁴⁰
481 1919 546 2004 Qui
573 1919 682 1990 credit
707 1919 742 1989 in
769 1917 837 1990 filio
865 1917 931 2004 dei,
959 1919 1064 1992 habet
1081 1918 1311 1990 testimonium
1339 1916 1398 1988 dei
1415 1917 1449 1987 in
1466 1937 1523 1988 se:
1551 1919 1694 2011 quinon

214 2033 351 2124 credit',
378 2039 584 2110 mendacem
611 2039 691 2110 lacit
716 2061 805 2124 eum,
833 2039 997 2132 quoniam
1024 2057 1093 2108 non
1119 2033 1290 2110 'credidit
1315 2036 1348 2106 in
1375 2037 1571 2110 testimonio
1599 2039 1696 2132 quod

216 2159 417 2230 testificatus
451 2169 504 2230 est
538 2159 625 2230 deus
660 2159 705 2230 de
738 2158 807 2230 lilio
840 2180 913 2230 suo.
967 2151 989 2194 ”
1005 2159 1047 2228 Ει
1077 2157 1146 2229 hoc
1173 2167 1227 2228 εει
1253 2156 1504 2242 testimonium,
1532 2159 1694 2252 quoniam

215 2279 319 2380 vitam
347 2290 526 2350 aeternam
553 2279 649 2351 dedit
674 2279 776 2350 nobis
803 2278 899 2363 deus,
928 2289 964 2348 et
989 2278 1076 2348 haec
1102 2277 1171 2347 vita
1203 2276 1236 2346 in
1262 2275 1331 2349 filio
1360 2276 1444 2348 eius.
1496 2271 1522 2315 ¹²
1540 2279 1605 2364 Qui
1631 2279 1695 2350 ha-

216 2400 276 2469 bet
293 2398 407 2484 lilium,
435 2399 541 2470 habet
557 2400 678 2470 vitam:
706 2399 765 2491 qui
782 2419 852 2470 non
869 2399 976 2470 habet
993 2393 1127 2482 filium',
1146 2397 1251 2468 vitum
1269 2417 1338 2468 non
1356 2396 1472 2468 habet.
1497 2389 1524 2432 ⁴³
1541 2389 1589 2444 (¹⁹³
1603 2399 1696 2470 Haec

217 2518 338 2611 scripsi
365 2518 466 2590 vobis
493 2529 529 2590 ut
555 2519 671 2590 sciatis
698 2520 860 2611 quoniam
885 2519 992 2589 vitam
1019 2517 1153 2588 hahetis
1180 2527 1372 2602 autumem,
1407 2518 1465 2610 qui
1499 2517 1636 2590 creditis
1661 2519 1696 2589 in

216 2638 356 2710 nomino
383 2638 439 2708 filii
465 2636 532 2709 dei.
585 2631 610 2674 ”
626 2639 669 2709 Et
700 2637 788 2710 haec
820 2649 873 2710 cst
907 2637 1032 2710 fiducia
1067 2659 1169 2730 quam
1203 2637 1374 2710 habemus
1406 2636 1451 2709 ad
1488 2657 1584 2722 eum,
1616 2639 1696 2730 quia

216 2758 462 2850 quodcumque
489 2757 688 2850 petierimus
715 2757 902 2830 secuudum
930 2759 1142 2830 voluntatem
1169 2757 1252 2842 eius,
1280 2756 1377 2830 audit
1401 2777 1477 2828 nos.
1530 2748 1696 2828 ¹⁵1ltsci-

218 2901 295 2950 mus
322 2878 484 2970 quoniam
519 2877 615 2948 audit
645 2899 711 2949 nos
745 2878 908 2974 quicquid
942 2879 1157 2974 petierimus,
1186 2876 1313 2948 scimus
1340 2876 1501 2968 miculam
1528 2877 1697 2950 habemus

218 2997 400 3088 petitiones
433 3017 520 3088 quus
552 2997 767 3090 postulamus
802 3000 846 3072 ab
881 3021 934 3070 eo.
988 2991 1014 3037 ¹⁶
1032 3000 1097 3084 Qui
1130 2997 1194 3070 scit
1231 2999 1369 3068 fratrem
1408 3017 1509 3068 suum
1549 3017 1697 3091 peccare

218 3125 399 3208 peccatum
428 3135 495 3185 non
531 3114 576 3186 ud
602 3125 767 3202 mortem,
802 3119 897 3211 petit,
925 3129 960 3190 ει
986 3118 1083 3189 dabit
1109 3117 1140 3188 si
1167 3115 1281 3202 vitam,
1307 3116 1626 3211 peccantibusnon
1651 3119 1698 3190 ud

219 3245 377 3308 montem.
430 3235 491 3306 Est
516 3244 696 3328 peccatum
729 3237 775 3308 ad
809 3249 975 3310 mortem:
1010 3257 1082 3307 non
1114 3259 1179 3330 pro
1211 3239 1269 3310 illo
1304 3237 1384 3308 dico
1419 3246 1456 3306 ut
1488 3248 1587 3329 roget
1612 3238 1697 3330 quis.

135 3359 140 3369 ’
218 3347 244 3391 ”
262 3355 382 3426 Omnis
406 3354 566 3446 iniquitas
591 3364 773 3448 peccatum
800 3368 868 3443 εει,
895 3367 931 3430 ει
956 3366 1010 3430 εει
1036 3365 1217 3450 peccatum
1241 3356 1288 3428 ad
1313 3365 1469 3428 montem.
1522 3349 1548 3394 ¹⁸
1564 3357 1698 3428 Scimus

218 3476 380 3568 quoniam
416 3473 528 3546 omnis
563 3475 621 3566 qui
652 3485 753 3548 natus
786 3469 841 3548 est
875 3498 921 3548 ex
955 3476 1025 3548 deo
1057 3497 1127 3548 non
1161 3487 1297 3570 peccat,
1334 3475 1400 3548 sod
1429 3478 1606 3568 generatio
1640 3475 1698 3550 dei

219 3605 405 3668 conservat
430 3616 520 3678 eum,
548 3605 582 3664 ει
609 3595 777 3688 malignus
803 3619 874 3668 non
905 3597 1012 3688 tangit
1038 3617 1128 3668 eum.
1182 3587 1273 3645 W)
1294 3596 1428 3668 Scimus
1462 3597 1623 3690 quoniam
1650 3619 1697 3670 ex

220 3714 289 3788 deo
316 3737 445 3800 sumus,
474 3715 682 3786 elmundus
709 3725 802 3787 totus
828 3715 862 3786 in
888 3717 1037 3810 maligno
1063 3715 1197 3811 positus
1224 3727 1287 3818 est
1338 3710 1365 3754 ²⁰
1381 3717 1423 3786 Et
1455 3717 1582 3790 scimus
1607 3739 1697 3810 quo-

219 3837 311 3910 niam
337 3835 424 3908 filius
451 3835 509 3910 dei
534 3835 636 3922 venit,
663 3845 699 3908 et
723 3835 821 3910 dedit
844 3835 946 3908 nohis
972 3857 1111 3908 sensum
1131 3847 1168 3908 ut
1185 3857 1437 3929 cognoscamus
1454 3858 1575 3910 verum
1593 3837 1697 3910 deum

221 3967 256 4028 ει
281 3957 388 4030 simus
423 3957 457 4028 in
491 3977 595 4042 vero,
622 3955 691 4028 filio
725 3956 817 4028 eius:
853 3956 908 4028 hic
943 3967 997 4028 est
1030 3979 1135 4028 venus
1169 3969 1203 4030 et
1238 3958 1306 4030 vita
1339 3967 1488 4030 aeterna.
1539 3950 1562 3996 ²¹
1583 3959 1697 4042 Filioli,

221 4079 390 4152 custodite
416 4099 483 4150 vos
510 4099 531 4148 a
558 4077 781 4148 simulachris.

661 4193 831 4292 sxnnucu
852 4228 1032 4291 scissum
1055 4214 1287 4294 lonluuus'n
