4146 6120
356 377 427 454 ttl
862 349 1122 448 moclnrrsrs
1148 385 1326 450 ieiunus

1305 490 1453 498 -ffla—--o
1463 490 1491 496 -ι
1497 489 1831 502 -ι--ο--α--η-ι-π-ο-αη

357 583 443 662 13Ει
481 587 624 660 vestitus
657 597 733 660 erat
759 597 894 662 vestem
935 609 1115 680 aspersam
1147 590 1326 681 sanguine,
1368 601 1403 662 et
1433 600 1579 662 vocatur
1609 612 1737 662 nomen
1771 592 1845 664 eius

354 709 500 782 verbum
527 707 593 780 dei.
647 698 673 746 ⁴⁴
688 708 730 780 Et
756 709 932 782 exereitus
957 709 1016 801 qui
1042 718 1121 780 sunt
1146 710 1180 782 in
1207 711 1305 784 caelo
1333 711 1569 803 sequebantur
1586 732 1666 782 eum
1693 711 1726 782 in
1744 712 1844 804 equis

249 831 251 836 '
355 829 451 914 albis,
478 829 592 902 vestiti
619 827 799 921 byssinum
826 829 942 902 album
970 829 1145 902 muudum.
1190 822 1269 904 15Ει
1295 831 1341 902 de
1367 853 1430 904 ore
1457 831 1564 924 ipsius
1588 831 1750 932 propedit
1767 815 1844 924 gla-

354 949 432 1022 dius
459 959 589 1034 aoutus,
617 958 654 1023 ut
680 949 714 1018 in
740 950 816 1043 ipso
845 949 1015 1044 percutiat
1040 961 1180 1042 gentes:
1208 962 1243 1024 et
1268 951 1344 1045 ipse
1371 961 1472 1044 reget
1498 973 1563 1024 eos
1589 952 1622 1024 iu
1649 953 1747 1044 virga
1773 955 1843 1024 ler-

356 1092 426 1154 rea,
455 1079 490 1139 ot
515 1070 591 1162 ipse
618 1069 729 1142 calcat
753 1071 904 1144 torcular
930 1069 998 1140 vird
1025 1071 1150 1142 luroris
1177 1072 1249 1144 irae
1276 1071 1332 1143 dei
1360 1073 1616 1165 omnipotentis.
1670 1063 1696 1110 ⁴⁶
1711 1074 1753 1146 ltt
1780 1073 1844 1146 ha-

355 1190 473 1262 betin
508 1189 717 1262 vestimento
752 1201 787 1262 et
820 1191 854 1260 in
888 1192 1022 1264 femore
1052 1213 1117 1264 suo
1152 1193 1315 1286 scriptum
1331 1193 1423 1264 ‘llex
1458 1213 1579 1284 regum
1614 1203 1649 1264 et
1682 1191 1844 1266 dominus
1922 1183 1925 1196 '

354 1310 613 1382 dominantium.
666 1303 692 1348 Π
709 1311 753 1382 Et
792 1311 863 1382 vidi
904 1333 1007 1384 unum
1043 1313 1201 1404 angelum
1238 1322 1385 1386 stantem
1419 1313 1453 1383 in
1488 1313 1579 1388 sole:
1617 1323 1651 1384 et
1687 1313 1845 1387 clamavit

233 1452 236 1461 ’
353 1452 443 1502 voce
478 1452 605 1524 magua
638 1430 760 1502 dicens
794 1431 954 1504 omnibus
987 1432 1111 1504 avibus
1149 1455 1240 1525 quae
1274 1435 1437 1506 volabaut
1476 1455 1540 1526 per
1574 1433 1725 1506 medium
1759 1434 1845 1506 caeli

354 1551 473 1622 Venite
501 1551 759 1642 congregamini
786 1553 833 1624 ad
859 1574 982 1626 cenam
1001 1575 1164 1644 magnam
1192 1553 1264 1636 dei,
1308 1545 1334 1590 ⁴⁸
1351 1563 1388 1626 ut
1411 1554 1627 1628 manducetis
1646 1575 1768 1626 carnes
1786 1575 1844 1628 re-

354 1693 437 1763 gum
464 1681 499 1742 et
525 1692 650 1742 carnes
678 1673 890 1744 tribunomm
919 1681 954 1743 et
980 1693 1103 1744 carnes
1129 1675 1267 1746 fortium
1295 1685 1330 1746 et
1365 1695 1490 1746 carnes
1525 1696 1694 1767 equorum
1721 1685 1758 1746 et
1783 1697 1843 1748 se-

354 1792 507 1864 dentium
534 1792 568 1862 in
594 1791 689 1884 ipsis,
716 1803 753 1866 et
778 1813 901 1866 carnes
919 1792 1080 1865 omnium
1107 1793 1294 1866 liberorum
1322 1817 1363 1866 ac
1390 1773 1627 1868 servomm‘et
1644 1795 1843 1887 pusillorum

355 1933 396 1982 ac
426 1933 642 2004 magnorum.
695 1903 721 1950 ¹⁹
737 1915 779 1986 Et
810 1912 882 1984 vidi
914 1912 1062 1986 bestiam
1097 1923 1133 1984 et
1166 1935 1271 2007 reges
1302 1924 1415 1988 terrae
1450 1926 1487 1988 et
1521 1915 1696 1988 exercitus
1723 1937 1843 1988 eorum

354 2041 588 2124 congregatos
615 2031 661 2102 ad
686 2033 880 2108 laciendum
906 2033 1077 2127 proelium
1105 2057 1184 2106 cum
1209 2035 1266 2106 illo
1293 2035 1351 2127 qui
1369 2034 1519 2108 sedehat
1544 2036 1578 2108 in
1596 2057 1688 2128 equo
1713 2045 1843 2106 etcum

355 2147 566 2231 'exercitum
598 2151 681 2223 eius.
732 2147 759 2192 '⁰
775 2155 816 2226 Et
846 2153 1090 2248 adpraehensa
1122 2164 1176 2225 est
1208 2154 1335 2240 bestia,
1371 2166 1510 2227 etcum
1537 2156 1593 2228 illo
1621 2155 1843 2249 pseudopro-

354 2273 460 2366 pheta
493 2271 552 2365 qui
586 2273 665 2344 iecit
699 2274 798 2367 signa
831 2296 949 2345 coram
983 2274 1078 2368 ipso,
1114 2274 1238 2368 quibus
1274 2275 1415 2347 seduxit
1448 2299 1511 2347 eos
1545 2276 1602 2368 qui
1636 2287 1843 2369 acceperunt

355 2403 569 2464 caracterem
603 2394 752 2478 bestiae,
789 2393 846 2484 qui
880 2403 915 2483 et
950 2393 1098 2465 adorant
1129 2395 1315 2488 imaginem
1347 2396 1436 2466 eius:
1471 2397 1541 2466 vivi
1574 2397 1670 2467 missi
1705 2407 1783 2468 sunt
1809 2396 1842 2466 hi

355 2513 426 2584 duo
452 2513 487 2582 in
514 2521 673 2604 stagnum
699 2513 788 2605 ignis
814 2513 967 2586 ardentis
995 2513 1167 2607 sulphure.
1220 2507 1242 2552 ²¹
1263 2516 1306 2588 Et
1331 2515 1435 2588 ceteri
1464 2517 1570 2588 occisi
1603 2518 1742 2598 suntin
1768 2517 1842 2608 gla-

355 2632 414 2704 dio
443 2631 596 2704 sedentis
624 2654 730 2725 super
756 2653 899 2724 equum,
936 2634 994 2726 qui
1029 2633 1187 2726 procedit
1220 2635 1267 2708 de
1302 2657 1364 2708 ore
1390 2635 1515 2728 ipsius,
1545 2648 1580 2708 et
1607 2657 1729 2710 omnes
1756 2659 1842 2709 aves

355 2761 529 2824 saturatae
555 2761 634 2824 sunt
659 2752 819 2826 camihus
846 2774 976 2826 eorum.

1062 3047 1133 3117 XX.

429 3243 504 3320 ⁴Et
529 3249 600 3322 vidi
628 3251 789 3343 angelum
817 3245 1109 3339 'descendentem
1138 3253 1196 3324 de‘
1211 3253 1320 3336 caelo,
1348 3251 1532 3323 habentem
1562 3254 1696 3325 clavem
1723 3254 1840 3348 abyssi

355 3379 391 3440 et
416 3379 575 3442 catenam
602 3392 764 3464 magnam
790 3370 824 3440 in
851 3392 954 3442 manu
981 3395 1054 3445 sua.
1105 3367 1179 3444 'Et
1196 3372 1450 3466 adpraehendit
1467 3373 1667 3459 draconem,
1695 3393 1840 3467 serpen-

354 3501 426 3561 tem
452 3491 645 3584 antiquum,
679 3491 737 3584 qui
771 3499 825 3560 est
857 3490 1019 3564 diabolus
1052 3502 1087 3565 et
1117 3503 1274 3578 manas,
1310 3502 1346 3563 et
1377 3492 1494 3586 ligavit
1527 3519 1607 3566 eum
1641 3515 1705 3588 per
1730 3515 1840 3565 annos

355 3611 461 3696 mille,
505 3604 572 3684 ³et
598 3612 689 3684 misit
714 3631 795 3683 eum
811 3593 855 3681 ¹in
890 3612 1071 3706 abyssum,
1108 3623 1143 3685 et
1168 3613 1266 3686 clusit
1299 3623 1335 3684 et
1367 3614 1514 3706 signavit
1539 3637 1644 3710 super
1669 3615 1778 3698 illum,
1805 3625 1841 3684 ut

354 3751 425 3802 non
451 3730 599 3804 seducat
624 3729 770 3823 amplius
797 3741 919 3822 gentes
945 3733 1061 3804 donec
1087 3743 1369 3806 consummentur
1393 3734 1484 3805 mille
1520 3738 1614 3808 anni:
1648 3735 1840 3828 posthaec

356 3860 497 3944 oportet
521 3851 614 3922 illum
642 3849 731 3923 solvi
756 3851 897 3924 modico
926 3863 1093 3946 tempore.
1145 3844 1219 3924 *Et
1242 3853 1313 3925 vidi
1341 3853 1455 3939 sedes,
1483 3864 1519 3926 et
1545 3857 1710 3927 sederunt
1736 3875 1840 3948 super

356 3991 427 4057 eas,
455 3981 490 4042 et
515 3970 678 4044 iudicium
705 3970 825 4046 datum
852 3982 907 4044 est
931 3973 1004 4073 illis,
1032 3987 1068 4045 et
1093 3974 1227 4046 animas
1253 3973 1503 4046 decollatorum
1521 3987 1666 4068 propter
1683 3975 1835 4046 testimo-

355 4089 447 4161 nium
475 4091 553 4162 lesu
586 4100 622 4162 et
651 4101 794 4184 propter
825 4093 970 4164 verbum
999 4093 1072 4179 dei,
1101 4093 1220 4186 etqui
1245 4116 1316 4164 non
1342 4095 1577 4168 adoraverunt
1604 4093 1751 4167 bestiam
1777 4117 1840 4165 ne·

355 4231 425 4304 que
451 4211 637 4305 imaginem
669 4213 745 4284 eins
777 4233 844 4284 nec
877 4224 1087 4306 acceperunt
1121 4223 1333 4286 caracterem
1368 4215 1442 4285 eius
1469 4215 1503 4284 in
1529 4215 1697 4286 frontibus
1724 4225 1783 4286 aut
1807 4215 1841 4284 in

355 4331 514 4402 manibus
541 4333 622 4417 suis,
650 4342 687 4403 et
711 4333 871 4404 vixerunt
896 4341 932 4404 et
956 4345 1189 4426 regnaverunt
1214 4356 1293 4405 cum
1321 4334 1455 4406 Christo
1481 4335 1573 4407 mille
1601 4335 1714 4407 annis:
1748 4327 1841 4406 ⁵ce-

354 4451 420 4522 teri
446 4461 663 4524 mortuorum
689 4475 760 4524 non
785 4455 945 4525 vixerunt
971 4453 1085 4526 donec
1111 4465 1393 4526 consummentur
1419 4455 1510 4526 mille
1536 4456 1624 4526 anni.
1677 4455 1771 4526 Haec
1788 4465 1843 4528 est

355 4573 563 4644 resurrectio
588 4571 709 4666 prima.
761 4566 919 4647 ⁰Beatus
945 4586 981 4646 et
1006 4582 1145 4646 sanctus
1172 4575 1229 4667 qui
1255 4575 1361 4646 habet
1384 4585 1519 4669 partem
1537 4576 1572 4645 in
1589 4575 1842 4648 resurrectione

355 4691 482 4785 prima:
516 4691 551 4764 in
583 4693 637 4764 his
670 4693 825 4765 secunda
850 4715 947 4766 mors
972 4716 1045 4765 non
1069 4694 1176 4766 habet
1200 4705 1427 4788 potestatem,
1455 4697 1520 4768 sed
1546 4707 1646 4768 erunt
1672 4695 1841 4768 sacerdo-

356 4822 410 4882 tes
436 4811 495 4884 dei
521 4825 557 4886 et
582 4813 720 4900 Christi,
754 4824 789 4886 et
823 4815 1017 4908 regnabunt
1051 4837 1128 4888 cum
1155 4816 1211 4887 illo
1245 4817 1337 4888 mille
1363 4817 1469 4888 annis.
1521 4809 1624 4890 ⁷Sed
1643 4839 1728 4889 -cum
1756 4839 1842 4888 eon-

356 4933 516 5003 summati
540 4934 666 5006 luerint
691 4936 782 5006 mille
810 4937 901 5022 anni,
930 4937 1085 5008 solvetur
1110 4945 1250 5008 saunas
1279 4937 1326 5009 de
1353 4959 1494 5010 carcere
1521 4960 1600 5023 suo,
1651 4931 1710 5012 ⁸et
1736 4938 1844 5009 exivit

355 5061 392 5122 et
418 5053 563 5126 seducet
588 5065 710 5148 gentes
737 5079 828 5150 quae
854 5067 933 5132 sunt
956 5078 1064 5151 super
1091 5067 1252 5149 quattuor
1278 5059 1423 5152 angulos
1450 5069 1572 5144 terrae,
1602 5059 1679 5152 Gog
1706 5069 1740 5130 et
1766 5059 1842 5130 hla-

357 5193 439 5266 gog,
467 5183 502 5244 et
527 5177 754 5270 congregavit
779 5199 842 5295 eos
869 5178 902 5248 in
929 5179 1115 5270 proelium,
1149 5199 1296 5271 quorum
1330 5200 1494 5252 numerus
1530 5189 1584 5252 est
1616 5181 1703 5252 siout
1737 5199 1842 5250 arena

903 5297 1298 5384 illata-xta.
