4254 6130
490 1353 853 1525 uvuuonuuu
898 1420 1205 1528 secuuntur
1248 1425 1557 1528 rouuuuuu.

1000 1717 1029 1812 ⁴1.

362 1899 450 1958 ΗΜ)
467 1893 507 1994 hr
531 1921 696 2015 prinoipio
722 1932 796 1993 eret
820 1922 982 2008 verbum,
1010 1931 1045 1994 et
1068 1923 1214 1996 verbum
1240 1937 1314 1997 eret
1336 1925 1429 2020 opud
1458 1925 1577 2008 deum,
1604 1931 1640 1993 ει
1664 1921 1752 1996 deus

286 2051 361 2114 erat
385 2042 541 2113 verbum.
592 2033 695 2113 ²Hoo
721 2051 794 2114 erat
819 2043 853 2112 in
878 2043 1044 2138 principio
1079 2045 1172 2138 apud
1203 2046 1317 2118 deurn.
1369 2037 1521 2116 ³Omuie
1552 2043 1751 2136 peripsum

285 2164 373 2234 facts
399 2172 486 2248 sunt,
513 2173 549 2233 ει
574 2161 647 2233 sine
673 2162 749 2256 ipso
774 2163 899 2233 sectum
926 2173 980 2234 εει
1004 2163 1083 2234 ruht
1109 2165 1205 2258 quod
1230 2167 1356 2238 suctum
1383 2173 1444 2236 est.
1491 2152 1556 2234 ‘ln
1581 2163 1657 2256 ipso
1683 2162 1752 2234 vite

286 2292 369 2368 eret
396 2282 525 2354 etrite
552 2291 626 2354 eret
651 2284 710 2354 tux
736 2281 926 2355 hominum:
970 2275 1036 2354 5ει
1060 2285 1120 2356 lux
1145 2285 1180 2355 in
1206 2285 1358 2357 tenebris
1390 2285 1494 2367 lueet,
1528 2291 1563 2353 ει
1587 2282 1752 2354 tenebrae

286 2425 364 2476 eam
390 2423 460 2474 non
485 2401 829 2496 comprehenderunt.
880 2393 975 2449 “2³³
988 2404 1062 2475 Fuit
1087 2404 1194 2477 homo
1220 2405 1347 2476 missus
1377 2427 1398 2475 u
1429 2402 1513 2488 deo,
1547 2404 1601 2475 cui
1626 2423 1752 2474 nomen

286 2532 361 2596 eret
385 2521 565 2594 lohannes:
608 2513 693 2592 'hio
718 2521 869 2592 venitin
894 2523 1138 2608 testimonium,
1166 2533 1204 2594 ut
1230 2522 1458 2594 testimonium
1483 2522 1680 2616 perhiberet
1705 2521 1752 2594 de

285 2644 426 2725 lumine,
460 2651 497 2714 ut
529 2661 651 2714 omnes
677 2641 859 2714 crederent
889 2643 954 2735 per
984 2645 1087 2716 illum.
1137 2635 1246 2714 ⁸Non
1272 2645 1345 2713 erut
1369 2643 1424 2714 ille
1450 2643 1518 2728 lux,
1545 2642 1609 2714 sed
1635 2653 1672 2714 ut
1697 2651 1751 2714 te-

281 2761 480 2837 'stimonium
512 2757 711 2854 perhiberet
743 2763 789 2836 de
821 2762 955 2836 lumine.
1006 2755 1194 2835 9(313Ηιῑτει
1227 2763 1288 2834 lux
1324 2783 1425 2850 vera,
1459 2753 1548 2857 quae
1579 2762 1753 2836 inluminat

287 2905 423 2958 ornnem
451 2881 623 2953 hominem
648 2881 840 2954 venientem
867 2883 901 2954 in
927 2884 1100 2957 mumdum.
1152 2875 1227 2952 ⁴⁰1n
1259 2882 1388 2956 mundo
1421 2894 1510 2969 erut,
1543 2881 1751 2956 otmundus

285 3005 484 3100 peripsum
510 3003 618 3073 fectus
644 3011 714 3087 est,
754 3012 789 3074 ει
820 3003 966 3076 mundus
991 3025 1070 3076 eum
1103 3023 1174 3074 non
1200 3003 1369 3094 cognovit.
1421 2995 1443 3040 ⁴¹
1459 2991 1587 3074 (⁴¹⁴⁰·'ln
1611 3003 1751 3098 proprie

285 3126 448 3211 renitet
477 3122 529 3196 sui
560 3143 639 3194 eum
672 3144 740 3195 non
771 3133 983 3217 receperunt.
1034 3115 1060 3160 ¹²
1077 3123 1254 3214 Quotquot
1284 3132 1398 3194 autern
1431 3133 1634 3216 receperunt
1659 3144 1749 3208 eum,

287 3245 383 3318 dedit
416 3243 479 3314 illis
509 3251 715 3336 potestatem
746 3240 833 3338 filios
866 3244 922 3315 dei
954 3241 1042 3326 fieri,
1076 3241 1128 3312 his
1160 3239 1218 3334 qui
1251 3242 1395 3314 creduut
1427 3242 1460 3313 in
1495 3243 1631 3314 nomine
1657 3243 1747 3328 eius,

285 3359 312 3404 ¹³
328 3366 385 3459 qui
410 3386 480 3436 non
506 3384 552 3434 ex
577 3361 797 3456 sanguinibus
822 3383 936 3456 ueque
954 3383 1008 3432 ¹eu
1032 3361 1207 3432 voluntate
1232 3361 1344 3432 earnis
1369 3381 1481 3454 neque
1506 3383 1553 3433 ex
1576 3363 1748 3434 voluntate

285 3485 347 3556 viri
373 3482 438 3557 sed
464 3503 510 3554 ex
536 3481 605 3554 deo
631 3483 701 3555 neti
726 3491 811 3553 sunt.
864 3471 964 3530 Mhi)
978 3482 1019 3552 Et
1044 3480 1187 3551 verbum
1215 3499 1297 3551 ouro
1323 3482 1448 3553 suetum
1475 3492 1530 3554 est
1555 3491 1589 3554 et
1614 3482 1747 3554 hubita-

284 3603 333 3676 vit
357 3600 392 3674 in
421 3603 537 3688 nobis,
573 3613 608 3675 et
636 3603 784 3676 vidimus
815 3603 958 3696 glorium
994 3601 1085 3685 eius,
1112 3599 1256 3694 glorium
1282 3603 1381 3695 quusi
1406 3601 1568 3695 unigeniti
1593 3625 1614 3676 a
1639 3613 1746 3697 putre,

285 3725 423 3817 plenum
449 3723 579 3815 gratiae
605 3732 640 3794 et
664 3722 823 3810 veritatis.
875 3713 1159 3792 1εὸ(Μ’)Ιοιιειιεεε
1184 3721 1413 3794 testimonium
1431 3723 1590 3816 perhibet
1607 3723 1653 3796 de
1670 3724 1747 3818 ipso

286 3854 320 3915 ει
346 3843 470 3915 elamat
495 3842 613 3916 dioene
639 3842 700 3914 flio
732 3851 807 3912 eret
836 3863 939 3935 quern
973 3839 1045 3912 dixi
1069 3841 1170 3912 vohis
1206 3841 1270 3927 Qui
1302 3841 1383 3935 po'st
1414 3865 1470 3914 me
1496 3853 1658 3917 venturus
1684 3856 1745 3931 est,

286 3974 364 4035 unte
390 3984 447 4034 me
472 3964 580 4036 suetus
607 3972 668 4048 est,
696 3961 775 4056 quia
800 3961 895 4056 prior
919 3981 977 4032 me
1002 3968 1085 4034 erut.
1137 3951 1250 4007 ’ΝΛΜ
1280 3961 1322 4032 Ει
1355 3961 1401 4034 de
1432 3963 1640 4057 plenitudine
1672 3967 1747 4038 eius

284 4105 349 4154 uos
375 4105 496 4155 omnes
523 4084 735 4179 accepimus,
767 4082 911 4175 gretiam
942 4102 1007 4175 pro
1033 4079 1156 4173 gratim
1200 4071 1226 4116 ¹⁷
1243 4081 1322 4175 quie
1347 4083 1406 4156 lex
1431 4103 1496 4176 per
1519 4085 1639 4156 Mosen
1665 4084 1746 4158 data

285 4215 347 4289 est,
374 4204 483 4296 gretia
509 4214 544 4275 et
569 4205 695 4277 veritas
727 4223 791 4297 por
819 4201 931 4274 lesum
963 4199 1130 4274 Christum
1156 4201 1245 4274 tacte
1272 4213 1334 4274 est.
1386 4195 1412 4240 ¹³
1428 4193 1490 4252 ‘hi’
1507 4205 1617 4276 Deum
1643 4225 1745 4277 nemo

283 4323 367 4394 vidit
398 4343 573 4417 umquam:
606 4323 796 4418 unigenitus
827 4321 913 4396 filius
945 4322 1002 4416 qui
1037 4331 1091 4392 est
1123 4321 1157 4392 in
1192 4321 1267 4394 sinu
1300 4323 1422 4418 patris,
1448 4324 1523 4418 ipse
1550 4319 1744 4413 {enerravit

283 4433 801 4516 190ι’θιιιιιιοειεειίιιιοιιίιιιιι
827 4441 998 4527 Iohannis,
1034 4441 1173 4534 quondo
1206 4444 1370 4515 miserunt
1399 4444 1515 4518 ludaei
1546 4445 1591 4518 ab
1618 4445 1745 4518 ‘Hiero-

282 4562 424 4656 solymis
450 4563 651 4636 seoerdotes
677 4573 712 4636 et
737 4563 857 4636 levites
882 4561 928 4634 ud
954 4583 1043 4646 eum,
1069 4571 1106 4632 ut
1130 4562 1380 4658 interrogarent
1406 4585 1484 4638 eum
1511 4565 1561 4638 Tu
1579 4567 1655 4659 quis
1681 4569 1746 4638 es?

282 4673 308 4722 ²⁰
324 4682 365 4752 Et
391 4685 569 4756 consessus
604 4694 657 4757 est
690 4695 725 4756 et
751 4703 819 4754 nou
845 4683 997 4775 negavit,
1030 4691 1065 4754 et
1091 4683 1270 4756 confessus
1296 4685 1452 4777 estquis
1481 4706 1550 4758 non
1576 4709 1652 4758 sum
1678 4707 1745 4780 ego

283 4802 442 4876 Christus.
493 4795 515 4840 ²¹
531 4805 573 4876 Et
597 4805 892 4898 interrogaverunt
923 4825 1000 4875 eum
1029 4801 1119 4887 Quid
1153 4807 1264 4895 ergo?
1295 4805 1408 4878 Helius
1442 4825 1482 4876 es
1508 4807 1567 4876 tu?
1599 4807 1641 4878 Et
1666 4807 1755 4880 dicit

281 4923 359 4995 Non
384 4945 469 4995 sum.
520 4923 690 5018 Propheta
716 4946 756 4996 es
782 4926 841 4996 tu?
867 4924 909 4994 Ει
932 4922 1110 5017 respondit
1134 4923 1219 4994 Non.
1272 4915 1475 4996 ¹'Diuerunt
1501 4946 1586 5020 ergo
1613 4927 1644 4997 ei
1663 4928 1746 5013 Quis

282 5045 347 5114 es?
379 5054 416 5115 ut
441 5062 645 5144 responsuro
672 5045 795 5118 demus
821 5044 873 5116 his
899 5045 957 5138 qui
982 5043 1146 5116 miserunt
1175 5065 1256 5116 nos:
1292 5045 1373 5138 quid
1399 5043 1484 5117 diois
1500 5045 1557 5118 ide
1583 5056 1617 5118 ιε
1642 5047 1744 5142 ipso?

280 5153 462 5237 ”wiht
488 5165 561 5260 Ego
588 5187 660 5238 vox
686 5165 860 5239 clementis
886 5165 919 5235 in
946 5164 1085 5236 deserto
1111 5163 1251 5257 Dirigite
1277 5164 1367 5238 uum
1394 5164 1521 5238 domini
1549 5167 1635 5239 siout
1660 5167 1743 5240 dixit
1820 5207 1829 5238 r

888 5286 914 5372 l,
954 5290 967 5356 t
1003 5325 1048 5338 -
1077 5285 1134 5360 23.
1208 5283 1210 5290 ’
