4146 6120
581 1337 731 1408 INCIPIT
766 1336 973 1408 EPISTULA
1007 1335 1066 1408 ΑΙ)
1102 1333 1339 1406 HEBIIAEOS.

951 1594 973 1662 l.

303 1791 359 1847 ¹⁰³
378 1799 588 1906 IIIultilariae
615 1841 650 1904 et
675 1831 789 1902 multis
814 1831 930 1904 modis
958 1832 1038 1902 olim
1066 1831 1155 1902 deus
1187 1830 1334 1921 loquens
1368 1827 1524 1920 patribus
1557 1828 1592 1898 in
1624 1849 1710 1920 pro·

220 1951 342 2044 phalis,
369 1953 559 2028 novissime
586 1951 710 2025 diebus
736 1950 809 2023 istis
836 1951 972 2022 locutus
998 1960 1055 2022 est
1080 1949 1183 2020 noble
1215 1947 1249 2019 in
1281 1945 1366 2038 filio,
1417 1939 1551 2039 'quem
1580 1946 1710 2016 consti-

220 2071 281 2142 tuit
312 2071 480 2144 heredem
513 2072 771 2158 universorum,
803 2091 868 2164 per
902 2089 1007 2161 quem
1040 2069 1120 2140 lecit
1151 2077 1187 2138 et
1219 2067 1375 2150 saecula3
1429 2058 1520 2158 ³qui
1553 2087 1634 2136 cum
1668 2065 1713 2134 sit

220 2190 387 2282 splendor
413 2192 545 2283 gloriae
573 2200 608 2262 et
633 2189 745 2282 figura
771 2188 984 2260 substantiae
1012 2189 1096 2274 eius,
1122 2195 1265 2280 portans
1293 2205 1434 2278 quoque
1463 2183 1581 2256 omnia
1599 2183 1714 2257 verbo

218 2309 353 2385 virtutis
380 2333 477 2395 suae,
504 2307 747 2403 purgationem
773 2316 999 2400 peccatorum
1025 2307 1157 2378 faciens
1191 2304 1281 2376 sedit
1313 2305 1359 2377 ad
1386 2302 1572 2374 dexteram
1599 2302 1710 2374 male-

218 2429 315 2498 statis
342 2429 376 2499 in
403 2430 569 2513 excelsis,
612 2417 737 2500 ‘tanto
755 2427 879 2498 melior
905 2427 1038 2518 angelis
1056 2427 1209 2510 allectus,
1237 2432 1375 2517 quanto.
1386 2421 1598 2494 differentius
1624 2442 1710 2515 prae

92 2541 95 2546 “
218 2545 281 2617 illis
308 2567 437 2620 nomeu
463 2547 676 2621 hereditavit.
709 2539 797 2618 ⁶Cui
813 2537 914 2618 ¹enirn
941 2545 1029 2618 dixit
1055 2543 1240 2637 aliquando
1268 2543 1471 2635 angelorum
1489 2540 1592 2610 Filius
1611 2562 1710 2612 meus

218 2685 259 2736 es
284 2675 330 2751 tu,
358 2689 426 2759 ego
453 2668 559 2740 hodie
586 2667 690 2759 genui
718 2668 777 2736 te‘l
805 2675 841 2736 et
865 2685 1004 2736 rursum
1029 2665 1105 2756 Ego
1133 2684 1195 2734 ero
1222 2662 1267 2734 illi
1293 2661 1327 2732 in
1352 2667 1461 2752 patre,
1490 2668 1525 2730 et
1550 2660 1627 2754 ipse
1645 2661 1710 2731 erit

219 2783 301 2874 mibi
327 2785 361 2856 in
387 2785 480 2858 filio?
523 2778 592 2858 ⁶lit
617 2807 696 2860 cum
721 2786 845 2856 iterum
871 2783 1057 2856 introducit
1081 2781 1349 2876 primogenitum
1375 2777 1409 2848 in
1436 2777 1559 2848 orbern
1584 2788 1709 2866 terrae,

220 2903 303 2975 dicit
326 2905 370 2976 Et
395 2906 543 2978 adorent
569 2926 649 2981 eum
685 2905 808 2974 omnes
841 2903 955 2994 angeli
989 2901 1056 2974 dei.
1108 2893 1182 2970 ⁷Ilt
1207 2899 1254 2972 ad
1288 2898 1433 2990 angelos
1459 2896 1601 2988 quidem
1628 2898 1710 2972 dicit

221 3022 287 3108 Qui
312 3023 394 3094 lacit
425 3023 570 3115 angelos
603 3042 688 3094 suos
719 3021 858 3114 spiritus
892 3031 927 3092 et
958 3021 1131 3092 ministros
1163 3040 1247 3090 suos
1279 3018 1454 3087 flammam
1487 3015 1591 3106 ignis:
1634 3011 1709 3090 ⁸ad

220 3139 325 3210 lilium
352 3149 468 3211 autem
496 3141 653 3212 Thronus
679 3147 767 3224 tuus,
795 3137 892 3223 deus,
920 3140 954 3210 in
980 3137 1158 3210 saeculum
1185 3134 1323 3220 saeculi,
1351 3143 1387 3204 et
1403 3133 1501 3224 virga
1526 3136 1708 3228 aeqrdtatis

220 3259 319 3351 virga
344 3259 443 3350 regni
469 3259 527 3330 tui.
572 3253 760 3330 ⁹Dilexisti
777 3257 937 3328 iustitiam
964 3265 999 3328 et
1018 3255 1121 3328 odisti
1137 3254 1367 3348 iniquitatem:
1394 3261 1584 3346 propterea
1610 3254 1709 3326 unxit

220 3388 265 3464 te,
293 3377 391 3462 dens,
418 3376 508 3448 deus
534 3386 614 3448 tuus
640 3377 720 3448 oleo
748 3375 967 3446 exultationis
994 3395 1080 3468 prae
1106 3373 1330 3468 participibus
1356 3371 1433 3445 tuis.
1484 3362 1512 3407 ¹⁰
1527 3373 1571 3444 Et
1596 3373 1647 3444 Tu
1673 3373 1709 3448 in

220 3497 397 3590 principio,
425 3495 576 3582 domine,
603 3506 731 3568 terram
756 3493 914 3582 fundasti,
942 3503 978 3564 et
1003 3514 1112 3586 opera
1137 3515 1301 3565 manuum
1333 3501 1467 3562 tuarum
1502 3502 1581 3563 sunt
1607 3493 1706 3566 caeli:

222 3607 242 3651 ¹¹
262 3617 328 3710 ipsi
353 3617 528 3710 peribunt,
563 3625 600 3686 tu
636 3623 750 3686 autem
776 3611 1016 3707 permanebis:
1051 3623 1086 3684 et
1112 3613 1230 3684 omma
1261 3612 1349 3683 sicut
1373 3609 1616 3683 vestimentum
1642 3631 1708 3686 ve-

220 3745 408 3822 terescent,
453 3729 478 3775 ⁴¹
492 3745 527 3807 et
557 3736 652 3808 velut
686 3733 848 3805 amictum
879 3732 1029 3804 mutabis
1062 3751 1143 3816 eoa,
1181 3741 1218 3802 et
1254 3730 1488 3802 mutabuntur:
1524 3740 1560 3800 tu
1592 3739 1708 3801 autem

220 3854 314 3928 idem
342 3877 391 3942 es,
418 3865 454 3926 et
480 3855 559 3928 anni
585 3854 633 3926 tui
658 3875 730 3926 non
755 3851 927 3924 deficient.
970 3843 1043 3898 Μ)
1060 3850 1118 3924 Ad
1134 3871 1237 3943 mem
1264 3858 1380 3920 antem
1399 3848 1603 3939 angelorum
1621 3847 1708 3920 dixit

220 3975 405 4070 aliquando
431 3975 526 4048 Sede
552 3997 573 4048 a
599 3967 733 4046 dextris
758 3973 861 4058 meis,
889 3971 1007 4066 quoad
1032 3991 1144 4064 usque
1176 3989 1305 4064 ponam
1339 3965 1495 4038 inimicos
1521 3979 1599 4044 tuos
1625 3989 1706 4040 sea-

218 4092 336 4170 billum
368 4095 499 4188 pedum
531 4095 690 4166 tuorum‘l
734 4083 761 4130 ⁴⁴
776 4092 899 4162 Nonne
931 4112 1054 4162 omnes
1088 4099 1167 4162 sunt
1200 4086 1476 4162 administratorii
1509 4087 1647 4183 spiritus
1672 4086 1706 4156 in

219 4214 443 4286 ministerium
470 4211 565 4286 missi
590 4221 735 4308 propter
761 4231 825 4284 eos
852 4211 910 4304 qui
935 4209 1163 4282 hereditatem
1190 4206 1327 4301 capient
1352 4205 1495 4276 salutis‘l

943 4487 981 4556 Il.

294 4684 512 4786 'Propterea
546 4689 775 4762 abundantius
809 4699 948 4786 oportet
980 4690 1173 4762 observare
1206 4709 1271 4760 nos
1303 4708 1346 4760 ea
1379 4707 1469 4780 quae
1502 4685 1705 4768 audiviutus,

217 4831 263 4882 ue
288 4812 378 4882 lorte
405 4811 595 4890 effluamus.
645 4803 713 4880 'Si
739 4809 832 4888 enim
866 4808 925 4901 qni
956 4828 1020 4901 per
1051 4808 1196 4898 angelos
1228 4807 1341 4878 dietus
1367 4815 1421 4878 est
1454 4825 1571 4876 sermo
1598 4806 1709 4876 lactus

218 4938 273 5000 est
299 4929 427 5019 firmus,
456 4939 492 5002 et
517 4929 629 5002 omnis
654 4926 905 5022 praevaricatio
940 4935 977 4998 et
1009 4924 1268 4998 inoboedientia
1302 4925 1436 5018 accepit
1461 4924 1586 4994 iustam
1612 4945 1707 4996 mer-

218 5048 316 5120 cedis
341 5048 618 5132 retributienem‚
662 5039 872 5140 ³quom0do
898 5067 964 5117 nos
990 5045 1211 5137 effugiemus
1240 5043 1269 5114 si
1294 5053 1423 5115 tanmm
1449 5043 1707 5136 neglexerimus

218 5168 388 5242 salutem?
415 5189 613 5262 quaecum
639 5167 769 5242 initium
797 5165 994 5258 accepisset
1020 5163 1173 5237 enarrari
1198 5184 1263 5258 per
1289 5162 1478 5260 dominum,
1507 5161 1551 5234 ab
1579 5162 1707 5257 eisqui

823 5287 847 5372 1,
878 5288 890 5355 l
924 5283 1038 5367 -11,
1068 5285 1100 5352 3.

1323 5400 1369 5473 lb
1382 5405 1403 5446 a
