4242 6118
654 385 912 453 uvmnnnuu
939 391 1146 454 snumnuu
1172 340 1330 458 nanum
1712 388 1762 468 77

248 597 346 670 exire
372 595 440 666 nisi
464 595 499 666 in
526 593 681 668 oratione
707 601 742 662 et
770 588 917 665 ieiunio.
971 585 999 632 ²⁹
1012 585 1091 640 (⁹³³⁴
1109 595 1154 666 Et
1185 597 1268 669 inde
1300 601 1447 691 profecti
1479 601 1761 692 praetergredie-

247 719 373 790 bantur
400 715 606 796 Galilaeam,
637 733 703 784 nec
735 707 894 783 volebat
927 735 1144 808 quemquam
1181 717 1281 789 scire.
1333 709 1360 756 ³⁰
1376 719 1537 792 Docebat
1563 729 1678 792 autem
1706 721 1761 792 di·
1866 746 1870 752 ·

250 838 401 933 scipulos
429 857 523 922 suos,
551 846 587 908 et
612 832 752 906 dicebat
778 827 847 901 illis
886 833 1055 925 quoniam
1089 833 1177 906 iilius
1209 838 1360 910 hominis
1395 839 1552 912 tradetur
1576 840 1612 910 in
1636 862 1761 913 manus

250 959 437 1042 hominum,
466 965 502 1028 et
528 955 690 1028 occident
716 973 804 1036 eum,
836 957 881 1018 et
911 953 1048 1025 occisus
1074 955 1175 1028 tertia
1202 957 1259 1030 die
1277 969 1447 1051 resurget.
1474 952 1497 998 ³¹
1516 959 1562 1030 At
1586 961 1632 1032 illi
1657 961 1759 1054 igno-

250 1081 374 1153 rabant
398 1076 566 1160 verbum,
603 1085 639 1147 et
669 1073 842 1146 timebant
881 1093 965 1146 eum
999 1075 1223 1168 interrogare.
1277 1071 1305 1118 ³²
1322 1067 1410 1126 (**’**·*
1428 1081 1471 1152 Et
1496 1091 1664 1152 venerunt
1690 1081 1759 1154 Ca-

252 1201 452 1296 phamaum.
507 1196 574 1278 Qui
602 1218 680 1268 cum
707 1193 803 1267 domi
830 1203 947 1280 esset,
979 1195 1219 1288 interrogabat
1250 1219 1313 1271 eos
1348 1199 1440 1284 Quid
1472 1201 1506 1271 in
1538 1202 1595 1272 via
1626 1211 1786 1274 tracta-²

250 1321 365 1393 batis?
417 1308 444 1356 ³³
461 1307 541 1362 (ω’)
560 1315 609 1388 At
633 1316 678 1387 illi
711 1315 894 1400 tacebant,
936 1315 1109 1409 siquidem
1142 1316 1232 1389 inter
1266 1341 1306 1390 se
1340 1319 1375 1388 in
1406 1319 1464 1390 via
1497 1320 1757 1416 disputaverant

252 1442 327 1537 quis
354 1445 448 1512 esset
481 1437 622 1508 illorum
654 1437 773 1509 maior.
836 1427 865 1474 ³⁶
881 1437 925 1508 Ilt
956 1436 1118 1508 residens
1150 1437 1290 1510 vocavit
1325 1437 1513 1511 duodecim
1546 1449 1582 1512 et
1613 1441 1658 1511 ait
1691 1441 1755 1515 illis

253 1564 288 1636 Si
314 1561 390 1656 quis
415 1559 489 1631 vult
513 1555 650 1652 primus
682 1578 776 1641 esse,
809 1555 875 1628 erit
910 1555 1063 1628 omnium
1096 1557 1306 1630 novissimus
1340 1569 1376 1630 et
1410 1558 1563 1631 omnium
1589 1561 1752 1634 minister.

252 1675 334 1754 a“lit
360 1679 534 1774 accipiens
563 1699 711 1772 puerum
738 1676 855 1750 statuit
880 1697 960 1748 eum
987 1677 1023 1746 in
1049 1676 1166 1748 medio
1194 1701 1336 1764 eorum;
1365 1699 1471 1772 quem
1489 1687 1526 1750 ut
1546 1681 1752 1774 complexus

255 1814 358 1882 essct,
386 1802 432 1872 ait
456 1799 521 1870 illis
565 1791 593 1836 ³⁶
608 1797 768 1892 Quisquis
794 1819 900 1868 unum
926 1818 974 1867 ex
991 1796 1189 1870 huiusmodi
1214 1800 1333 1892 pueris
1351 1799 1527 1892 receperit
1551 1799 1586 1870 in
1610 1802 1750 1876 nomine

197 1987 203 2008 ,
255 1945 346 2009 meo,
374 1943 432 1992 me
458 1921 598 2012 recipit:
643 1910 719 1964 *Μ*
737 1928 773 1988 et
798 1917 1005 2010 quicumque
1031 1937 1089 1987 me
1115 1920 1316 2013 susceperit,
1345 1941 1416 1991 non
1442 1941 1502 1990 me
1525 1920 1670 2015 suscipit
1684 1923 1750 1996 sed

256 2066 336 2116 eum
363 2043 420 2135 qui
446 2061 505 2112 me
530 2038 631 2110 misit.
681 2029 709 2076 ³⁷
720 2027 798 2086 *Μ*
811 2036 1003 2132 Respondit
1027 2037 1073 2107 illi
1097 2038 1267 2110 lohannes
1303 2040 1426 2111 dicens
1452 2039 1631 2132 Magister,
1661 2043 1749 2116 vidi·

257 2186 335 2235 mus
361 2159 537 2255 quendam
563 2158 597 2228 in
623 2157 762 2228 nomine
787 2167 846 2228 tuo
874 2158 1054 2228 eicientem
1082 2157 1284 2246 daemonia,
1310 2161 1370 2252 qui
1395 2181 1468 2232 non
1494 2160 1648 2254 sequitur
1672 2185 1747 2250 nos,

258 2291 293 2355 et
325 2280 564 2377 prohibuimus
599 2297 688 2349 curn.
740 2269 767 2316 ³⁸
783 2279 881 2350 lesus
915 2285 1031 2349 autem
1064 2277 1112 2350 ait
1144 2280 1257 2350 Nolite
1289 2281 1481 2372 probibere
1513 2302 1609 2352 eum:
1643 2303 1747 2354 nemo

258 2413 312 2476 est
338 2402 429 2473 enim
456 2400 515 2494 qui
540 2399 643 2470 faciat
667 2397 827 2468 virtutem
853 2399 887 2468 in
912 2398 1051 2469 nomine
1076 2420 1158 2470 meo
1185 2409 1220 2470 et
1245 2400 1357 2494 possit
1384 2401 1452 2472 cito
1471 2403 1562 2474 male
1589 2401 1683 2494 loqui
1700 2403 1747 2475 de
1872 2467 1875 2472 .

256 2546 324 2596 me.
367 2514 394 2560 ³⁹
408 2520 473 2606 Qui
505 2519 597 2590 enim
627 2539 697 2588 non
732 2529 786 2590 est
817 2518 1003 2590 adversum
1037 2538 1120 2604 vos,
1155 2543 1220 2614 pro
1247 2521 1349 2592 vobis
1383 2515 1448 2591 est.
1501 2510 1527 2560 ⁴⁰
1541 2513 1618 2568 (Μ)
1643 2523 1745 2608 Ouis-

258 2645 335 2738 quis
363 2640 454 2713 enim
480 2649 601 2734 potum
620 2637 755 2710 dederit
776 2639 878 2711 vobis
896 2639 1039 2710 calicem
1057 2659 1169 2731 aquae
1194 2639 1385 2711 innomine
1403 2661 1498 2726 meo,
1527 2642 1608 2735 quia
1625 2643 1747 2714 Christi

258 2765 352 2848 estis,
380 2783 483 2834 amen
508 2760 587 2832 dico
613 2759 725 2845 vobis,
752 2781 822 2830 non
847 2759 975 2854 perdet
999 2758 1200 2830 mercedem
1228 2781 1336 2832 suam.
1387 2752 1412 2798 **
1429 2752 1509 2808 (⁰⁹³⁹
1523 2763 1566 2834 Et
1592 2760 1745 2856 quisquis

259 2881 543 2958 scandalizaverit
574 2901 678 2950 unum
714 2901 761 2951 ex
793 2879 846 2952 his
879 2878 1009 2972 pusillis
1044 2879 1263 2951 credentibus
1295 2881 1331 2951 in
1363 2903 1439 2967 me,
1472 2883 1605 2955 bonum
1632 2893 1686 2954 est
1713 2883 1743 2954 ei

258 3005 369 3097 magis
396 3003 426 3072 si
451 3000 722 3072 circumdaretur
754 3002 847 3072 mola
881 2998 1030 3072 asinaria
1062 3001 1151 3071 collo
1185 3001 1258 3072 eius
1291 3011 1328 3072 et
1358 3001 1393 3072 in
1419 3023 1519 3076 mare
1544 3005 1743 3076 mitteretur.

258 3115 389 3174 **(***·*·)
402 3123 446 3194 Et
471 3121 500 3192 si
526 3119 811 3193 scandalizaverit
837 3131 872 3191 te
899 3141 1021 3191 manus
1049 3130 1114 3206 tua,
1142 3121 1286 3192 abscide
1311 3122 1420 3194 illam:
1447 3123 1580 3196 bonum
1606 3123 1744 3196 esttibi

259 3243 409 3318 debilem
435 3241 575 3313 introire
600 3241 635 3310 in
658 3241 774 3326 vitam,
801 3263 904 3334 quam
932 3239 1020 3310 duas
1046 3263 1169 3312 manus
1195 3241 1381 3314 habentem
1407 3243 1459 3314 ire
1484 3243 1519 3314 in
1536 3245 1742 3337 gehennam,

259 3366 294 3435 in
319 3365 434 3457 ignem
460 3361 764 3453 inextinguibilem,
816 3351 958 3406 *³‘⁴⁰¹·¹⁰·)
971 3360 1030 3431 ubi
1055 3360 1183 3433 vermis
1210 3379 1330 3431 eorum
1356 3384 1428 3434 non
1444 3364 1588 3436 moritur
1606 3375 1640 3436 et
1655 3363 1744 3456 ignis

185 3467 188 3476 ⁴
259 3507 328 3556 non
355 3484 571 3576 extinguitur.
624 3469 651 3522 **
666 3482 710 3552 Et
736 3481 765 3552 si
791 3503 856 3575 pes
882 3490 961 3552 tuus
987 3490 1023 3552 te
1049 3479 1267 3564 scandalizat,
1296 3492 1447 3574 amputa'
1468 3483 1575 3555 illum:
1611 3485 1741 3556 bonum

261 3614 316 3676 cst
341 3603 402 3674 tibi
427 3603 587 3675 claudum
613 3601 753 3674 introire
778 3601 812 3672 in
838 3601 943 3672 vitam
971 3609 1159 3686 aeternam,
1187 3621 1292 3694 quam
1318 3600 1408 3674 dnos
1426 3603 1538 3696 pedes
1556 3602 1741 3676 habentem

260 3724 345 3796 mitti
370 3725 404 3794 in
431 3723 625 3816 gebennam
650 3723 738 3816 ignis
764 3721 1039 3815 inextinguibilis,
1082 3710 1110 3760 **
1126 3721 1185 3794 ubi
1200 3721 1330 3793 vermis
1357 3744 1478 3795 eorum
1504 3745 1574 3796 non
1600 3723 1743 3794 moritur

259 3845 407 3939 etignis
433 3866 503 3916 non
529 3843 746 3937 extinguitur.
797 3834 825 3882 **
845 3842 995 3928 Quodsi
1013 3845 1132 3915 oculus
1150 3852 1227 3914 tuus
1246 3843 1458 3918 scandalizat
1481 3856 1525 3930 te,
1553 3845 1628 3916 eice
1646 3865 1740 3916 eum:

257 3967 389 4038 bonum
416 3975 471 4036 est
495 3965 556 4036 tibi
580 3966 712 4036 luscum
737 3964 878 4036 introire
904 3963 1110 4056 inregnnm
1135 3963 1201 4049 dei,
1230 3985 1334 4056 quam
1362 3965 1451 4037 duos
1470 3965 1590 4037 oculos
1607 3965 1740 4036 baben-

179 4137 183 4142 ·
261 4097 330 4158 tem
357 4086 443 4158 mitti
468 4087 503 4156 in
528 4087 730 4178 gehennam
749 4085 846 4177 ignis,
896 4074 923 4122 ⁴⁷
936 4084 996 4156 ubi
1020 4085 1150 4156 vermis
1176 4105 1297 4156 eorum
1323 4108 1394 4159 non
1418 4086 1561 4157 moritur
1588 4093 1625 4156 et
1653 4085 1742 4177 ignis

259 4227 329 4278 non
355 4206 572 4298 extinguitm.
623 4196 650 4244 **
667 4206 790 4277 Omnis
812 4205 911 4277 enim*
928 4207 1008 4299 igne
1035 4206 1193 4290 sallietur,
1221 4215 1257 4278 et
1282 4207 1393 4278 omnis
1419 4207 1556 4280 victima
1580 4205 1738 4278 sallietur.

259 4316 387 4374 **(****·)
401 4328 535 4398 Bonum
562 4335 616 4399 est
641 4328 707 4399 sal:
736 4327 831 4420 quod
857 4327 886 4399 si
912 4329 964 4400 sal
989 4328 1155 4400 insulsum
1172 4327 1281 4414 fuerit,
1308 4328 1343 4399 in
1360 4349 1429 4421 quo
1446 4328 1530 4401 illud
1547 4323 1739 4398 condietis?

259 4447 393 4520 Habete
419 4449 454 4519 in
479 4447 580 4520 vobis
606 4449 667 4533 sal,
695 4458 731 4519 et
755 4469 879 4542 pacem
907 4449 1033 4521 habete
1058 4447 1147 4520 inter
1172 4455 1246 4522 vo's.

981 4725 1021 4794 X.

338 4921 456 4978 *(****)
470 4931 513 5002 Et
537 4931 625 5002 inde'
644 4952 838 5024 exsurgens
870 4932 964 5004 venit
996 4931 1029 5002 in
1059 4931 1146 5002 fines
1179 4928 1329 5002 Iudaeae
1360 4930 1447 5002 ultra
1480 4930 1668 5014 Iordanen,
1702 4939 1738 5000 et

261 5052 468 5124 conveniunt
500 5051 621 5122 iterum
654 5053 777 5123 turbae
809 5052 856 5124 ad
882 5075 975 5136 enm,
1009 5061 1045 5122 et
1069 5054 1161 5124 sicut
1182 5062 1412 5124 consueverat
1437 5051 1558 5124 iterum
1585 5049 1737 5122 docebat

259 5169 344 5244 illos.
396 5163 470 5243 'Et
496 5173 702 5247 accedentes
728 5173 903 5246 Pharisaei
927 5173 1187 5265 interrogabant
1213 5195 1299 5246 eum·
1328 5175 1358 5246 si
1382 5173 1462 5246 licet
1475 5171 1561 5244 'viro
1588 5191 1736 5242 uxorem

826 5294 879 5381 lX,
909 5295 957 5368 29
983 5333 1035 5346 -
1061 5293 1101 5381 X,
1129 5297 1162 5368 2.
