4146 6120
368 362 441 434 3l6
479 451 480 454 Ἴ
850 365 1031 430 EPISTULA
1054 366 1108 430 Au
1134 367 1354 430 TIMOTHEUM
1379 369 1411 429 ll.

366 472 1847 488 ffl-—1-——q—m-——mss

1080 607 1128 676 lll.

445 807 457 850 ⁴
471 803 519 858 ¹¹⁴³
536 813 611 884 lloc
646 823 760 884 autern
792 813 894 896 scito,
929 813 1026 904 quod
1056 813 1090 882 in
1121 813 1316 884 novissimis
1343 813 1466 884 diebus
1492 813 1666 884 instabunt
1692 823 1851 906 tempora

368 933 579 1025 periculosa,
624 925 691 1002 ²et
717 941 816 1004 erunt
842 933 1000 1003 homines
1027 954 1067 1004 se
1094 933 1191 1026 ipsos
1217 942 1390 1018 amantes,
1418 933 1548 1026 cupidi,
1574 933 1671 1018 elati,
1700 934 1850 1026 superbi,

367 1053 578 1146 blasphemi,
605 1053 805 1144 parentibus
831 1053 1113 1138 inoboedientes,
1147 1053 1284 1146 ingrati,
1318 1055 1472 1135 scelesti,
1513 1047 1617 1124 ³sine
1645 1053 1853 1138 adfectione,

256 1239 259 1251 ‚
368 1173 442 1244 sine
467 1195 567 1266 pace,
595 1173 839 1257 criminatores,
868 1174 1127 1258 incontinentes,
1155 1173 1305 1258 inmites,
1333 1175 1406 1244 sinc
1432 1174 1658 1265 benignitate,
1698 1162 1854 1267 *prodi-

367 1289 470 1378 tores,
497 1295 660 1387 protervi,
688 1294 823 1378 tumidi,
850 1295 1073 1387 voluptatium
1103 1303 1279 1365 amatores
1306 1295 1416 1386 magis
1443 1315 1546 1386 quam
1572 1293 1648 1378 dei,
1687 1285 1854 1366 5baben·-

367 1423 420 1484 les
452 1414 610 1507 quidem,
629 1415 784 1508 speciem
815 1414 969 1507 pietatis,
1003 1413 1164 1484 virtutem
1192 1425 1306 1486 autem
1334 1415 1408 1486 eius
1435 1415 1661 1507 abnegantes.
1714 1415 1757 1484 Et
1782 1414 1851 1486 hos

366 1534 499 1606 devita..
544 1525 625 1606 ὃΕΚ
669 1535 722 1605 bis
762 1535 853 1606 enim
891 1545 970 1607 sunt
1002 1535 1060 1628 qui
1093 1543 1275 1628 penetrant
1307 1533 1433 1606 domos
1466 1545 1501 1606 et
1533 1535 1687 1627 captivas
1720 1535 1850 1607 ducunt

366 1655 584 1728 mulierculas
611 1665 771 1727 oneratas
797 1655 967 1748 pcccatis,
996 1676 1086 1747 quae
1113 1654 1283 1726 ducuntur
1307 1654 1412 1727 variis
1439 1655 1641 1740 desideriis,
1679 1646 1851 1750 ⁷semper

366 1775 539 1846 discentes
574 1785 609 1846 et
642 1797 830 1868 numquam
864 1776 911 1848 ad
943 1775 1119 1846 scientiam
1154 1775 1308 1848 veritatis
1335 1775 1585 1868 pervenientes.
1636 1765 1851 1860 ⁸Quemad-

366 1894 508 1967 modum
536 1905 651 1967 autem
676 1898 812 1968 lemnes
838 1906 874 1967 et
898 1897 1072 1967 Mambres
1106 1896 1302 1968 restiterunt
1326 1895 1431 1980 Mosi,
1467 1895 1514 1966 ita
1546 1907 1582 1967 et
1614 1894 1649 1966 bi
1682 1897 1852 1968 resistunt

366 2016 516 2098 veritati,
553 2015 710 2087 homiues
737 2017 890 2110 corrupti
915 2026 1051 2097 mente,
1084 2016 1226 2110 reprobi
1252 2015 1343 2086 circa
1369 2015 1484 2087 fidem.
1536 2007 1639 2086 ⁹Sed
1665 2016 1751 2087 ultra
1777 2039 1852 2088 non

365 2135 559 2229 proficient:
586 2135 778 2230 insipientia
804 2137 894 2207 enirn
921 2158 1041 2207 eorum
1068 2136 1247 2207 manifesta
1273 2136 1337 2206 erit
1360 2136 1528 2222 omnibus,
1556 2137 1644 2208 siout
1662 2146 1697 2207 et
1714 2137 1850 2208 illorum

367 2256 433 2326 luit.
486 2245 570 2301 ⁴⁰³⁵)
588 2257 639 2327 Tu
666 2266 780 2326 autem
808 2257 994 2328 adsecutus
1019 2278 1059 2327 es
1087 2278 1203 2328 meam
1229 2255 1436 2341 doctrinam,
1473 2257 1733 2342 institutionem,
1761 2279 1849 2350 pro-

365 2377 524 2469 positum,
552 2375 667 2462 fidem,
694 2378 996 2468 longanimitatem,
1023 2375 1253 2460 dilectionem,
1280 2376 1498 2469 patientiam,
1537 2367 1560 2410 ¹¹
1576 2377 1850 2468 persecutiones

365 2497 564 2589 passiones,
591 2497 703 2588 qualia
729 2497 811 2568 mihi
836 2499 926 2568 lacta
952 2505 1031 2572 sunt
1055 2496 1271 2581 Antiochiae,
1297 2496 1417 2580 Iconii,
1443 2495 1588 2589 Lystris‚
1615 2498 1736 2588 quales
1762 2519 1852 2590 per-

366 2617 562 2687 secutiones
588 2615 738 2700 sustinui,
766 2627 800 2686 et
826 2639 874 2688 ex
901 2617 1059 2688 omnibus
1085 2637 1142 2686 me
1169 2617 1292 2710 eripuit
1317 2615 1487 2688 dominus.
1532 2610 1557 2654 ¹²
1570 2617 1614 2688 Et
1639 2639 1761 2690 omnes
1786 2621 1850 2711 qui

365 2738 484 2807 volunt
498 2737 566 2828 pie
592 2735 711 2808 vivere
738 2737 772 2806 iu
799 2736 931 2807 Christo
957 2737 1034 2807 lesu
1060 2737 1337 2830 persecutionem
1364 2739 1544 2830 patientur.
1583 2729 1609 2773 ¹³
1626 2737 1704 2808 Mali
1730 2749 1850 2809 autem

366 2857 522 2928 homines
550 2865 585 2926 et
611 2856 817 2928 seductores
842 2855 1020 2948 proficient
1044 2858 1079 2927 in
1104 2858 1220 2950 peius,
1257 2867 1412 2928 errantes
1445 2855 1480 2928 e't
1509 2858 1544 2929 in
1578 2878 1733 2929 errorem
1764 2859 1850 2930 mit-

365 2987 485 3048 tentes.
538 2964 625 3022 Μ)
641 2976 691 3048 Tu
716 2998 803 3047 vero
830 2997 996 3069 permane
1021 2977 1056 3047 in
1081 2977 1135 3048 his
1161 2999 1252 3070 qnae
1278 2975 1426 3048 didicisti
1453 2987 1488 3072 et
1513 2978 1642 3050 credita
1669 2993 1748 3050 sunt
1774 2979 1849 3066 tibi,

365 3098 526 3168 sciense
553 3118 622 3190 quo
649 3095 828 3180 didiceris,
867 3087 894 3132 ⁴⁵
907 3105 942 3167 et
968 3091 1066 3190 'quia
1093 3097 1137 3167 ab
1164 3097 1301 3168 infantia
1328 3118 1446 3168 sacras
1472 3098 1602 3169 litteras
1628 3100 1726 3184 nosti,
1753 3121 1850 3191 quae

365 3229 400 3290 te
433 3218 568 3311 possint
600 3217 769 3289 instruere
803 3217 849 3288 ad
883 3219 1029 3290 salutem
1061 3239 1126 3310 per
1159 3216 1266 3290 fidem
1299 3239 1392 3311 quae
1431 3227 1484 3288 est
1521 3219 1556 3288 in
1591 3220 1725 3290 Christo
1755 3221 1852 3292 lesu.

363 3329 450 3384 ΜΤ)
469 3338 588 3410 Omnis
616 3338 783 3432 scriptura
809 3337 972 3431 inspirata
998 3337 1158 3410 divinitus
1191 3349 1226 3409 et
1256 3338 1346 3410 utilis
1379 3339 1426 3410 ad
1457 3338 1671 3426 docendum,
1707 3339 1752 3410 ad
1786 3362 1850 3412 ar-

365 3457 549 3551 guendum,
578 3458 624 3529 ad
650 3458 901 3550 corrigendum,
929 3457 976 3530 ad
1003 3459 1229 3530 erudiendum
1255 3459 1289 3528 in
1314 3458 1456 3544 iustitia,
1497 3451 1522 3494 ⁴⁷
1540 3471 1576 3530 ut
1601 3461 1774 3554 perlectus
1801 3463 1849 3532 sit

366 3569 471 3650 homo
499 3578 572 3664 dei,
600 3579 646 3650 ad
673 3601 774 3649 omne
803 3602 891 3672 opus
919 3573 1131 3651 'instructus

1068 3855 1118 3927 Ν.

378 4049 384 4064 ’
440 4055 517 4112 ⁴⁰⁸)
536 4062 714 4134 Testificor
740 4084 858 4134 coram
885 4063 955 4134 deo
978 4073 1012 4133 et
1030 4064 1163 4134 Christo
1181 4063 1259 4134 lesu
1286 4063 1343 4156 qui
1368 4063 1578 4135 iudicaturus
1605 4073 1659 4134 est
1683 4063 1783 4158 vivos
1801 4086 1845 4134 ac

363 4195 536 4268 mortuos,
569 4193 605 4255 et
631 4183 816 4255 adventum
842 4182 949 4276 ipsius
976 4194 1011 4256 et
1037 4205 1182 4276 regnum
1210 4183 1299 4268 eius,
1338 4179 1534 4277 ²praedica
1560 4185 1720 4268 verbum,
1756 4183 1845 4254 insta

364 4314 533 4399 oportune
560 4305 750 4398 inportune,
779 4324 896 4396 argue,
924 4303 1081 4388 obsecra,
1108 4304 1249 4398 increpa
1272 4303 1305 4374 in
1329 4305 1422 4374 omni
1440 4305 1603 4398 patientia
1624 4313 1659 4375 et
1675 4303 1843 4375 doctrina.
1890 4389 1895 4396 ι

229 4423 231 4428 ⁴
361 4415 433 4478 ³⁰⁰>
452 4425 524 4496 Erit
548 4425 639 4496 enirn
667 4434 803 4516 tempus
839 4444 915 4494 cum
951 4445 1072 4496 sanam
1107 4424 1298 4496 doctrinam
1331 4445 1401 4495 non
1433 4423 1664 4509 sustinebunt,
1699 4423 1764 4495 sed
1797 4423 1845 4495 ad

363 4568 426 4618 sua
461 4545 636 4618 desideria
668 4543 927 4616 coacervabunt
961 4544 1026 4614 sibi
1058 4545 1258 4636 magistros,
1292 4545 1487 4638 prurientes
1522 4546 1678 4629 aun'bus,
1722 4533 1788 4615 *et
1820 4566 1846 4616 a

361 4667 506 4738 veritate
532 4665 672 4760 quidem
697 4663 848 4736 auditum
867 4674 1032 4750 avertent,
1060 4665 1106 4738 ad
1123 4665 1259 4738 fabulas
1277 4675 1392 4736 autem
1410 4676 1663 4737 convertentur.
1702 4657 1777 4710 ⁵⁶⁰)
1792 4663 1847 4734 Tu

361 4809 448 4860 vero
473 4788 577 4880 vigila
603 4786 638 4855 in
663 4785 836 4870 omnibus,
863 4787 998 4871 labora,
1026 4807 1115 4880 opus
1141 4787 1196 4857 lac
1221 4786 1469 4878 evangelistae,
1497 4786 1721 4858 ministeriun
1747 4795 1846 4856 tuum

362 4908 475 5001 imple.
532 4899 647 4998 ὅΕςο.
672 4907 762 4976 enim
796 4906 866 4978 iam
900 4907 1052 4991 delibor,
1094 4915 1130 4977 et
1164 4916 1300 5001 oempus
1334 4927 1436 4978 meae
1475 4905 1692 4979 resolutionis
1731 4905 1845 4974 instat.

360 5019 524 5098 'Bonum
550 5037 724 5098 certamen
751 5028 895 5113 certavi,
923 5049 1061 5098 cursum
1088 5028 1340 5112 consummavi,
1367 5025 1472 5098 fidem
1500 5027 1653 5100 servavi:
1696 5017 1766 5095 ⁸in.
1782 5047 1846 5095 re-

361 5148 455 5240 liquo
481 5149 632 5241 reposita
659 5157 712 5219 est
739 5146 820 5217 mihi
847 5149 989 5218 corona
1008 5147 1173 5233 iustitiae,
1210 5169 1312 5240 quam
1345 5145 1471 5220 reddet
1500 5148 1582 5220 mibi
1615 5145 1774 5218 dominus
1808 5145 1846 5216 in

937 5263 1030 5354 llll
1072 5269 1191 5353 -1v‚
1222 5271 1253 5339 8.
