4242 6118
378 381 425 452 68
794 386 1030 452 EVANGELIUM
1056 389 1256 453 SECUNDUM
1280 389 1436 458 MARCUM

378 589 549 664 audierint
573 590 734 674 verbum,
771 591 883 662 statim
916 615 993 663 oum
1026 593 1155 686 gaudio
1191 597 1359 691 accipiunt
1387 595 1479 681 illud,
1523 588 1548 632 ⁴⁷
1566 605 1602 667 et
1626 617 1697 668 non
1721 597 1851 669 habent

378 714 531 786 radicem
556 713 592 782 in
618 733 661 783 se
693 712 758 783 sed
784 715 995 806 temporales
1023 725 1110 799 sunt
1139 715 1268 789 deinde
1300 727 1375 789 orta
1409 717 1625 788 tribulatione
1656 726 1693 788 et
1723 739 1849 812 perse-

378 836 514 907 cutione
540 841 683 926 propter
714 832 860 904 verbum
895 834 1076 905 confestim
1108 835 1386 909 scandalizantur.
1438 829 1521 908 18Ει
1547 837 1603 910 alii
1629 846 1707 908 sunt
1732 837 1850 930 quiin

378 956 486 1050 spinis
512 952 737 1024 seminantur:
764 953 799 1022 bi
825 963 903 1024 sunt
928 954 986 1046 qui
1010 955 1157 1026 verbum
1188 957 1336 1042 audiunt
1388 950 1414 996 ¹⁹
1427 967 1467 1056 ¹et
1501 979 1688 1030 aerumnae
1721 957 1850 1030 saeculi

377 1087 414 1148 et
439 1072 599 1166 deceptio
626 1073 817 1144 divitiarum
845 1083 880 1145 et
905 1075 996 1145 cirea
1021 1075 1153 1168 reliqua
1179 1077 1476 1171 concupiscentiae
1501 1079 1714 1150 introeuntes
1740 1078 1848 1149 eudo-

378 1206 457 1268 oant
484 1195 651 1278 verbum,
688 1203 722 1264 et
753 1194 826 1265 sine
858 1195 970 1266 fructu
1001 1195 1152 1267 efficitur.
1203 1187 1230 1233 ²⁰
1246 1197 1289 1266 Ει
1322 1197 1356 1268 bi
1388 1207 1466 1268 sunt
1498 1199 1556 1292 qui
1589 1206 1847 1291 superterram

376 1317 505 1387 bonam
541 1313 697 1384 seminati
729 1323 820 1398 sunt,
855 1315 912 1407 qui
944 1315 1085 1386 audiunt
1119 1315 1265 1388 verbum
1298 1327 1345 1388 et·
1360 1319 1560 1413 suscipiunt,
1589 1327 1625 1390 et
1649 1315 1849 1388 fructificant

377 1459 481 1510 unum
508 1435 642 1527 triginta
668 1443 704 1505 et
728 1457 832 1506 unum
860 1435 1042 1528 sexaginta
1068 1445 1103 1506 et
1127 1457 1232 1506 unum
1259 1447 1419 1510 centum..
1446 1430 1469 1476 ²⁴
1485 1431 1562 1486 (Μ)
1575 1439 1617 1508 Ει
1643 1437 1780 1508 dicebat
1804 1436 1847 1506 il-

376 1559 417 1630 lis
441 1556 614 1649 Numquid
640 1555 732 1626 venit
757 1555 896 1626 lucerna
921 1567 959 1628 ut
983 1557 1047 1628 sub
1074 1554 1192 1626 modio
1225 1569 1374 1649 ponatur
1408 1567 1466 1630 aut
1499 1558 1564 1628 sub
1589 1559 1703 1628 lecto‘l
1730 1577 1847 1627 nonne

376 1689 413 1750 nt
439 1699 545 1772 super
572 1676 817 1748 candelabrum
843 1680 1012 1769 ponatur‘l
1061 1665 1174 1722 ΨΜ)
1191 1677 1270 1748 Νοιι
1295 1681 1385 1751 enim
1412 1687 1467 1750 est
1500 1677 1626 1770 aliquid
1658 1650 1852 1749 abscondi-⁸

376 1812 446 1872 tum
473 1797 569 1892 quod
602 1819 673 1868 non
707 1795 955 1881 manifestetur,
987 1818 1053 1868 nee
1078 1797 1205 1868 sactum
1240 1805 1293 1867 est
1318 1798 1488 1870 occultum
1522 1798 1587 1870 sed
1612 1807 1649 1868 ut
1673 1797 1708 1868 in
1732 1799 1846 1890 pelam

376 1919 502 1993 veniat.
553 1910 580 1955 ⁹³
597 1917 632 1986 Si
658 1915 734 2008 quis
760 1915 866 1986 babet
892 1937 993 1988 aures
1029 1916 1201 2002 audiendi,
1230 1916 1354 1988 audiat.
1403 1905 1517 1964 'lim'
1535 1919 1579 1990 Et
1612 1919 1751 2012 dicebat
1782 1917 1846 1988 illis

376 2041 497 2113 Videte
524 2036 606 2130 quid
633 2035 795 2107 audiatis:
822 2035 857 2104 in
884 2059 952 2127 qua
978 2059 1141 2110 mensura
1167 2037 1277 2108 mensi
1302 2036 1430 2108 meritis
1455 2039 1654 2134 remetietur
1675 2039 1786 2124 vobis,
1813 2047 1848 2109 et

378 2160 543 2234 adicietur
568 2157 678 2228 vobis.
729 2143 846 2200 ΝΜ)
866 2156 930 2240 Qui
956 2158 1047 2230 enim
1081 2159 1196 2243 habet,
1230 2157 1368 2230 dabitur
1400 2157 1462 2243 illi,
1490 2160 1609 2253 etqui
1633 2159 1846 2244 nonhabet

377 2282 480 2352 etiam
507 2276 602 2372 quod
628 2275 735 2346 habet
760 2275 932 2346 auferetur
958 2277 1003 2348 ab
1029 2279 1096 2350 illo.
1149 2271 1176 2316 '⁶
1189 2267 1276 2324 (Μ’)
1293 2278 1336 2348 Ει
1361 2277 1499 2350 dicebat
1530 2280 1585 2350 Sic
1617 2290 1671 2350 est
1701 2299 1844 2378 regnum

338 2473 340 2479 ,
376 2401 442 2485 dei,
472 2395 766 2493 quemadmodum
793 2395 823 2466 si
848 2395 954 2468 homo
980 2398 1082 2471 iaciat
1112 2408 1306 2471 sementem
1338 2399 1372 2468 in
1405 2407 1540 2484 terram,
1593 2390 1620 2436 ²⁷
1637 2409 1673 2470 et
1699 2400 1848 2472 dormiat

376 2531 412 2594 et
438 2527 602 2611 exsmgat
634 2526 737 2587 nocte
764 2537 811 2603 ‚ac
843 2515 918 2602 die,
951 2529 987 2588 et
1019 2541 1142 2590 semen
1176 2519 1346 2611 germinet
1378 2527 1414 2588 et
1437 2517 1605 2590 increscat
1630 2519 1712 2590 dum
1737 2520 1848 2592 nescit

374 2642 440 2712 ille.
490 2631 518 2676 ²⁸
533 2639 622 2710 Ultro
650 2636 740 2710 enim
766 2645 857 2708 terra
883 2637 1059 2710 fructificat
1091 2640 1237 2732 primum
1268 2639 1412 2710 herbam
1438 2637 1565 2710 deinde
1598 2640 1745 2732 spicam,
1781 2641 1845 2712 de-

375 2761 455 2834 inde
481 2760 620 2853 plenum
645 2759 848 2828 trumentum
874 2757 908 2827 in
934 2759 1038 2852 spica.
1082 2753 1162 2832 29Et
1188 2782 1266 2831 cum
1299 2781 1338 2834 se
1370 2757 1574 2851 produxerit
1604 2761 1746 2845 fruetus,
1773 2771 1846 2832 sta-

375 2883 436 2956 tim
461 2880 559 2952 mittit
584 2879 727 2963 falcem,
763 2877 924 2970 quoniam
955 2879 1056 2950 adest
1087 2880 1222 2952 messis.
1279 2871 1306 2916 ³⁰
1319 2867 1394 2983 Q
1410 2879 1453 2950 Et
1484 2878 1623 2950 dicebat
1660 2879 1720 2951 Cui
1751 2879 1846 2952 adsi-

376 3001 567 3072 milabimus
593 3021 738 3091 regnum
765 2996 836 3084 dei,
865 3008 923 3070 aut
948 2999 1002 3070 cui
1026 3001 1212 3092 parabolae
1247 2999 1522 3092 comparabimus
1553 2999 1660 3072 illud?
1710 2991 1733 3036 ³¹
1754 2999 1847 3070 Siout

376 3142 519 3215 granum
546 3119 681 3212 sinapis,
709 3118 804 3212 quod
831 3141 908 3188 cum
936 3120 1137 3190 seminatum
1162 3119 1321 3190 fueritin
1346 3127 1447 3203 terra,
1474 3119 1585 3190 miuus
1611 3127 1665 3190 est
1682 3119 1845 3191 omnibus

376 3240 564 3314 seminibus
597 3259 686 3332 quae
719 3247 797 3309 sunt
829 3239 863 3308 in
896 3249 999 3326 terra,
1042 3232 1068 3278 ³²
1085 3249 1120 3310 et
1155 3262 1231 3310 oum
1264 3239 1466 3312 seminatum
1492 3239 1600 3324 luerit,
1628 3239 1784 3311 ascendit
1809 3249 1846 3310 et

376 3361 414 3434 fit
438 3361 548 3434 maius
583 3360 743 3431 omnibns
778 3360 953 3432 holeribus
987 3361 1127 3432 etfacit
1158 3382 1273 3432 ramos
1298 3379 1462 3452 magnos,
1488 3359 1535 3430 ita
1559 3369 1598 3430 ut
1620 3358 1754 3452 possint
1779 3359 1843 3430 sub

375 3483 499 3554 umbra
533 3480 607 3552 eius
641 3501 726 3551 aves
758 3480 846 3551 caeli
879 3480 1046 3554 habitare.
1097 3473 1123 3518 ³³
1136 3470 1211 3527 (Μ)
1229 3482 1272 3552 Ει
1303 3480 1427 3552 talibus
1452 3479 1565 3556 multis
1590 3479 1765 3573 parabolis
1790 3479 1844 3551 lo·-

376 3603 545 3696 quebatur
571 3601 621 3672 eis
646 3600 802 3686 verbnm,
829 3611 932 3693 prout
956 3611 1115 3694 poterant
1140 3602 1277 3694 audire3
1309 3589 1336 3638 ³⁸
1352 3601 1425 3672 sine
1451 3600 1618 3694 parabola
1644 3609 1845 3672 autemnon

375 3723 581 3815 loquebatur
611 3721 677 3806 eis,
738 3710 827 3766 Μ)
842 3742 1000 3792 seorsum
1034 3732 1148 3792 autem
1182 3721 1356 3814 discipulis
1390 3721 1462 3794 suis
1494 3719 1692 3792 disserebat
1721 3721 1843 3792 omnia.

377 3830 491 3888 ΜΨ
508 3841 550 3912 Ει
576 3841 622 3912 ait
650 3841 713 3912 illis
745 3841 801 3910 illa
835 3840 892 3912 die
934 3862 1012 3912 cum
1044 3861 1127 3912 sero
1162 3851 1257 3912 esset
1289 3843 1415 3912 laetum
1450 3841 1681 3912 Transeamus
1715 3849 1843 3912 eontra.

376 3952 461 4032 38«Ει
485 3960 690 4032 dimittentes
717 3961 852 4031 turbam
878 3962 1062 4033 adsumunt
1088 3982 1166 4030 eum
1193 3961 1240 4032 ita
1264 3971 1301 4032 ut
1326 3970 1425 4032 erant
1449 3960 1484 4030 in
1510 3961 1598 4046 nari,
1626 3969 1661 4032 et
1677 3960 1764 4032 aliae
1779 3980 1843 4030 na-

376 4103 440 4154 ves
466 4090 563 4153 erant
589 4104 666 4154 cum
690 4081 758 4152 illo.
809 4073 835 4118 ³⁷
850 4081 893 4151 Et
917 4083 1006 4152 lacta
1033 4090 1087 4152 est
1109 4081 1262 4173 procella
1287 4103 1414 4173 magna
1439 4083 1541 4168 venti,
1568 4091 1603 4153 et
1627 4079 1748 4153 fluctus
1765 4081 1843 4152 mit-

377 4203 473 4276 tebat
497 4202 532 4274 in
555 4223 690 4288 navem,
717 4201 764 4272 ita
788 4210 826 4272 ut
850 4200 1046 4296 impleretur
1070 4201 1177 4273 navis.
1229 4193 1256 4238 ³⁸
1271 4201 1314 4272 Et
1338 4211 1413 4273 erat
1444 4202 1520 4296 ipse
1552 4203 1586 4272 in
1611 4201 1717 4296 puppi
1742 4223 1846 4296 supra

378 4324 525 4396 cervical
549 4323 742 4395 dormiens:
771 4330 806 4392 et
831 4322 980 4394 excitant
1005 4345 1086 4394 eum
1113 4331 1148 4394 et
1165 4322 1282 4396 dicunt
1306 4323 1338 4394 ei
1362 4323 1533 4414 Magister,
1560 4345 1631 4394 non
1649 4321 1695 4394 ad
1711 4330 1748 4393 te
1763 4343 1845 4416 per-

376 4445 460 4516 tinet
501 4442 581 4536 quia
623 4442 802 4536 perimus?
858 4433 885 4478 ³⁹
900 4443 943 4514 Et
974 4465 1168 4537 exsurgens
1206 4443 1430 4515 comminatus
1468 4452 1523 4514 est
1556 4450 1660 4513 vento
1694 4450 1730 4512 et
1761 4442 1849 4514 dixit

378 4563 463 4634 mari
488 4562 581 4634 Tace
614 4572 649 4633 et
681 4562 892 4634 obmutesce.
944 4563 987 4634 Et
1019 4566 1170 4637 cessavit
1200 4573 1341 4649 ventus,
1369 4571 1405 4634 et
1429 4562 1517 4632 facta
1545 4569 1599 4634 est
1624 4563 1846 4656 tranquillitas

378 4703 517 4776 magna*
565 4670 593 4718 ⁴⁰
608 4681 650 4753 Et
674 4682 721 4752 ait
752 4683 816 4754 illis
844 4681 938 4768 Quid
964 4681 1071 4753 timidi
1104 4683 1209 4754 estis‘l
1241 4683 1390 4756 necdum
1420 4681 1554 4754 habetis
1581 4681 1710 4756 fidem?
1736 4683 1778 4754 Et
1803 4683 1846 4753 ti-

380 4811 537 4876 muerunt
563 4803 684 4876 timore
708 4825 853 4896 magno,
887 4813 923 4874 et
955 4801 1116 4873 dicebant
1149 4803 1195 4876 ad
1228 4805 1423 4876 alterutrum
1451 4802 1535 4888 Quis
1566 4813 1666 4898 putas
1692 4814 1746 4876 est
1771 4805 1847 4890 iste,

380 4926 460 5018 quia
486 4934 669 5022 etventus
696 4935 731 4997 et
756 4947 852 5000 mare
880 4921 1068 4996 oboediunt
1093 4922 1147 4992 ei‘l

969 5036 1169 5126 1v‚rt-
1200 5044 1257 5116 to.
1352 5033 1353 5038 '
