4146 6120
369 359 443 436 all
948 359 1129 424 urrsrunn
1155 363 1281 462 nonar

371 593 492 646 eorum
521 569 555 638 in
581 565 814 637 testimonium
841 564 942 636 vobis
971 565 1037 634 erit
1064 575 1099 635 et
1116 567 1339 638 manducabit
1365 587 1488 637 carnos
1505 577 1641 637 vestras
1660 566 1747 636 sicut
1763 567 1864 658 ignis.

371 685 645 762 Thesaurizastis
680 684 765 753 iram
799 684 833 754 in
866 683 1064 755 novissimis
1097 683 1231 756 diebus.
1289 678 1410 756 *Ecce
1449 705 1586 755 merces
1620 685 1886 778 operariorum

373 811 431 903 qui
458 813 678 878 messuerunt
707 803 872 895 regiones
905 811 1060 887 vestras,
1093 803 1149 894 qui
1184 805 1363 876 fraudatus
1390 815 1444 876 est
1470 825 1491 874 a
1517 804 1628 888 vobis,
1658 805 1797 888 clamat,
1826 814 1864 874 et

373 927 684 1019 clamor‘ipsorum
711 921 744 990 in
772 943 873 994 aures
900 921 1031 992 domini
1058 922 1212 993 Sabaoth
1238 924 1396 994 introivit.
1448 915 1613 1016 ⁵Epulati
1646 923 1729 993 estis
1756 944 1865 1017 super

373 1060 499 1118 terram
533 1055 568 1115 et
602 1043 636 1112 in
669 1041 812 1111 luxuriis
845 1041 1019 1112 enutristis
1053 1041 1161 1114 corda
1194 1053 1311 1115 vestra
1336 1043 1370 1112 in
1398 1041 1490 1114 diem
1519 1042 1711 1113 occisionis.
1754 1033 1863 1128 6Αά-

373 1164 531 1248 duxistis,
560 1161 733 1234 occidistis
759 1161 895 1244 iustum,
924 1170 960 1231 ει
983 1163 1055 1232 'non
1081 1161 1208 1232 resistit
1234 1163 1344 1236 vobis.
1388 1156 1592 1233 '¹Patientes
1618 1161 1718 1253 igitur
1735 1161 1861 1246 estote,

373 1287 505 1368 tratres,
533 1302 644 1374 usque
671 1281 716 1352 ad
744 1280 932 1352 adventum
960 1280 1099 1351 domini.
1153 1269 1200 1325 (Π)
1219 1281 1311 1352 Εεεε
1338 1281 1489 1374 agricola
1516 1289 1680 1374 expectat
1706 1281 1862 1374 praetio·
1928 1315 1933 1322 ·

373 1425 449 1474 sum
476 1404 620 1473 fructum
650 1411 773 1484 terrae,
802 1399 971 1494 patienter
997 1400 1111 1470 ferens
1137 1397 1253 1471 donec
1280 1400 1426 1494 accipiat
1451 1409 1713 1492 temporaneum
1741 1409 1775 1470 ει
1800 1422 1862 1470 se-

320 1543 331 1571 ι
373 1523 536 1595 rotinum:
588 1511 603 1556 ⁸
615 1521 787 1614 patientes
820 1527 937 1589 estote
973 1528 1008 1588 et
1039 1539 1121 1603 vos,
1156 1519 1357 1590 confirmate
1389 1519 1497 1592 corda
1532 1529 1665 1602 vestra,
1702 1519 1863 1611 quoniam

373 1643 543 1714 adventus
570 1619 1029 1731 dominiadpropinquabit.
1081 1631 1224 1708 ”Nolite
1250 1639 1501 1731 ingemescere,
1529 1641 1668 1722 iratres,
1697 1639 1732 1708 irl
1757 1639 1863 1708 alter-

373 1771 496 1845 utrum,
524 1769 561 1829 ut
586 1783 656 1832 non
682 1757 895 1829 indicemini:
925 1779 1009 1828 ecce
1035 1757 1142 1828 iudex
1171 1753 1237 1829 'ad
1263 1758 1400 1829 ianuam
1428 1757 1570 1830 adsistit.
1614 1749 1641 1794 ¹⁰
1657 1759 1863 1849 Exemplum

375 1881 533 1973 accipite,
562 1881 701 1962 tratres,
728 1876 858 1947 laboris
892 1885 927 1946 ει
953 1877 1138 1970 patientiae
1170 1899 1235 1972 per
1267 1879 1458 1971 propbetas
1490 1877 1548 1969 qui
1581 1877 1684 1948 locuti
1717 1879 1807 1946 sunt'
1827 1877 1864 1946 in

375 1999 515 2070 nomine
548 1997 687 2068 domini.
746 1989 770 2032 ¹⁴
784 1985 834 2042 ‘¹⁸³
848 1995 940 2066 Ecce
974 1996 1214 2069 beatificamus
1248 1999 1306 2090 qui
1340 1997 1588 2069 sustinuerunt:
1617 1995 1864 2067 ‘sufferentiam

374 2119 436 2190 lob
463 2118 622 2202 audistis,
658 2127 693 2187 et
719 2115 824 2188 finem
856 2115 986 2186 domini
1018 2117 1168 2202 vidistis,
1205 2117 1366 2210 quoniam
1401 2115 1598 2186 misericors
1625 2126 1680 2187 est
1705 2115 1866 2188 domiuus

376 2249 411 2309 ει
437 2238 628 2308 miserator.
684 2225 770 2282 ''fl'’
788 2234 879 2305 Ante
906 2235 1020 2305 omnia
1048 2245 1173 2318 autem,
1200 2237 1323 2306 fratres
1350 2235 1433 2320 mei,
1460 2235 1565 2306 nolite
1592 2235 1722 2321 iurare,
1749 2256 1865 2328 neque

376 2379 440 2450 per
466 2358 600 2428 caelum
627 2375 742 2447 neque
768 2375 832 2448 per
858 2363 985 2425 terram
1012 2375 1126 2446 neque
1154 2355 1244 2426 aliud
1273 2354 1518 2448 quodcumque
1543 2353 1779 2426 iuramentum.
1814 2355 1865 2424 Sit

375 2487 491 2547 autem
519 2497 635 2550 sermo
661 2475 788 2544 vester
808 2483 863 2544 est
889 2483 951 2558 est,
978 2494 1049 2543 non
1067 2494 1146 2557 non,
1174 2483 1297 2546 utnon
1315 2475 1380 2546 sub
1398 2474 1525 2546 iudicio
1544 2473 1722 2548 decidatis.
1750 2465 1864 2543 ¹³Tri-

377 2604 485 2666 statur
519 2594 641 2686 aliquis
674 2595 855 2663 vestrum?
892 2601 968 2663 oret
994 2613 1109 2684 aequo
1137 2591 1253 2663 animo
1286 2601 1322 2663 ει
1347 2595 1480 2687 psallat.
1534 2582 1762 2666 1*Ιιιίὶιιιιιιιιιι
1788 2593 1865 2686 quis

376 2715 411 2783 in
436 2711 566 2784 vobis‘l
593 2711 733 2784 inducat
758 2709 1008 2804 praesbyteros
1035 2710 1214 2795 ecclesiae,
1244 2721 1279 2782 ει
1305 2723 1404 2784 orent
1438 2735 1543 2806 super
1570 2736 1668 2798 eum,
1695 2723 1865 2806 ungentes

377 2853 458 2903 eum
485 2831 565 2902 oleo
592 2830 791 2902 innomine
819 2830 958 2902 domini.
1008 2822 1037 2866 ¹⁵
1053 2831 1096 2900 Et
1121 2831 1232 2901 oratio
1259 2831 1340 2902 fidei
1366 2833 1513 2904 salvabit
1538 2833 1724 2917 infirmum,
1752 2841 1787 2903 ει
1813 2834 1865 2903 al-

376 2950 506 3023 levabit
533 2971 612 3020 eum
639 2949 825 3036 dominum,
845 2960 880 3020 et
909 2950 938 3020 si
966 2949 1180 3042 inpeccatis
1207 2950 1259 3035 sit
1287 2951 1498 3023 dimittentur
1523 2953 1565 3022 ei.
1610 2944 1635 2988 ¹⁶
1653 2951 1866 3024 Confitemini

295 3050 298 3058 ’
378 3092 465 3163 ergo
493 3070 692 3142 alterutrum
718 3079 864 3163 peccata
890 3077 1016 3152 vestra,
1044 3077 1080 3139 ει
1106 3077 1204 3140 οιειε
1230 3092 1295 3162 pro
1313 3071 1469 3157 invicem,
1499 3081 1534 3142 ut
1552 3071 1747 3144 salvemini:
1775 3072 1865 3142 mul-

378 3201 450 3262 tum
478 3187 570 3260 enim
596 3189 689 3260 valet
716 3184 938 3283 depraecatio
964 3188 1043 3258 iusti
1069 3187 1226 3260 adsidua.
1262 3181 1287 3225 ⁴⁷
1300 3181 1351 3235 ‘²⁰³
1371 3183 1487 3265 Helias
1513 3191 1619 3262 bomo
1647 3201 1722 3262 erat
1748 3189 1866 3261 similis

378 3310 480 3381 nobis
506 3306 688 3401 passibilis,
716 3317 752 3378 et
777 3308 932 3379 oratione
959 3307 1070 3378 oravit
1095 3317 1227 3379 utnon
1253 3309 1390 3401 plueret
1415 3331 1520 3403 super
1546 3319 1690 3395 terram,
1726 3320 1761 3380 et
1795 3331 1865 3381 non

298 3431 301 3438 “
379 3428 463 3521 pluit
489 3447 601 3498 annos
622 3436 706 3497 tres
740 3437 776 3498 ει
807 3447 947 3499 menses
972 3447 1063 3511 =sex;
1114 3417 1193 3497 18ει
1225 3449 1345 3499 rursus
1378 3429 1504 3514 oravit,
1539 3440 1574 3500 et
1609 3430 1742 3500 caelum
1769 3428 1867 3501 dedit

379 3548 530 3640 pluviam
559 3557 594 3617 et
620 3555 712 3618 terra
746 3546 844 3618 dedit
874 3547 1021 3617 lruolum
1052 3568 1162 3617 suum.
1216 3537 1242 3582 ⁴⁹
1254 3547 1392 3620 Fratres
1425 3548 1503 3633 mei,
1531 3549 1561 3618 si
1587 3548 1663 3641 quis
1690 3569 1737 3619 ex
1764 3549 1867 3620 vobis

380 3666 548 3740 erraverit
575 3687 595 3736 a
621 3664 766 3736 veritate
793 3675 829 3735 et
855 3665 1063 3737 converterit
1088 3665 1165 3758 quis
1192 3673 1305 3751 eum,'
1333 3657 1362 3703 '⁰
1378 3667 1467 3739 scire
1494 3666 1601 3738 debet
1626 3667 1789 3760 quoniam
1807 3669 1868 3760 qui

380 3786 536 3858 converti
561 3785 681 3856 lecerit
707 3793 930 3878 peccatorem
957 3783 1001 3854 ab
1030 3805 1151 3856 errore
1177 3785 1268 3856 vitae
1295 3807 1396 3872 suae,
1426 3787 1573 3859 salvabit
1607 3787 1757 3860 animam
1791 3787 1867 3858 eius

381 3927 401 3974 a
429 3915 541 3976 morte
568 3913 603 3974 et
629 3905 786 3998 cooperit
811 3902 1059 3975 multitudinem
1085 3914 1317 3997 peccatorum.

751 4102 923 4166 EXPLlGlT
945 4103 1127 4167 EPISTULA
1149 4101 1277 4170 {Aoool
1298 4105 1498 4168 APOSTOLl.
