4242 6118
671 405 916 470 EVANGELIUM
943 407 1144 470 SECUNDUM
1169 407 1324 470 MARCUM
1692 413 1739 482 65

255 612 477 708 paralyticum
513 610 570 702 qui
603 631 624 679 a
659 619 828 702 quattuor
859 611 1074 704 portabatur.
1125 600 1199 682 ‘Et
1230 633 1309 682 oum
1340 633 1410 684 non
1441 630 1587 708 possent
1617 621 1741 694 offerre

257 757 335 806 eum
361 733 405 804 illi
430 751 515 826 prae
540 729 660 814 turba,
696 730 921 802 nudaverruit
954 740 1098 826 tectum¹
1116 731 1173 802 ubi
1201 743 1284 817 erat,
1312 743 1349 804 et
1372 737 1621 826 patefacientes
1647 765 1742 813 surn-

257 857 419 927 misenmt
445 849 625 944 grabatum
650 847 687 920 in
713 869 790 940 quo
818 851 1029 946 paralyticus
1054 851 1198 924 iacebat.
1221 831 1252 889 '⁵
1269 853 1353 924 Cum
1379 854 1523 930 vidisset
1549 869 1663 932 autem
1688 864 1741 934 Ie-

259 999 318 1048 sus
343 974 448 1046 fidam
482 972 629 1054 illorum,
665 967 713 1039 ait
739 971 939 1063 paralytico
965 972 1051 1056 Filii,
1079 972 1288 1044 dimittuntur
1319 974 1378 1046 tibi
1402 989 1558 1069 peccata.
1607 973 1743 1056 ⁶Erant

259 1107 373 1170 autem
408 1093 473 1165 illio
508 1089 647 1185 quidam
680 1087 726 1159 de
764 1090 894 1161 scribis
926 1091 1089 1164 sedentes
1122 1103 1156 1164 et
1188 1093 1380 1186 oog'tantes
1412 1096 1446 1166 in
1483 1100 1646 1174 cordibus
1672 1105 1742 1176 suis

257 1215 375 1305 ⁷de
399 1215 455 1286 hio
488 1213 537 1285 sic
561 1209 733 1304 loquitur?
765 1208 1010 1300 blasphemat:
1044 1213 1119 1306 quis
1151 1223 1267 1306 potest
1301 1214 1471 1288 dimittere
1502 1233 1647 1314 peccata
1678 1226 1742 1297 nisi
1864 1243 1868 1250 '

260 1340 353 1411 solus
379 1337 491 1409 deus‘l
534 1325 642 1432 8(ὶυφ
669 1329 783 1402 statim
813 1333 962 1422 cognito
993 1335 1088 1405 lesus
1122 1335 1239 1428 spiritu
1274 1357 1336 1406 suo
1372 1338 1451 1430 quia
1477 1339 1527 1410 sic
1553 1345 1743 1437 cogitarent

260 1461 345 1532 inter
372 1479 420 1543 sc,
448 1455 530 1527 dicit
553 1452 616 1524 illis
634 1450 723 1536 Quid
747 1450 817 1522 ista
850 1454 1011 1545 cogitatis
1036 1455 1071 1523 in
1096 1454 1259 1526 cordibus
1276 1458 1424 1529 vestris‘l
1467 1451 1586 1546 ⁹Quid
1612 1475 1665 1537 est
1690 1469 1743 1538 la-

261 1581 365 1664 cilius,
393 1577 511 1649 dicere
538 1571 724 1668 paralytico
749 1569 977 1646 Dimittuntur
1003 1574 1062 1645 tibi
1079 1585 1233 1668 peccata,
1261 1598 1306 1648 an
1331 1578 1448 1649 dicere
1466 1580 1575 1676 Surge
1601 1595 1636 1656 et
1660 1589 1744 1658 tolle

262 1700 457 1793 grabattum
483 1705 579 1766 tunm
605 1701 641 1762 et
665 1691 827 1762 ambula?
882 1685 909 1732 ⁴⁰
926 1695 967 1766 Ut
1006 1704 1122 1767 autem
1156 1696 1271 1767 sciatis
1296 1699 1376 1790 quia
1401 1709 1611 1792 potestatem
1636 1705 1745 1778 habet
1876 1713 1879 1722 “

262 1820 350 1892 filius
376 1815 523 1908 hominis
548 1815 583 1884 in
608 1821 700 1883 terra
724 1793 916 1886 dimittendi
934 1825 1089 1908 peccata,
1118 1816 1164 1886 ait
1180 1818 1369 1912 paralytico
1405 1813 1428 1858 ⁴¹
1444 1821 1517 1892 Tibi
1535 1821 1613 1895 dico
1632 1827 1743 1918 Surge

264 1941 344 2012 tolle
371 1939 567 2032 grabattum
594 1942 689 2004 tuum
715 1939 750 2002 et
774 1930 867 2003 vade
892 1935 926 2004 in
952 1935 1095 2006 domum
1121 1945 1225 2008 tuam.
1264 1930 1290 1976 ¹²
1306 1939 1349 2010 Et
1374 1941 1487 2012 statim
1513 1943 1568 2014 ille
1594 1947 1744 2018 surrexit

264 2061 399 2131 sublato
426 2057 585 2150 grabatto
613 2051 695 2123 abiit
720 2073 837 2122 coram
865 2055 1042 2139 omnibus,
1070 2055 1116 2125 ita
1141 2067 1179 2126 ut
1196 2059 1457 2130 ammirarentur
1475 2083 1596 2134 omnes
1622 2074 1656 2134 et
1674 2065 1741 2136 ho-

264 2179 483 2251 norificarent
508 2175 622 2259 derun,
650 2173 805 2244 dicentes
831 2173 911 2266 quia
935 2197 1123 2266 numquam
1150 2175 1201 2248 sic
1225 2169 1384 2249 vidimus.
1430 2173 1601 2253 ¹³‘²⁴·⁹·’Et
1617 2205 1741 2276 egres-

264 2322 324 2371 sus
350 2309 404 2370 est
428 2319 547 2368 rursus
573 2294 620 2366 ad
645 2314 751 2378 mare,
780 2293 960 2384 omnisque
992 2294 1093 2365 turba
1118 2295 1281 2368 veniebat
1313 2297 1358 2368 ad
1394 2319 1487 2385 eum,
1523 2315 1558 2374 et
1588 2302 1742 2375 docebat

265 2441 337 2492 eos.
389 2408 470 2487 “Et
504 2438 581 2488 cum
614 2413 831 2508 praeteriret,
867 2413 952 2484 vidit
982 2413 1088 2485 Levin
1120 2413 1244 2508 Alphei
1276 2416 1456 2489 sedentem
1483 2421 1529 2492 ad
1555 2424 1739 2509 teloneum,

264 2551 300 2611 et
326 2540 374 2611 ait
398 2537 443 2608 illi
470 2539 625 2629 Sequere
650 2557 717 2605 me.
762 2533 805 2604 Et
830 2552 975 2624 surgens
1010 2543 1146 2606 secutus
1179 2545 1233 2606 est
1264 2557 1353 2606 eum.
1405 2531 1431 2575 ⁴⁵
1445 2531 1519 2585 Μ)
1537 2541 1580 2611 llt
1611 2544 1738 2615 lactum

265 2669 318 2730 est
344 2681 423 2730 oum
449 2657 669 2728 accumberet
694 2655 730 2724 in
756 2651 862 2723 domo
888 2651 982 2736 illius,
1010 2653 1104 2723 multi
1137 2655 1306 2748 publicani
1339 2667 1374 2728 et
1406 2671 1611 2752 peccatores
1637 2663 1739 2736 simul

264 2778 527 2852 discumbebant
552 2799 630 2846 curn
655 2776 735 2846 lesu
761 2782 795 2844 et
821 2771 994 2866 discipulis
1021 2773 1113 2858 eius3
1146 2785 1244 2846 erant
1277 2777 1368 2847 enim
1403 2779 1497 2850 multi
1532 2782 1651 2874 quiet
1678 2805 1737 2854 se-

265 2900 458 2993 quebantur
485 2919 573 2967 curn.
615 2887 694 2967 16Ει
721 2894 857 2966 scribae
882 2901 918 2990 ct
942 2891 1116 2964 Pharisaei
1142 2894 1300 2965 videntes
1318 2897 1398 2989 quia
1416 2901 1639 2972 manducaret
1657 2923 1735 2974 oum

263 3019 507 3114 peccatoribus
533 3027 568 3088 et
592 3015 783 3111 publicanis
810 3012 972 3086 dicebant
997 3012 1171 3107 discipulis
1197 3015 1271 3085 eius
1299 3016 1414 3100 Quare
1440 3041 1518 3090 oum
1545 3021 1736 3116 publicanis

265 3151 301 3211 et
325 3139 566 3234 peccatoribus
592 3137 777 3209 manducat
809 3145 844 3206 et
874 3133 961 3204 bibit
992 3134 1155 3225 magister
1187 3139 1326 3204 vester‘?
1375 3129 1400 3172 ¹⁷
1413 3131 1489 3186 (Μ)
1507 3141 1582 3213 Ηοο
1616 3142 1735 3214 audito

160 3335 169 3352 ,
265 3263 359 3332 Iesus
386 3261 432 3332 ait
456 3260 519 3330 illis
544 3259 622 3329 Non
646 3276 793 3327 necesse
818 3254 946 3325 habent
971 3254 1046 3326 sani
1072 3253 1243 3324 medicum
1277 3254 1341 3325 sed
1375 3259 1431 3348 qui
1466 3262 1556 3332 male
1590 3262 1733 3332 habent:

265 3403 336 3452 non
362 3382 451 3452 enim
477 3379 557 3452 veni
580 3398 710 3450 vocare
734 3376 842 3446 iustos
876 3374 939 3448 sed
974 3383 1186 3468 peccatores.
1238 3367 1265 3411 ⁴⁸
1281 3375 1322 3444 Et
1359 3389 1456 3448 erant
1487 3379 1645 3474 discipuli
1678 3383 1734 3453 lo·
1790 3369 1797 3376 ’

265 3501 386 3572 hannis
412 3511 447 3572 et
471 3499 647 3571 Pharisaei
679 3495 881 3567 ieiunantes:
909 3503 944 3566 et
968 3495 1107 3565 veniunt
1140 3503 1174 3564 et
1208 3493 1324 3564 dicunt
1356 3495 1401 3566 illi
1436 3499 1551 3582 Quare
1578 3501 1732 3596 discipuli

132 3669 137 3688 r
264 3621 423 3693 lobannis
455 3631 490 3692 et
522 3620 785 3691 Pharisaeorum
824 3617 987 3700 ieiunant,
1022 3615 1067 3684 tui
1104 3623 1218 3686 autem
1251 3613 1406 3708 discipuli
1446 3639 1516 3690 non
1556 3622 1732 3694 ieiunant?

261 3733 340 3814 ⁴⁹Et
367 3741 501 3814 ait'illis
524 3741 619 3811 lesus
645 3737 816 3831 Numquid
841 3745 986 3831 possunt
1011 3734 1067 3805 filii
1085 3735 1277 3830 nuptiarum
1304 3737 1468 3828 quamdiu
1486 3761 1635 3834 sponsus
1653 3764 1730 3813 curn

261 3855 326 3934 illis
352 3874 406 3934 est
430 3861 606 3938 ieiunare?
635 3861 770 3945 Quanto
795 3867 953 3950 tempore
979 3857 1107 3928 habent
1133 3878 1250 3927 secum
1277 3879 1458 3950 sponsum,
1492 3882 1563 3931 non
1587 3875 1732 3956 possunt

262 3981 422 4054 ieiunare.
474 3973 500 4020 ²⁰
516 3981 659 4052 Venient
685 3989 799 4051 autern
825 3977 900 4050 dies
927 3999 1004 4048 cum
1030 3979 1201 4050 auferetur
1232 3977 1276 4050 ab
1305 3977 1355 4048 eis
1386 3999 1552 4072 sponsae,
1586 3993 1621 4052 et
1652 3993 1730 4055 tuno

263 4103 459 4176 ieiunabunt
483 4103 518 4172 in
542 4103 598 4174 illa
624 4101 690 4173 die.
716 4091 739 4138 ²⁴
758 4100 867 4170 Nemo
895 4110 1128 4172 assumentum
1154 4098 1256 4194 panni
1282 4098 1377 4170 rudis
1402 4101 1508 4172 assuit
1525 4103 1728 4175 vestimento

261 4223 384 4294 veteri:
411 4223 559 4316 ahoquin
573 4207 715 4293 'auleret
740 4221 1013 4314 supplementum
1038 4241 1167 4292 novum
1194 4241 1215 4290 a
1242 4219 1357 4305 veteri,
1385 4231 1422 4291 et
1444 4221 1554 4292 maior
1579 4224 1726 4294 scissura

261 4341 306 4414 lit.
357 4335 437 4412 ”Et
461 4363 565 4413 nemo
593 4341 691 4414 mittit
714 4341 829 4412 vinum
855 4341 1027 4411 novellum
1052 4341 1086 4410 in
1111 4349 1204 4410 utros
1230 4349 1383 4410 veteres:
1411 4341 1561 4435 alioquin
1578 4344 1724 4414 disrum-

262 4471 321 4556 pet
345 4462 459 4534 vinum
485 4471 588 4546 utres,
617 4472 652 4534 et
675 4461 790 4532 vinum
817 4461 997 4532 effunditur
1030 4473 1064 4532 et
1096 4471 1189 4532 utres
1221 4459 1394 4553 peribunt:
1428 4460 1493 4532 sed
1518 4463 1633 4534 vinum
1660 4485 1724 4534 no·

261 4605 342 4654 vum
367 4583 401 4652 in
429 4591 520 4653 utres
545 4605 656 4654 novos
682 4581 766 4652 mitti
792 4581 907 4652 debet.
951 4575 978 4618 ²³
994 4570 1069 4625 (Μ)
1086 4582 1128 4652 Et
1153 4582 1277 4651 sactum
1304 4589 1357 4650 est
1390 4581 1512 4652 iterum
1538 4605 1616 4655 cum
1642 4583 1724 4654 sab-

260 4703 350 4774 batis
378 4703 569 4775 amhularet
600 4725 664 4797 per
699 4712 789 4786 sata,
825 4713 861 4773 et
885 4702 1040 4796 discipuli
1065 4703 1137 4774 eius
1164 4711 1353 4794 coeperunt
1377 4701 1563 4794 praegredi
1589 4713 1624 4774 et
1649 4703 1723 4773 vel-

260 4824 332 4894 lere
366 4824 489 4918 spicas.
539 4812 751 4896 ”Pharisaei
784 4832 898 4894 autem
932 4823 1092 4894 dicebant
1124 4822 1155 4892 ei
1184 4821 1274 4892 Ecce
1307 4819 1388 4913 quid
1420 4823 1544 4892 iaciunt
1572 4823 1725 4897 sabbatis

260 4943 355 5037 quod
384 4965 455 5015 non
487 4943 593 5014 licet?
643 4937 723 5014 25lit
755 4943 801 5013 ait
833 4943 895 5014 illis
927 4943 1119 5035 Numquam
1160 4941 1288 5033 legistis
1328 4941 1409 5033 quid
1450 4943 1569 5014 lecerit
1603 4945 1722 5030 David,

260 5064 400 5157 quando
424 5065 664 5138 necessitatem
689 5063 808 5134 habuit
833 5073 868 5134 et
892 5064 1009 5136 esmiit
1032 5064 1107 5156 ipse
1133 5071 1168 5132 et
1193 5060 1250 5152 qui
1276 5083 1353 5132 cum
1379 5067 1564 5134 socrant?
1590 5056 1619 5102 ²⁶
1634 5087 1722 5158 quo-

259 5184 368 5257 modo
397 5184 521 5255 introiit
555 5185 695 5256 domum
727 5183 783 5256 dei
818 5185 882 5254 sub
917 5183 1080 5254 dbiathar
1110 5181 1262 5276 principe
1296 5183 1514 5256 sacerdotum
1549 5195 1584 5257 et
1614 5207 1721 5280 panes

865 5301 1112 5387 ht-ffi.
1507 5400 1509 5408 y

1395 5427 1416 5497 9
