4220 6124
689 415 868 485 EPlSTUEfi
895 423 947 484 AD
975 421 1201 484 CORINTHIOS
1227 422 1258 482 ll.
1642 421 1715 492 295

243 536 448 546 -—---—-
462 535 508 542 ..u-
531 534 546 541 -
557 531 715 540 --—.-———

237 633 416 728 impendar
449 633 524 726 ipse
560 652 623 724 pro
658 629 836 700 animabus
869 628 1013 712 restria,
1050 627 1130 696 licet
1164 625 1239 717 plus
1273 625 1418 718 diligens
1450 627 1561 698 minus
1588 627 1717 720 diligar.

236 747 262 792 ⁴⁶
280 755 349 826 Sed
382 763 477 836 esto,
513 773 581 842 ego
614 771 678 820 vos
708 770 777 819 non
810 749 971 840 gravavi:
1007 745 1071 839 sed
1106 767 1183 815 curn
1217 767 1331 816 essem
1361 757 1508 832 astutus,
1543 748 1626 820 dolo
1653 773 1718 819 vos

238 876 323 969 cepi.
367 866 392 909 ⁴⁷
405 870 577 964 Numquid
605 892 667 962 per
694 869 841 962 aliquem
871 889 992 938 corum
1021 888 1112 958 quos
1140 867 1213 936 misi
1243 866 1288 938 ad
1314 889 1380 938 vos
1400 867 1610 939 circumveni
1629 874 1719 940 vos‘l

130 979 135 992 ’
238 989 263 1034 ¹⁸
279 993 410 1086 Rogavi
437 991 547 1062 Titum
580 1001 615 1061 et
646 990 721 1060 misi
754 1011 831 1060 curn
866 988 923 1058 illo
957 988 1116 1057 fratrem:
1154 985 1317 1080 numquid
1345 987 1439 1059 Titus
1472 1010 1538 1059 vos
1573 990 1719 1060 circum-

241 1116 356 1186 venit‘l
382 1134 494 1184 nonne
513 1111 639 1182 eodem
659 1110 776 1203 spiritu
796 1108 1075 1180 ambularrimus‘.l
1100 1129 1212 1178 nonne
1232 1103 1362 1179 'isdem
1381 1107 1560 1198 vestigiis?
1596 1101 1719 1181 ⁴⁹Olirn

240 1235 365 1330 putatis
392 1231 485 1326 qnod
518 1251 727 1301 excusemus
759 1251 826 1300 nos
858 1227 951 1322 apud
984 1248 1061 1296 vos.
1117 1227 1239 1300 Coram
1274 1228 1344 1300 deo
1380 1229 1414 1298 in
1443 1227 1575 1298 Christo
1609 1231 1720 1322 loqui-

242 1378 332 1440 mur;
361 1353 475 1424 omnia
501 1361 630 1436 autem,
659 1349 842 1434 carissimi,
872 1357 1014 1442 propter
1040 1359 1193 1420 vestram
1220 1348 1504 1421 aedificationem.
1558 1341 1584 1384 ¹⁰
1602 1351 1721 1420 Timeo

241 1476 330 1546 enirn
359 1495 403 1544 ne
428 1475 516 1544 lorte
544 1495 620 1542 cum
648 1491 779 1542 renero
807 1490 878 1540 non
905 1467 1024 1562 quoles
1053 1469 1134 1539 volo
1161 1469 1332 1541 inveniam
1359 1490 1435 1554 vos,
1467 1479 1500 1540 et
1527 1491 1595 1562 ego
1622 1472 1720 1541 invo-

240 1597 314 1667 niar
340 1617 360 1666 a
386 1593 487 1664 vobis
515 1592 650 1683 qualem
677 1568 891 1674 nonnullis,
918 1609 962 1660 ne
990 1589 1078 1660 torte
1105 1589 1343 1662 contentiones
1371 1589 1619 1664 aemulationes
1646 1593 1720 1662 ani-

240 1715 417 1787 mositates
444 1711 678 1783 dissensiones
704 1709 939 1782 detractiones
965 1711 1218 1782 susurrationes
1239 1710 1431 1782 inflationes
1450 1709 1638 1782 seditiones
1656 1712 1721 1782 sint

241 1838 327 1906 inter
362 1857 445 1918 ros,
485 1823 508 1868 ²¹
529 1853 573 1902 ne
605 1829 725 1910 iterum
754 1853 830 1900 cum
858 1850 988 1900 venero
1015 1828 1169 1903 humiliet
1194 1853 1250 1902 me
1266 1830 1367 1902 deus
1395 1829 1489 1922 apud
1515 1851 1580 1902 vos
1607 1841 1641 1902 et
1667 1832 1719 1902 lu·-

242 1978 343 2048 3eam
379 1953 503 2024 multos
536 1973 582 2022 ex
616 1951 668 2022 bis
696 1951 753 2044 qui
780 1959 860 2020 ante
887 1963 1119 2043 peccaverunt
1147 1963 1182 2024 et
1207 1974 1276 2023 non
1304 1959 1451 2042 egerunt
1477 1951 1718 2043 paenitentiam

242 2096 347 2167 super
374 2071 571 2144 inmunditia
599 2080 632 2141 et
660 2071 880 2140 fornicatione
909 2080 944 2140 et
971 2069 1165 2162 inpudicitia
1194 2095 1297 2164 quarn
1327 2081 1516 2162 gesserunt.

943 2341 1021 2412 Xlll.

319 2546 438 2620 'Ecce
473 2549 573 2619 tertio
608 2548 675 2618 hoc
707 2549 808 2618 renio
842 2547 888 2620 ad
920 2569 1003 2619 vos:
1037 2549 1071 2619 in
1107 2570 1167 2618 ore
1200 2547 1347 2620 duorum
1377 2549 1430 2618 vel
1457 2548 1555 2620 trium
1584 2549 1719 2620 testium

242 2671 345 2742 stabit
371 2689 474 2741 omne
501 2669 657 2739 verbum.
714 2661 907 2738 ’Praedixi
935 2679 970 2739 et
996 2668 1161 2762 praedico
1189 2681 1226 2740 ut
1252 2690 1417 2762 praesens
1443 2669 1544 2741 vobis
1571 2679 1606 2739 et
1632 2691 1720 2740 nunc

244 2792 379 2876 absens,
409 2789 461 2860 his
487 2790 543 2882 qui
571 2799 650 2860 ante
677 2799 910 2882 peccaverunt
936 2800 971 2860 et
997 2789 1121 2860 ceteris
1148 2789 1318 2874 omnibus,
1346 2791 1506 2884 quoniam
1535 2789 1564 2860 si
1588 2811 1719 2862 venero

242 2911 363 2980 iterum
389 2931 456 2979 non
483 2929 632 3001 parcam.
684 2901 764 2978 ³An
791 2909 1065 3002 experimentum
1093 2909 1254 3002 quaeritis
1281 2909 1355 2981 eius
1382 2911 1437 3004 qui
1465 2911 1497 2980 in
1524 2931 1581 2982 me
1608 2911 1719 3004 loqui-

244 3039 297 3132 tur
314 3028 476 3111 Christus,
504 3026 620 3117 quiin
649 3049 712 3099 vos
737 3049 807 3098 non
835 3027 1031 3116 infirmatur,
1060 3029 1123 3100 sed
1150 3039 1274 3122 potens
1302 3041 1355 3102 est
1381 3031 1413 3102 in
1441 3029 1567 3101 vobls‘?
1607 3019 1718 3101 *Nam

245 3147 308 3216 etsi
336 3145 519 3216 crucifixus
547 3155 600 3216 est
625 3168 671 3216 ex
698 3147 907 3234 infirmitate,
941 3151 1006 3222 sed
1032 3150 1125 3220 vivet
1151 3171 1197 3220 ex
1224 3149 1347 3222 virtute
1374 3150 1453 3220 dei:
1486 3171 1566 3220 nam
1594 3161 1629 3222 et
1654 3163 1733 3220 nos'

244 3265 365 3338 infirmi
401 3287 519 3336 sumus
553 3265 587 3334 in
620 3265 693 3352 illo,
732 3268 795 3340 sed
830 3267 986 3342 vivemus
1021 3291 1100 3339 cum
1133 3291 1177 3340 eo
1213 3289 1259 3338 ex
1294 3269 1417 3340 virtute
1450 3269 1507 3342 dei
1542 3269 1576 3340 in
1607 3269 1718 3341 vobis.

242 3375 410 3458 5Vosmet
436 3386 531 3479 ipsos
559 3394 721 3478 temptate
748 3387 775 3458 si
803 3387 886 3458 estis
912 3389 945 3460 in
972 3389 1049 3474 fide,
1077 3389 1141 3483 ipsi
1167 3410 1232 3460 vos
1259 3389 1414 3482 probate.
1458 3389 1511 3460 An
1537 3409 1607 3460 non
1632 3410 1718 3480 cog-

243 3505 385 3580 noscitis
417 3527 482 3576 vos
513 3505 624 3598 ipsos,
659 3507 737 3599 quia
766 3507 916 3580 Christus
941 3511 1037 3582 lesus
1068 3509 1101 3580 in
1133 3509 1235 3582 vobis
1261 3511 1340 3580 est?
1373 3509 1437 3580 nisi
1464 3513 1552 3580 torte
1579 3509 1717 3604 reprobi

244 3627 335 3698 estis.
387 3617 529 3719 ⁶Spero
564 3635 677 3696 autem
718 3628 813 3720 quod
853 3629 1071 3722 cognoscetis
1105 3628 1184 3720 quia
1217 3651 1282 3700 nos
1313 3649 1384 3701 non
1418 3651 1536 3702 sumus
1568 3629 1718 3723 reprobi.

242 3741 421 3820 'Oramus
447 3757 561 3818 autem
588 3747 692 3818 deum
719 3758 755 3818 ut
780 3749 860 3820 nihil
887 3752 965 3822 mali
992 3749 1141 3834 faciatis,
1173 3769 1243 3820 non
1276 3759 1311 3820 ut
1341 3771 1406 3822 nos
1432 3749 1568 3844 probati
1593 3769 1718 3842 parea-

242 3891 329 3953 mus,
357 3867 422 3939 sed
448 3875 484 3938 ut
509 3888 574 3938 vos
600 3867 694 3960 quod
721 3868 851 3941 bonum
878 3879 932 3941 est
957 3870 1103 3955 faciatis,
1131 3891 1197 3940 nos
1223 3880 1336 3942 autem
1362 3881 1399 3942 ut
1425 3869 1564 3964 reprobi
1591 3889 1718 3940 sumus.

241 3982 344 4062 ⁸Non
369 3988 458 4060 enirn
481 4009 668 4083 possumus
691 3969 817 4084 atiqiid
841 3989 1011 4062 adversus
1032 3990 1222 4076 veritatem,
1249 3990 1313 4062 sed
1332 4011 1395 4084 pro
1413 3990 1566 4062 veritate.
1599 3981 1717 4062 ⁹Gau-

226 4110 389 4182 deamus
416 4110 507 4181 enim
535 4110 674 4202 quando
701 4132 766 4182 nos
793 4111 914 4182 infirmi
941 4133 1067 4196 sumus,
1094 4133 1159 4182 vos
1187 4121 1301 4184 autern
1334 4109 1484 4204 potentis
1518 4109 1618 4180 estis:
1652 4109 1719 4180 hoc

244 4241 279 4300 et
312 4251 468 4314 oramus,
505 4243 656 4303 vestram
692 4231 1032 4304 consummationem.
1093 4223 1119 4268 ¹⁰
1135 4231 1217 4304 ldao
1252 4232 1339 4304 hacc
1373 4230 1501 4302 absens
1534 4229 1649 4300 scribo
1683 4239 1719 4300 ut

243 4371 312 4420 non
345 4370 511 4441 praesens
544 4351 662 4422 durius
691 4372 795 4444 agam
832 4352 1020 4424 secundum
1055 4361 1263 4444 potestatem
1297 4373 1398 4446 quum
1433 4349 1592 4422 dominus
1625 4349 1719 4422 dedit

244 4468 324 4538 mibi
351 4469 382 4539 in
410 4467 684 4541 aedificationem
712 4479 746 4540 et
772 4493 840 4542 non
867 4472 900 4542 in
927 4471 1203 4544 destructionem.
1249 4464 1270 4508 ⁴¹
1286 4463 1337 4520 (³⁸)
1355 4473 1406 4542 De
1433 4483 1560 4556 cetero,
1588 4471 1718 4554 fratres,

245 4587 413 4678 gaudete,
447 4588 588 4680 perfecti
619 4599 746 4674 estote,
781 4591 1024 4676 exhortamini,
1059 4592 1152 4664 idem
1186 4593 1315 4686 sapite,
1349 4613 1473 4686 pacem
1504 4591 1647 4676 habete,
1683 4601 1718 4660 et

244 4707 332 4778 deus
365 4707 555 4779 dilectionis
588 4719 623 4778 et
655 4709 750 4802 pacis
783 4711 846 4782 erit
879 4711 1067 4783 vobiscum.
1126 4704 1152 4749 ⁴¹
1169 4713 1320 4786 Salutate
1355 4713 1500 4786 invicem
1533 4712 1567 4782 in
1601 4711 1720 4782 osculo

244 4839 372 4898 sancto.
427 4829 580 4902 Salutant
606 4850 671 4899 voa
698 4831 805 4901 sancti
832 4851 962 4904 omnes.
1015 4823 1041 4868 ⁴³
1060 4831 1174 4904 Gratia
1202 4831 1329 4904 domini
1361 4834 1467 4906 nostri
1497 4835 1574 4904 lesu
1601 4831 1719 4904 Christi

244 4959 279 5020 et
302 4949 425 5020 caritas
453 4949 507 5020 dei
535 4957 570 5019 et
596 4949 857 5022 communicatio
884 4951 1020 5046 spiritus
1047 4952 1154 5022 sancti
1182 4973 1258 5022 curn
1286 4953 1445 5024 omnibus
1472 4953 1580 5038 vobis,
1609 4973 1718 5024 amen.

636 5119 803 5184 EXPLlClT
825 5119 877 5182 ΑΙ)
900 5121 1126 5184 conuiuales
1150 5123 1333 5186 SECUNDA.
