4254 6130
651 392 893 460 EVANGELIUM
920 391 1123 460 SECUNDUM
1149 393 1344 462 lottANNEtt
1697 397 1769 475 ib‘d

263 499 538 510 -.—.--—.-—

262 605 374 674 tuerat
400 601 432 674 io
459 619 631 671 oareerem
656 600 837 672 lohannes.
890 587 1018 644 ”W
1035 599 1141 674 Facta
1174 613 1238 676 est·
1261 618 1349 692 ergo
1387 595 1570 688 quaestio
1598 619 1645 675 ex
1671 607 1775 689 disci.

260 721 350 819 pulis
376 717 531 792 Iohannis
558 741 635 791 oum
661 719 798 794 ludaeis
826 717 871 790 de
898 717 1146 811 purificatione.
1198 714 1225 760 ’ὓ
1238 717 1280 793 m
1305 727 1485 792 venerunt
1521 718 1578 792 ad
1604 722 1780 814 iohannem

261 853 296 915 et
323 841 485 913 dixerunt
510 841 542 911 ei
566 839 686 926 Rabbi,
714 841 772 934 qui
798 847 874 910 erat
900 846 1015 910 tecum
1040 851 1137 913 trans
1162 841 1343 923 Iordanen,
1374 837 1428 908 oui
1458 847 1500 908 tu
1542 845 1775 934 testimonium

261 960 481 1058 perhibuisti,
515 981 597 1034 ecoe
632 959 687 1032 hio
717 960 886 1054 baptizat,
923 968 958 1030 et
985 979 1110 1033 omues
1134 961 1276 1034 veniunt
1303 958 1348 1030 ad
1377 977 1471 1029 eum.
1544 952 1775 1070 ”Respondit

259 1085 433 1156 lohannes
460 1091 494 1155 et
520 1081 605 1154 dixit
630 1082 706 1152 Non
733 1089 849 1175 potest
875 1079 982 1151 homo
1010 1082 1171 1176 aooipere
1198 1081 1383 1174 quicquam
1409 1077 1480 1149 uisi
1516 1079 1557 1154 ei
1582 1088 1680 1166 tuerit
1705 1100 1772 1174 da.

261 1217 330 1279 tum
359 1201 408 1274 de
437 1203 543 1273 caelo.
594 1191 790 1296 ”ffldlpsi
815 1219 882 1271 vos
909 1199 991 1270 mibi
1018 1202 1251 1274 testimonium
1279 1199 1475 1294 perhibetis
1498 1209 1604 1296 quod
1623 1213 1768 1291 dixerim

259 1329 334 1421 Ego
360 1341 435 1394 non
461 1343 536 1394 sum
564 1321 723 1406 Christus,
752 1321 815 1392 sed
841 1319 922 1414 quia
944 1319 1073 1392 missus
1099 1343 1176 1392 sum
1203 1329 1284 1392 aute
1309 1319 1410 1392 illum
1450 1308 1483 1356 ¹⁹
1498 1313 1595 1374 ‘'W-²
1609 1331 1673 1416 Qm·
1697 1336 1763 1407 ha.

210 1465 212 1470 ’
260 1450 321 1520 bet
347 1463 516 1538 sponsam
544 1463 692 1538 sponsus
718 1450 789 1512 est:
818 1440 950 1512 amicus
978 1451 1094 1512 autem
1121 1440 1251 1536 sponsi,
1289 1442 1345 1534 qui
1379 1451 1447 1515 stat
1483 1455 1522 1515 et
1547 1449 1642 1520 audit
1667 1469 1758 1536 eum,

264 1565 393 1662 gaudio
421 1561 551 1657 gaudet
577 1569 718 1658 propter
744 1581 868 1633 vocem
897 1561 1034 1654 spousi:
1070 1559 1139 1632 boo
1167 1581 1254 1654 ergo
1295 1561 1457 1656 gaudium
1487 1585 1603 1637 meum
1630 1569 1755 1662 imple-

264 1700 340 1760 tum·
363 1695 427 1756 est.
479 1675 506 1720 ³⁰
521 1683 614 1755 illum
643 1691 780 1776 oportet
806 1701 978 1766 creseere,
1005 1699 1064 1751 me
1090 1689 1211 1751 autem
1235 1683 1349 1755 minui.
1400 1677 1423 1722 ³¹
1440 1681 1506 1771 Qui
1538 1685 1584 1758 de
1616 1705 1754 1759 sursum

266 1808 368 1892 veuit,
397 1827 501 1899 supro
528 1823 650 1875 omnes
677 1812 738 1872 εει.
776 1801 840 1887 Qui
867 1809 921 1872 est
948 1801 994 1872 de
1022 1811 1123 1884 terra,
1154 1799 1202 1872 do
1228 1811 1321 1878 terro
1347 1815 1401 1877 ost
1434 1815 1468 1876 ει
1499 1786 1549 1877 de
1579 1815 1671 1877 terra
1697 1807 1754 1902 io-

269 1929 396 2022 quitur:
425 1925 481 2018 qui
508 1923 553 1996 de
580 1923 678 1995 caelo
704 1923 806 2008 venit,
833 1932 939 2016 supra
967 1943 1090 1994 omnes
1117 1931 1189 2008 est,
1232 1915 1260 1960 ³²
1278 1937 1313 1997 et
1339 1925 1433 2020 quod
1459 1925 1544 1998 vidit
1561 1935 1597 1997 et
1613 1925 1752 2014 audivit,

269 2049 338 2122 hoc
364 2055 521 2118 testatur:
550 2053 584 2116 et
610 2041 837 2115 testimonium
866 2041 940 2113 eius
967 2059 1071 2112 nemo
1100 2042 1234 2136 aooipit.
1315 2047 1380 2133 Qui
1406 2045 1529 2140 aooipit
1555 2046 1629 2116 sius
1653 2047 1752 2118 testi.

270 2168 430 2252 monium,
459 2161 604 2258 signavit
630 2165 708 2259 quia
734 2163 822 2236 deus
847 2181 957 2234 verex
985 2171 1047 2232 est.
1099 2149 1126 2196 ³⁸
1146 2163 1258 2249 Quem
1286 2167 1376 2238 enim
1402 2167 1492 2240 misit
1518 2165 1614 2250 deus,
1642 2168 1752 2240 verba

273 2287 329 2360 dei
354 2287 518 2381 loquitur:
552 2307 622 2356 nou
652 2283 741 2356 euim
777 2283 822 2354 ad
854 2301 1053 2354 mensuram
1086 2279 1150 2354 dat
1183 2284 1271 2358 deus
1306 2288 1470 2383 spiritum.
1522 2277 1637 2333 ΜΦ)
1649 2285 1753 2358 Pater

273 2409 378 2502 diligit
404 2407 507 2480 filium
536 2415 571 2478 et
597 2405 711 2478 omnia
742 2403 839 2478 dedit
871 2402 905 2475 io
938 2423 1041 2473 manu
1067 2401 1152 2474 eius.
1205 2397 1336 2456 ”W
1350 2409 1415 2495 Qui
1441 2405 1552 2480 eredit
1577 2405 1610 2475 in
1636 2405 1751 2495 fitium,
1798 2459 1801 2472 .

274 2531 378 2603 babet
402 2532 505 2600 vitam
535 2535 727 2600 aeternam:
755 2524 813 2618 qui
838 2534 953 2596 autem
981 2521 1176 2596 incredulus
1202 2535 1264 2612 est,
1291 2551 1361 2601 nou
1387 2529 1518 2603 videbit
1543 2525 1658 2614 vitam,
1686 2527 1751 2601 sed

274 2653 323 2723 ira
348 2650 405 2723 doi
430 2658 546 2722 manet
571 2669 675 2744 super
700 2667 790 2720 eum.

985 2919 1036 2989 ιν.
1064 2880 1070 2902 ’

350 3125 418 3201 ⁴Ut
443 3150 530 3222 ergo
557 3129 720 3221 cognovit
745 3129 840 3198 lesus
866 3125 945 3218 quia
979 3120 1159 3196 audieruut
1192 3118 1367 3198 Pharisaei
1399 3127 1479 3220 quia
1511 3127 1607 3201 lesus
1633 3130 1748 3222 plures

276 3249 462 3344 discipulos
488 3245 567 3320 facit
600 3257 635 3319 et
666 3245 817 3340 baptizat
851 3239 977 3336 'magio
1010 3263 1113 3334 quam
1145 3243 1332 3332 lohannes,
1382 3239 1619 3340 ²quamquam
1654 3249 1748 3318 lesus

276 3390 345 3441 ooo
370 3369 561 3464 baptizaret
587 3366 651 3438 sod
678 3363 832 3458 discipuli
857 3365 948 3448 eius,
991 3353 1091 3410 ’Μ
1110 3363 1243 3456 reliquit
1268 3365 1430 3438 iudaeam
1457 3376 1492 3437 et
1518 3365 1601 3438 abiit
1626 3369 1747 3438 iterum

277 3489 310 3561 in
337 3489 529 3561 Galilaeam.
581 3475 698 3534 ‘M’
717 3483 905 3579 Oportebat
931 3492 1045 3554 autem
1071 3503 1150 3554 eum
1177 3484 1322 3556 transire
1339 3507 1402 3579 per
1420 3483 1619 3557 Samariam.
1636 3479 1747 3559 'We-

277 3611 325 3682 oit
350 3629 435 3702 ergo
460 3610 495 3678 in
520 3607 691 3679 civitatem
718 3604 893 3677 Samariae
919 3621 1008 3696 quae
1035 3602 1157 3674 dieitur
1174 3604 1313 3698 Syeirar,
1340 3605 1436 3677 iuxta
1454 3605 1633 3700 praedium
1652 3609 1749 3700 quod

277 3729 373 3802 dedit
397 3729 501 3802 laoob
528 3727 653 3821 ioseph
685 3725 752 3798 tilio
786 3745 858 3796 suo.
910 3713 1017 3794 ⁶*Erat
1050 3733 1165 3796 autem
1199 3723 1245 3796 ibi
1270 3726 1347 3797 fons
1372 3726 1486 3799 laoob.
1538 3726 1635 3800 lesus
1661 3749 1747 3822 orgo

277 3851 434 3944 fatigatus
466 3871 512 3920 ex
543 3847 661 3919 itinere
696 3841 841 3917 sedebat
873 3845 923 3916 sio
957 3865 1062 3938 super
1094 3845 1242 3917 iontem:
1277 3846 1362 3917 bora
1398 3856 1473 3918 erat
1504 3849 1603 3940 quasi
1636 3859 1747 3922 serta.

276 3965 404 4042 'Venit
429 3969 550 4041 molier
574 3967 620 4040 de
646 3967 799 4039 Samaria
825 3965 960 4037 haurire
986 3985 1128 4057 aquam:
1155 3965 1236 4036 dicit
1261 3965 1293 4036 ei
1319 3967 1414 4036 lesus
1441 3965 1493 4036 Du
1518 3967 1599 4038 mibi
1616 3969 1747 4042 bibere.

275 4082 465 4184 ⁸Disoipuli
490 4089 580 4160 onim
607 4089 681 4160 eius
708 4085 862 4159 abierant
886 4086 919 4156 io
945 4084 1125 4168 civitatem,
1152 4094 1188 4156 ut
1206 4085 1303 4156 cibos
1321 4094 1483 4157 emerent.
1527 4077 1646 4162 ⁹Dieit
1662 4111 1747 4184 ergo

278 4211 310 4281 ei
342 4211 462 4281 mulier
493 4210 548 4282 iila
582 4207 792 4282 Samaritana
825 4205 1010 4291 Quomodo
1042 4214 1088 4290 tu,
1123 4205 1268 4278 iudaeus
1301 4206 1468 4291 cumeis,
1496 4205 1748 4282 bibereamo
1798 4193 1800 4202 ’

276 4329 403 4425 poscis,
430 4350 519 4423 quae
546 4351 622 4401 sum
649 4327 767 4400 maier
793 4326 1031 4398 Samaritana?
1064 4347 1132 4398 nou
1160 4326 1250 4396 enim
1276 4335 1457 4399 coutuntur
1481 4327 1598 4400 iudaei
1623 4329 1747 4400 Sama-

278 4449 401 4521 ritauis.
454 4441 480 4486 ⁴⁰
492 4445 681 4544 Respondit
706 4448 800 4518 iesus
828 4441 878 4518 'et
904 4447 990 4520 dixit
1016 4445 1048 4516 ei
1075 4444 1108 4514 Si
1136 4445 1243 4518 scires
1269 4445 1398 4518 donum
1425 4446 1498 4532 dei,
1532 4457 1567 4519 et
1593 4449 1669 4541 quis
1695 4459 1750 4520 est

277 4571 334 4665 qui
360 4569 442 4642 dioit
467 4569 527 4640 tibi
553 4569 605 4640 Da
632 4567 712 4638 mibi
737 4568 868 4652 bibere,
896 4581 932 4638 tu
957 4565 1097 4638 forsitan
1123 4565 1270 4659 petisses
1296 4567 1341 4638 ab
1369 4589 1422 4654 eo,
1450 4577 1485 4639 et
1510 4567 1667 4640 dedisset
1689 4569 1749 4639 tibi

276 4713 403 4786 aquam
427 4689 552 4763 aivam.
606 4679 628 4724 ¹¹
648 4687 736 4760 Dicit
761 4687 792 4758 ei
820 4687 938 4758 muber
963 4686 1126 4770 Domine,
1162 4707 1275 4779 neque
1308 4687 1342 4758 iu
1367 4709 1437 4781 quo
1464 4688 1603 4761 haurias
1628 4688 1747 4772 babos,

277 4821 312 4882 et
343 4821 467 4906 puteus
500 4809 587 4882 altus
620 4819 689 4882 est:
724 4807 815 4878 uode
850 4829 936 4900 ergo
978 4807 1088 4878 babes
1122 4827 1248 4898 aquam
1278 4806 1418 4878 vivam?
1467 4799 1494 4844 ⁴²
1509 4806 1680 4900 Numquid
1714 4817 1750 4878 to

276 4931 385 5003 maior
411 4952 451 5003 es
477 4941 575 5025 patre
600 4937 719 5001 nostro
745 4927 857 5012 Iacob,
884 4928 941 5021 qui
967 4925 1064 5000 dedit
1088 4924 1189 4996 nobis
1215 4935 1355 5018 puteum
1382 4937 1417 4997 et
1447 4947 1494 4997 ex
1521 4947 1566 4998 eo
1591 4929 1668 5022 ipse
1692 4927 1748 4999 bi-

277 5050 325 5124 bit
351 5061 386 5123 ει
410 5049 467 5122 filii
493 5051 567 5122 eius
593 5059 628 5120 et
653 5069 782 5144 pecora
810 5048 911 5119 eius‘?
955 5040 980 5086 ¹³
996 5045 1186 5140 Respondit
1210 5045 1306 5117 iesus
1332 5057 1367 5118 et
1392 5045 1528 5118 dixitei
1555 5047 1673 5120 Omnis
1691 5049 1749 5141 qui

278 5173 362 5244 bibit
387 5191 433 5244 ex
460 5193 550 5265 aqua
576 5169 642 5242 bao
669 5170 758 5243 sitiet
783 5169 924 5240 iterum:
956 5169 1013 5260 qui
1047 5175 1160 5238 autem
1195 5165 1319 5238 biberit
1349 5187 1396 5238 ex
1430 5187 1519 5260 aqua
1551 5189 1655 5262 qoam
1683 5191 1750 5262 ego
1839 5261 1842 5272 Ι

832 5289 956 5374 ΙΙΙ,-·25
987 5327 1031 5340 -
1059 5286 1109 5372 Ν,
1139 5289 1195 5358 ta.

1395 5409 1442 5480 ιθ
