4242 6118
671 383 921 450 miseritum
946 389 1155 452 SECUNDUM
1181 389 1394 456 ulmus
1739 393 1788 472 57

273 579 301 630 ‘³
318 588 474 662 Coulidet
502 587 537 656 in
562 585 649 658 deo:
676 585 803 657 liberet
836 603 929 656 noue
965 592 1051 658 eum
1085 587 1116 658 si
1149 591 1239 674 vult;
1255 573 1361 664 ‘uixit
1386 593 1478 666 enim
1505 595 1588 688 quia
1615 597 1673 672 dei
1700 599 1788 676 lilius

168 773 172 782 .
277 715 381 780 sura..
413 696 543 750 “ml
561 704 600 778 ld
633 705 748 798 ipsum
782 711 898 776 autem
940 713 980 774 et
1017 705 1175 778 latrones
1209 708 1269 800 qui
1302 703 1479 784 'amcitixi
1513 725 1614 788 eruut
1638 735 1718 792 oum
1743 743 1789 794 eo

276 825 547 920 inproperabant
571 821 614 894 ei
666 809 838 891 “Plistia
864 829 971 892 sexta
1003 831 1123 894 amm
1151 824 1238 898 hora
1265 829 1440 902 tenebras
1456 831 1570 906 luotue
1587 847 1667 908 suut
1683 861 1791 934 supe·

277 943 476 1015 rmiversam
507 951 634 1012 terram
668 959 780 1032 morte
814 937 860 1010 ad
892 938 1029 1009 horam
1069 961 1210 1014 nouem.
1260 934 1397 992 “Wl-
1414 947 1514 1022 Ciroa
1545 951 1668 1028 horum
1701 977 1790 1034 vem

185 1073 190 1088 ·
278 1082 406 1134 nonum
433 1059 593 1132 clamavit
616 1059 713 1130 lesus
739 1079 829 1130 vooe
854 1077 993 1147 magna
1023 1055 1148 1132 diosas
1173 1061 1248 1132 Heli
1275 1062 1346 1134 heli
1363 1064 1459 1139 lema
1477 1068 1691 1160 sabacthani,
1718 1076 1788 1152 hoe

277 1191 332 1252 est
356 1181 452 1251 Deos
478 1197 579 1250 meus
605 1177 695 1248 deus
720 1198 834 1261 meus,
861 1185 899 1248 ut
929 1171 1028 1267 quid
1062 1176 1275 1271 dereliquisti
1306 1183 1395 1251 me?
1447 1174 1475 1220 ‘⁷
1493 1187 1642 1271 Quidam
1669 1205 1787 1270 autem

141 1327 147 1334 ·
276 1299 343 1370 illie
368 1307 500 1372 stantes
525 1305 563 1368 et
588 1295 769 1368 audientes
795 1295 960 1367 dicebant
990 1291 1126 1368 Heium
1151 1309 1257 1370 voert
1280 1299 1359 1370 iste
1406 1289 1539 1350 ‘mm’
1555 1307 1598 1380 m
1623 1313 1787 1388 motinus

276 1437 419 1490 currem
445 1437 534 1488 umus
568 1415 702 1486 exeis
733 1424 912 1509 receptam
947 1414 1141 1506 spongiam
1165 1416 1323 1510 implevit
1350 1425 1454 1490 aoeto
1481 1431 1518 1492 et
1540 1424 1693 1518 hpomt
1718 1431 1784 1506 ha.

276 1535 421 1620 ruudini,
448 1543 484 1606 et
509 1533 620 1606 dabat
647 1535 680 1604 ei
704 1533 836 1604 bibere.
888 1521 915 1572 ⁴⁹
932 1531 1050 1603 Ceteri
1082 1551 1168 1604 vero
1203 1534 1376 1608 dicebant
1406 1537 1488 1610 Sine
1521 1541 1702 1620 viderimus
1736 1571 1781 1624 un

275 1653 394 1727 veriat
425 1651 544 1724 liedes
574 1653 727 1724 liberans
763 1671 853 1722 eum.
904 1641 932 1688 ⁶⁰
946 1637 1042 1698 ‘W'
1059 1651 1157 1722 Iesus
1190 1640 1310 1724 autem
1342 1653 1469 1728 iterum
1503 1659 1657 1736 clamans
1688 1687 1779 1744 νοω

276 1791 405 1864 magua
431 1770 548 1843 emisit
572 1769 739 1864 spiritum.
789 1761 813 1806 ⁵¹
829 1757 918 1816 (Μ)
935 1769 980 1840 Et
1006 1789 1091 1840 eoos
1116 1769 1233 1842 velum
1258 1771 1548 1863 temptatorum
1566 1790 1621 1852 eut
1636 1782 1671 1854 in
1689 1784 1778 1860 duaa

191 1931 198 1938 -
276 1900 395 1986 partes
428 1911 450 1962 u
484 1909 624 1962 mmmo
655 1907 767 1980 usque
798 1887 979 1971 deorsum„
1028 1874 1132 1932 ‘m’
1151 1897 1187 1958 et
1218 1897 1312 1960 terra
1345 1900 1443 1962 mota
1481 1903 1551 1980 est,
1586 1909 1623 1970 et
1653 1913 1776 1996 petrae

275 2009 408 2082 scissae
434 2017 525 2092 sunt,
613 2016 649 2078 et
673 2014 898 2080 mmumoota
924 2013 1047 2098 aperta
1071 2015 1161 2089 suut,
1187 2016 1224 2076 et
1248 2008 1356 2080 multa
1393 2029 1546 2102 (torpore
1578 2027 1774 2096 motarum

275 2129 335 2220 qui
361 2128 577 2201 dormierant
602 2134 836 2198 surrexeerat
888 2113 915 2160 ⁵³
930 2123 973 2194 Et
999 2132 1169 2196 exeuntes
1204 2123 1250 2196 de
1284 2129 1523 2200 monumentis
1548 2144 1631 2224 post
1656 2157 1773 2212 resur-
1882 2199 1887 2212 ,

274 2245 464 2318 rectionem
512 2245 587 2316 eius
625 2251 796 2316 venerunt
835 2241 870 2312 ia
909 2249 1066 2312 eandam
1097 2239 1270 2312 atumem
1310 2251 1346 2314 et
1381 2261 1620 2340 apparuerunt
1650 2259 1773 2330 multa.

272 2352 583 2438 “macenaria
608 2371 726 2434 autem
752 2358 871 2451 etqui
897 2379 976 2430 oum
1002 2378 1047 2430 eo
1065 2367 1165 2430 eram
1189 2358 1427 2434 custodientes
1444 2365 1568 2454 lesum,
1588 2372 1674 2446 uiso
1700 2385 1772 2448 aer..

276 2503 338 2556 rao
364 2495 461 2556 motu
491 2490 526 2552 et
551 2479 607 2552 his
631 2499 723 2571 quae
755 2477 899 2560 fiebant,
934 2475 1120 2550 timuerunt
1150 2477 1254 2550 valde
1279 2477 1438 2554 dicentes
1478 2485 1569 2558 Vere
1594 2489 1652 2562 dei
1684 2490 1772 2566 mus

278 2611 355 2676 arat
379 2605 454 2678 [aaa
508 2589 637 2645 “wll‘'
655 2599 761 2670 Eram
787 2605 903 2668 autem
928 2595 976 2666 ibi
1002 2593 1165 2666 mudieres
1189 2595 1319 2668 multae
1350 2599 1522 2693 alonge,
1550 2627 1641 2698 quae
1668 2631 1770 2686 saan-

278 2733 336 2796 tae
369 2698 469 2796 siant
502 2717 617 2790 lesum
650 2735 671 2788 a
706 2715 857 2788 Galilaea
899 2712 1131 2786 ministrantes
1163 2714 1213 2786 ei:
1256 2705 1284 2750 ⁵⁶
1300 2713 1388 2788 inter
1427 2741 1518 2811 qm
1557 2737 1635 2800 omi
1665 2729 1772 2802 nm

279 2842 495 2934 Magddeae,
523 2846 558 2908 et
583 2835 691 2906 ldsria
715 2834 833 2906 iacobi
859 2841 895 2904 et
919 2831 1047 2925 loseph
1070 2841 1191 2917 mater,
1219 2841 1255 2904 et
1280 2841 1392 2906 mater
1417 2834 1568 2914 tiliomm
1583 2845 1770 2930 Zebedaei.

278 2951 406 3006 ΜΗ)
423 2959 511 3030 Cum
538 2973 618 3026 sero
646 2963 763 3024 eutem
788 2954 916 3026 laemm
942 2949 1045 3034 e'sset
1073 2951 1166 3022 venit
1190 2949 1332 3042 quidam
1356 2951 1466 3030 homo
1493 2959 1593 3036 dives
1619 2965 1667 3036 ab
1691 2963 1772 3040 Ari-

281 3076 416 3160 mathiu,
444 3073 586 3146 nomiae
611 3071 748 3166 Ioseph,
776 3072 897 3164 quiet
927 3071 1003 3164 ipse
1038 3068 1226 3163 discipulus
1259 3079 1336 3142 erat
1360 3071 1455 3148 lesu:
1499 3071 1527 3118 ⁵⁸
1543 3079 1599 3154 hio
1624 3085 1773 3158 aooesdt

281 3195 328 3268 ad
366 3195 513 3268 Pilatum
551 3199 587 3264 et
622 3191 708 3283 polit
747 3207 877 3284 corpus
914 3189 1003 3262 Iesu.
1056 3188 1152 3262 Iuno
1192 3189 1319 3264 Pilatus
1356 3190 1456 3266 ausit
1493 3197 1610 3272 reddi.
1633 3223 1770 3296 corpu

280 3305 406 3360 “limi
424 3313 468 3384 Et
494 3319 642 3404 aooepto
669 3327 820 3402 corpore
846 3307 971 3402 Ioseph
996 3306 1139 3378 involvit
1163 3305 1245 3378 illud
1270 3307 1306 3380 in
1331 3308 1480 3384 sindone
1505 3316 1653 3402 munda,
1696 3310 1770 3392 ⁶⁰et

281 3431 396 3524 posuit
419 3429 503 3502 illud
529 3429 565 3498 in
591 3436 815 3500 monumento
841 3447 907 3498 suo
932 3445 1026 3498 novo
1053 3425 1150 3515 quod
1175 3425 1355 3500 exciderat
1380 3427 1416 3500 iu
1440 3439 1555 3523 petru,
1583 3445 1619 3506 et
1645 3435 1769 3510 advol-

280 3549 329 3622 vit
355 3571 480 3622 saxum
507 3568 673 3640 mamam
695 3545 744 3618 ad
765 3545 890 3618 ostium
915 3543 1127 3616 mouumenti
1151 3553 1187 3616 et
1208 3544 1312 3616 abiit·
1342 3536 1365 3582 ⁶¹
1382 3539 1472 3594 omo.)
1489 3549 1573 3624 Erat
1590 3563 1705 3628 autem
1722 3554 1770 3628 ihi

280 3667 388 3740 Maria
410 3665 618 3760 Magdaleoe
641 3675 677 3738 st
701 3665 809 3738 altera
834 3663 950 3748 Maria,
969 3661 1133 3734 sedentes
1151 3672 1271 3736 oonoa
1294 3663 1525 3757 sepulchrum.
1552 3663 1579 3710 P
1592 3663 1769 3744 (mamm,

281 3797 356 3858 tera
382 3797 497 3859 autem
525 3784 592 3868 die,
620 3804 712 3876 quae
738 3793 792 3854 est
817 3795 899 3877 post
925 3801 1150 3878 parasceven,
1178 3793 1416 3854 convenerunt
1447 3787 1622 3882 pn'noipes
1647 3808 1769 3864 naar.

281 3904 401 3976 dotum
428 3914 464 3976 et
490 3903 666 3974 Pharisaei
692 3901 739 3973 ad
764 3901 906 3976 Pilatum
948 3892 976 3938 ⁶³
993 3899 1149 3975 diceutes
1168 3901 1323 3986 Domine,
1350 3903 1526 3976 recordati
1552 3930 1670 3982 sumus
1690 3911 1769 4002 quio

282 4023 446 4094 seductor
472 4023 528 4092 ille
554 4021 642 4092 dixit
676 4019 791 4092 adhuc
825 4021 946 4091 vivens
979 4018 1063 4088 Post
1096 4027 1168 4088 tres
1196 4019 1271 4090 dies
1296 4041 1488 4114 resurgam.
1532 4014 1655 4099 “lube
1682 4049 1768 4120 ergo

281 4141 446 4214 custodiri
479 4138 699 4232 sepulchrum
734 4159 846 4231 usque
879 4139 913 4208 in
946 4137 1039 4209 dlern
1074 4136 1225 4222 tertium,
1257 4159 1302 4208 ne
1329 4140 1417 4210 torte
1449 4142 1588 4214 veniant
1612 4144 1768 4239 dIseiputi

281 4259 356 4330 eius
382 4269 418 4330 et
442 4259 594 4330 iurentur
621 4279 702 4328 eum
728 4266 764 4326 et
790 4256 905 4328 dicant
929 4255 1021 4348 plebi
1048 4255 1205 4324 Surrexit
1231 4277 1253 4328 a
1279 4259 1438 4344 mortuis,
1467 4270 1504 4330 et
1529 4261 1593 4332 erit
1617 4265 1766 4334 novIssi-

281 4399 358 4448 mus
384 4397 483 4448 error
508 4375 608 4469 peior
632 4375 759 4468 priore.
811 4367 906 4446 fiiAit
931 4374 994 4444 illis
1019 4372 1146 4443 Pilatus
1172 4373 1315 4447 Habetis
1342 4377 1550 4448 custodiam:
1577 4379 1623 4451 ite
1647 4390 1765 4452 custo-

280 4495 352 4566 dite
378 4495 465 4566 siout
491 4494 593 4565 soitIs.
644 4485 671 4530 ⁶⁶
687 4493 734 4562 Illi
761 4503 875 4566 autem
903 4493 1070 4564 abeuntes
1104 4494 1298 4564 munierunt
1337 4494 1557 4588 sepulohmm
1590 4497 1766 4590 signantes

278 4611 429 4706 lapidem
457 4633 535 4682 eum
563 4609 774 4682 custodibus.

955 4813 1093 4883 XXVlll.

354 4959 471 5012 ΗΜ
489 4965 786 5056 Vespereautem
814 4965 967 5048 sabbati,
1003 4985 1092 5058 quae
1125 4965 1267 5036 lucescit
1294 4965 1327 5034 in
1354 4965 1466 5058 pulmo
1492 4967 1643 5054 sabbati,
1669 4969 1762 5040 venit
1900 5045 1904 5052 ,
1945 4932 1950 4940 ¹

277 5084 384 5154 illaria
400 5082 606 5172 Magdalene
625 5093 660 5154 et
681 5083 789 5155 altera
807 5083 914 5154 Maria
931 5083 1052 5154 videre
1070 5083 1299 5176 sepulchrum.
1326 5073 1393 5152 'Et
1410 5103 1495 5154 eece
1515 5095 1628 5158 terrae
1646 5096 1761 5158 motus

367 5190 370 5198 ’
741 5201 866 5282 XXVII,
896 5199 941 5270 ts
996 5241 1047 5252 -
1097 5201 1297 5284 xxviiia.

1431 5327 1453 5388 8
