4242 6118
358 403 430 478 l22
783 401 1023 467 nvnnouttott
1051 397 1252 464 SECUNDUM
1279 396 1404 461 LUCAll

355 507 860 524 *mm—m*

356 609 471 680 divitis
496 607 626 678 uberes
669 607 796 678 tructus
831 619 916 698 ager
950 604 1072 676 attulit:
1123 595 1149 642 ¹*
1167 613 1201 675 et
1228 601 1404 694 cogitabat
1428 601 1515 671 intra
1541 616 1581 670 se
1607 598 1727 670 dicens
1755 598 1846 683 Quid

356 727 489 812 luciam,
516 722 611 818 quod
638 744 708 796 non
735 723 851 796 babeo
878 744 948 817 quo
976 743 1189 816 congregem
1215 723 1344 794 lrnctuo
1370 719 1495 792 meos‘l
1545 707 1572 754 ⁴⁸
1588 717 1632 788 Et
1658 703 1746 788 dixit
1769 717 1845 789 Hoc

358 847 497 920 faciam:
540 843 717 915 destruam
750 843 878 915 horrea
911 861 991 914 mea
1024 853 1060 914 et
1092 843 1224 914 maiora
1257 841 1398 926 ioniam,
1434 847 1470 910 ct
1502 835 1580 908 illuc
1619 827 1845 930 congregabo

359 964 475 1035 omnia
506 979 597 1054 quae
623 971 704 1033 nata
739 971 817 1034 sunt
848 960 931 1033 milri
962 971 998 1033 et
1031 963 1125 1034 bona
1158 947 1250 1046 mea',
1296 951 1370 1029 'let
1413 957 1528 1028 dicam
1572 959 1710 1029 animae
1744 977 1846 1029 meae

259 1139 263 1148 .
357 1081 491 1166 Anima,
518 1081 629 1152 babes
654 1082 761 1152 mrdta
786 1081 881 1152 bona
907 1081 1022 1174 posita
1048 1082 1084 1152 in
1110 1101 1220 1152 annos
1246 1078 1428 1173 plurimos:
1456 1075 1656 1168 requiesce,
1685 1074 1845 1160 comede,

356 1201 448 1284 bibe,
477 1200 626 1292 epulare.
679 1191 954 1271 ”uiritantem
988 1200 1033 1270 illi
1067 1199 1156 1272 deus
1188 1200 1314 1283 Stulte,
1350 1195 1419 1269 hac
1445 1203 1549 1266 nocte
1576 1195 1726 1266 animam
1754 1203 1846 1266 tuam

357 1327 517 1412 repetunt
543 1340 564 1389 a
590 1328 640 1389 te:
668 1338 758 1411 quae
785 1327 901 1389 antem
927 1321 1068 1412 parasti,
1096 1319 1192 1390 cuius
1219 1318 1346 1389 ernnt‘l
1384 1308 1409 1354 ²¹
1426 1315 1483 1386 Sic
1509 1325 1564 1386 est
1590 1316 1648 1408 qui
1675 1314 1741 1386 sibi
1768 1315 1845 1384 the·
1925 1338 1928 1346 ·

358 1435 507 1510 saurizat
532 1446 567 1508 et
593 1457 663 1507 non
690 1445 744 1508 est
770 1437 804 1506 in
830 1435 935 1509 deum
963 1438 1071 1510 dives.
1123 1428 1256 1486 arima)
1269 1435 1431 1527 Dixitque
1464 1433 1511 1506 ad
1538 1433 1727 1526 discipulos
1761 1453 1846 1503 suos

357 1557 441 1630 ldeo
469 1555 548 1627 dico
573 1556 684 1641 vobis,
711 1555 817 1628 nolite
843 1555 975 1628 solliciti
1001 1577 1082 1629 esse
1109 1555 1244 1626 animae
1271 1553 1355 1647 quid
1380 1553 1605 1638 manducetis,
1631 1571 1746 1644 neque
1764 1573 1846 1622 cor-

359 1677 435 1770 pori
453 1673 535 1767 quid
553 1675 760 1746 vestiamini:
831 1676 945 1747 anima
962 1677 1039 1770 plus
1066 1686 1120 1748 est
1138 1697 1241 1768 quarn
1269 1693 1361 1757 esea,
1389 1681 1424 1742 ot
1450 1693 1578 1765 corpus
1606 1692 1711 1764 quarn
1737 1671 1845 1742 vesti-

358 1803 521 1865 mentum.
560 1784 821 1866 ”Considerate
849 1796 984 1880 corbos,
1012 1797 1092 1888 quia
1118 1815 1188 1866 non
1215 1793 1386 1864 seminant
1411 1812 1527 1883 neque
1552 1799 1693 1876 metunt,
1722 1789 1847 1883 quibus

358 1936 428 1985 non
455 1921 511 1984 est
536 1913 710 1984 cellarium
745 1934 859 2005 neque
892 1913 1072 1998 horreum,
1106 1923 1142 1984 et
1174 1912 1264 1984 dens
1297 1911 1408 2004 pascit
1441 1911 1535 1981 illos:
1572 1920 1701 2002 quanto
1735 1911 1847 2002 magis

358 2055 424 2104 vos
450 2033 567 2127 plures
595 2031 678 2101 estis
703 2029 791 2101 illis‘l
831 2024 860 2070 ²⁵
877 2033 962 2117 Quis
997 2043 1111 2104 antem
1148 2041 1305 2102 vestrum
1337 2029 1523 2122 cogitando
1556 2037 1675 2122 potest
1707 2030 1847 2102 adicere

361 2150 408 2222 ad
434 2158 600 2222 staturam
628 2169 725 2220 suam
753 2150 904 2220 cubitum
931 2155 1064 2224 urrunn‘.l
1107 2143 1135 2188 ’ὅ
1153 2152 1187 2220 Si
1214 2171 1300 2241 ergo
1327 2170 1442 2241 neque
1469 2147 1564 2240 qnod
1591 2147 1768 2218 minimum
1794 2157 1848 2218 est

360 2268 526 2363 potestis,
561 2267 643 2360 quid
678 2267 725 2340 do
759 2269 884 2340 ceteris
919 2271 1051 2341 solliciti
1085 2270 1194 2340 estis‘l
1243 2259 1513 2340 ”Considerate
1547 2264 1632 2350 lilia,
1668 2267 1846 2360 quomodo

360 2397 536 2460 crescunt:
564 2409 634 2458 non
659 2387 826 2472 laborant,
854 2408 925 2458 non
953 2382 1090 2460 'neuntz
1119 2387 1198 2459 dioc
1226 2396 1341 2458 autem
1367 2386 1488 2470 vobis,
1524 2403 1591 2455 nec
1623 2385 1788 2457 Salomon
1813 2387 1847 2455 in

359 2508 452 2578 omni
485 2506 596 2598 gloria
627 2525 690 2575 sna
721 2507 936 2579 vestiebatur
962 2509 1049 2578 sicut
1082 2529 1186 2579 unum
1222 2527 1269 2576 ex
1302 2506 1384 2577 istis.
1436 2495 1465 2542 ¹⁸
1481 2503 1516 2576 Si
1551 2511 1667 2575 aulem
1699 2505 1845 2588 laenum,
1942 2502 1945 2512 '

360 2623 456 2718 quod
490 2624 596 2696 bodie
630 2624 664 2694 in
699 2645 786 2717 agro
820 2635 876 2696 est
902 2633 937 2697 ot
970 2647 1049 2698 cras
1081 2627 1116 2696 in
1148 2625 1320 2696 clibanum
1354 2623 1510 2708 mittitur,
1544 2622 1634 2699 deus
1659 2623 1710 2695 sic
1734 2623 1845 2707 vestit,

360 2753 487 2836 quanto
514 2742 625 2834 magis
651 2763 727 2827 vos,
754 2743 897 2836 pusillae
923 2741 1015 2816 fidei.
1068 2737 1096 2785 ¹⁹
1111 2745 1153 2816 lit
1177 2763 1245 2816 vos
1270 2745 1376 2816 nolite
1402 2761 1572 2837 quaerere
1600 2741 1683 2836 quid
1700 2739 1847 2814 mandu-

361 2864 447 2934 cetis
480 2871 539 2933 ant
570 2860 653 2954 quid
685 2861 828 2948 bibatis,
856 2873 892 2934 et
922 2863 1031 2935 nolite
1062 2863 1097 2934 in
1131 2863 1279 2934 sublime
1312 2863 1398 2934 tolli:
1441 2853 1470 2900 ³⁰
1485 2861 1574 2934 baec
1607 2863 1699 2933 enim
1733 2859 1848 2931 omnia

359 2991 483 3074 gentes
509 2979 627 3053 mundi
654 2991 837 3073 quaerunt,
870 2991 970 3076 pater
1003 2991 1117 3054 antem
1151 2991 1270 3054 vester
1303 2982 1368 3053 scit
1401 2987 1565 3074 quoniam
1598 2981 1653 3051 bis
1679 2976 1846 3070 indigetis.

358 3093 382 3138 ³¹
403 3103 531 3172 Verum
563 3109 678 3171 mmcn
712 3101 867 3193 quaerite
892 3121 1039 3195 regnum
1073 3100 1146 3186 dei,
1182 3110 1218 3172 et
1249 3100 1339 3171 baec
1371 3101 1485 3173 omnia
1513 3101 1703 3174 adicientur
1735 3095 1847 3168 vobis.

358 3209 500 3265 ³¹<¹⁵l¹⁰l
517 3218 630 3289 Nolite
656 3219 796 3308 timore,
827 3219 970 3312 pusillus
1001 3241 1106 3314 grex:
1141 3221 1221 3314 qnia
1256 3219 1464 3313 complacuit
1494 3219 1584 3314 patri
1618 3225 1736 3290 vestro
1762 3213 1848 3288 dare

359 3337 461 3409 vobis
493 3357 650 3429 regnum.
701 3329 831 3387 ”imi
849 3341 995 3413 vendite
1033 3361 1124 3434 quae
1162 3338 1352 3432 possidetis
1394 3348 1430 3410 et
1470 3337 1552 3410 date
1591 3337 1847 3430 elemosynam:

359 3448 449 3506 (Μ)
465 3457 567 3527 facito
592 3457 695 3529 vobis
720 3459 878 3530 sacculos
913 3461 971 3552 qui
997 3481 1065 3532 non
1091 3466 1325 3556 veterescunt,
1360 3458 1562 3529 thesaurum
1588 3477 1658 3528 non
1682 3453 1848 3528 deficien-

360 3585 430 3647 tem
457 3576 492 3646 in
517 3575 632 3660 caelis,
660 3595 731 3668 quo
757 3577 810 3648 tur
835 3599 905 3650 non
931 3579 1116 3674 appropiat
1139 3579 1256 3670 neque*
1280 3579 1373 3648 tinea
1399 3575 1597 3668 corrumpit.
1622 3565 1650 3613 ³⁶
1666 3574 1732 3647 Ubi
1758 3573 1849 3644 enim

361 3695 543 3766 thesaurus
568 3703 688 3766 vester
713 3704 776 3778 est,
810 3696 857 3766 ibi
882 3707 918 3767 et
949 3717 1012 3769 cor
1036 3709 1191 3769 vestrum
1227 3698 1300 3768 erit.
1353 3685 1494 3742 aalma>
1512 3695 1585 3765 Sint
1609 3693 1716 3766 lumbi
1741 3689 1849 3764 vestri

361 3811 546 3904 praecincti
573 3819 609 3883 el
633 3812 795 3886 lucernae
821 3814 995 3902 ardentes,
1039 3809 1068 3856 ³⁸
1083 3824 1118 3887 et
1142 3835 1209 3886 vos
1241 3815 1371 3886 similes
1404 3813 1600 3886 hominibus
1633 3809 1849 3907 expectanti·

362 3931 429 4002 bus
456 3930 634 4003 dominum
660 3953 770 4016 suurn,
798 3933 938 4024 mando
965 3945 1158 4007 revertatur
1184 3955 1205 4005 a
1230 3935 1365 4028 nuptiis,
1392 3943 1430 4005 ut
1455 3932 1693 4014 cumvenerit
1719 3939 1754 4002 et
1771 3929 1849 4024 pul-
1963 3969 1967 3975 -

362 4049 492 4120 suvant
517 4051 698 4121 conlestlm
725 4052 882 4144 aperiant
907 4054 949 4123 ei.
1000 4045 1027 4092 ⁸⁷
1040 4045 1129 4104 ‘'W-l
1146 4055 1247 4125 Beati
1270 4053 1363 4124 servi
1389 4053 1449 4137 illi,
1482 4069 1572 4144 quos
1603 4071 1683 4124 cum
1716 4045 1850 4124 venerit

362 4167 522 4240 dominns
548 4167 717 4240 invenerit
742 4171 940 4262 vigilantes:
969 4189 1072 4243 amen
1098 4173 1178 4244 dico
1204 4173 1307 4245 vobis
1334 4171 1430 4264 quod
1456 4170 1648 4263 praecingit
1674 4189 1714 4242 se
1740 4179 1775 4241 et
1796 4169 1850 4239 ln·

362 4289 430 4359 ciet
454 4287 531 4360 illos
558 4287 781 4358 discumbere
808 4297 844 4358 et
869 4289 1040 4362 transiens
1066 4291 1270 4363 ministrabit
1295 4291 1367 4362 illis.
1420 4281 1448 4328 ⁸⁸
1462 4289 1505 4359 ttt
1530 4287 1560 4360 si
1580 4291 1714 4361 venerit
1739 4291 1771 4360 in
1791 4307 1850 4358 se-

361 4405 475 4480 cunda
500 4405 615 4497 vigilia
642 4415 678 4476 ot
708 4407 737 4475 si
771 4407 806 4476 in
833 4407 932 4478 tertia
964 4409 1079 4501 vigilia
1112 4411 1246 4482 venerit
1279 4421 1314 4484 et
1348 4410 1395 4480 ita
1428 4407 1611 4493 invenerit,
1638 4405 1730 4479 boati
1758 4407 1849 4477 servi

361 4527 416 4596 illi.
468 4514 595 4572 ”ml
610 4524 684 4594 lloc
711 4534 826 4596 autam
853 4525 985 4612 scitota,
1014 4529 1177 4621 qnoniam
1204 4530 1233 4601 si
1260 4529 1366 4600 sciret
1387 4527 1649 4621 paterfamilias
1675 4549 1745 4619 qna
1763 4525 1850 4596 bora

361 4645 415 4716 lnr
439 4643 583 4726 veniret,
608 4641 766 4734 vigilaret
790 4645 907 4737 utique
934 4655 970 4716 et
995 4667 1065 4718 non
1092 4649 1221 4720 sineret
1246 4641 1429 4741 ‘perfodiri
1455 4643 1598 4716 domum
1619 4665 1728 4717 suam.
1772 4634 1851 4713 *litt

360 4783 427 4834 vos
459 4769 573 4834 estote
604 4761 730 4855 parati,
772 4764 853 4856 quia
895 4785 964 4856 qua
1003 4765 1091 4837 bora
1130 4787 1201 4838 non
1237 4767 1366 4859 putetis
1405 4763 1494 4838 lilius
1535 4763 1685 4836 bominis
1724 4762 1849 4836 veniet.

360 4871 488 4928 ‘llll’
501 4878 558 4952 Ait
583 4889 698 4952 autem
726 4882 758 4952 ei
785 4881 907 4954 Petrus
932 4883 1089 4970 Domine,
1117 4885 1163 4956 ad
1189 4907 1255 4960 nos
1281 4883 1367 4958 dicis
1393 4886 1483 4957 hanc
1500 4885 1714 4976 parabolam,
1742 4901 1786 4952 an
1805 4877 1851 4952 od

362 4995 510 5070 omnes?
553 4991 580 5038 ⁴¹
596 4999 690 5071 Dixit
723 5011 839 5074 eumm
871 5001 1033 5075 dominus
1074 5003 1159 5088 Quis
1191 5013 1295 5098 putas
1330 5015 1385 5077 est
1416 5004 1529 5077 fidelis
1562 5003 1784 5096 dispensator
1816 5005 1851 5068 et

362 5115 533 5209 prudens,
567 5139 672 5212 quom
705 5122 888 5194 constituet
920 5121 1082 5196 dominus
1108 5141 1214 5218 super
1245 5123 1408 5198 familiam
1435 5145 1551 5209 suem,
1578 5129 1616 5193 nt
1641 5117 1702 5192 det
1728 5115 1791 5188 illis
1816 5115 1851 5186 in

954 5241 1020 5327 XII,
1051 5238 1098 5316 tt
1125 5281 1176 5296 -
1205 5243 1262 5318 42.
