4242 6118
351 361 400 430 58
746 355 990 424 EVANGELlllld
1016 357 1220 460 SECUNDUM
1245 355 1451 422 ldllTTllEUll

350 565 463 635 lactus
490 571 544 631 est
569 579 732 650 magnus:
760 557 904 650 angelus
931 559 1021 630 enim
1048 557 1178 630 domini
1205 557 1387 631 descendit
1415 557 1461 630 de
1487 559 1587 631 caelo
1614 569 1650 630 et
1667 561 1842 635 accedens

350 681 500 754 revolvit
524 677 686 772 lapidem,
715 687 751 747 et
776 675 927 748 sedebat
953 698 1060 771 super
1086 698 1183 750 eum:
1222 672 1330 750 ³erat
1355 677 1445 748 enim
1475 687 1638 772 aspectus
1664 679 1738 750 eius
1757 681 1845 752 sicut

352 801 464 893 fulgur
491 808 526 868 et
551 797 794 868 vestimentum
821 795 895 865 cius
922 795 1010 866 sicut
1034 796 1103 866 nix.
1153 785 1268 867 ‘Prae
1294 796 1419 866 timore
1446 804 1562 866 autem
1589 797 1663 869 eius
1689 800 1844 870 exterriti

353 929 433 992 sunt
458 914 622 989 custodes
649 922 685 983 et
710 913 790 984 tacti
817 922 895 983 sunt
920 914 1014 986 velut
1040 915 1175 986 mortui.
1227 905 1342 962 ΝΜ)
1360 893 1592 1007 Respondens
1629 925 1745 987 autem
1780 939 1843 988 an-

218 1083 223 1090 ·
353 1039 453 1130 gelus
479 1036 566 1107 dixit
591 1031 791 1103 mulieribus
807 1031 920 1102 Nolite
947 1033 1068 1102 timere
1094 1053 1176 1104 vos:
1204 1033 1277 1104 scio
1304 1033 1396 1104 enim
1423 1032 1521 1125 quo'd
1546 1033 1659 1104 lesum
1687 1037 1745 1127 qni
1762 1057 1842 1108 crn-

353 1154 476 1226 cifixus
502 1163 557 1224 est
583 1151 762 1244 quaeritis:
813 1141 910 1220 ⁶non
936 1159 991 1222 est
1016 1151 1081 1236 bic,
1108 1151 1259 1224 surrexit
1284 1151 1375 1222 enim
1402 1151 1490 1222 sicut
1517 1149 1619 1222 dixit:
1646 1154 1762 1225 venite
1787 1156 1841 1226 vi-

352 1274 436 1345 dete
461 1275 576 1344 locum
602 1269 663 1342 ubi
687 1268 821 1362 positus
847 1277 922 1339 erat
948 1267 1118 1340 dominus.
1171 1263 1244 1340 “bt
1270 1270 1338 1342 cito
1373 1279 1495 1342 euntes
1527 1269 1631 1341 dicite
1664 1270 1840 1365 discipulis

353 1393 427 1464 eius
454 1392 534 1484 qnia
560 1387 719 1470 surrexit,
746 1396 782 1457 et
807 1407 891 1457 ecce
917 1386 1097 1479 praecedit
1122 1407 1188 1458 vos
1213 1387 1249 1457 in
1275 1387 1481 1460 Galilacam:
1515 1388 1562 1458 ibi
1596 1409 1676 1460 eum
1702 1390 1840 1461 videbi-

353 1511 406 1580 tis.
438 1510 530 1580 Ecce
555 1505 714 1601 praedixi
747 1504 859 1575 vobis.
910 1492 1027 1550 “ml
1044 1503 1088 1574 Et
1122 1505 1281 1578 exierunt
1322 1507 1390 1577 cito
1423 1503 1470 1576 de
1501 1517 1727 1579 monumento
1761 1529 1840 1579 cum

353 1628 476 1698 timore
510 1637 546 1697 et
578 1645 708 1717 magno
746 1622 875 1715 gaudio
908 1630 1085 1692 currentes
1118 1623 1275 1694 nuntiare
1305 1622 1479 1717 discipulis
1516 1623 1599 1696 eius.
1652 1617 1779 1672 ⁹l³⁵⁵²¹⁰l
1797 1626 1840 1696 Et

354 1767 439 1818 ecce
464 1746 561 1816 lesus
587 1742 736 1816 occurrit
760 1741 823 1812 illis
849 1741 969 1812 dicens
995 1741 1137 1812 Havete.
1176 1739 1257 1812 lllae
1275 1749 1391 1812 autern
1408 1751 1631 1814 aecemerunt
1656 1752 1691 1812 et
1716 1752 1839 1814 tenue-

353 1874 432 1936 runt
461 1862 574 1957 pedes
610 1862 684 1932 eius
718 1869 753 1929 et
787 1859 1021 1930 adoraverunt
1056 1879 1146 1932 eum.
1199 1850 1338 1930 10Τιιιιο
1369 1859 1416 1930 ait
1445 1859 1509 1930 illis
1535 1859 1632 1932 lesus
1656 1860 1770 1932 Nolite
1795 1862 1840 1930 ti-

353 2003 467 2054 mere:
495 1982 541 2051 ite
567 1979 721 2050 nuntiate
746 1978 908 2050 tratribus
934 1977 1021 2048 meis
1046 1985 1085 2047 ut
1111 1979 1252 2048 contin
1278 1977 1481 2048 Galilaeam:
1508 1977 1556 2048 ibi
1582 1999 1639 2048 me
1664 1977 1839 2050 videbunt.

353 2093 376 2136 ⁴¹
397 2101 496 2184 Quae
522 2121 601 2170 cum
628 2097 792 2178 abissent,
820 2115 904 2164 ecce
932 2095 1073 2187 quidam
1100 2095 1146 2166 de
1172 2095 1377 2168 custodibus
1408 2106 1579 2168 venerunt
1603 2097 1639 2166 in
1664 2097 1839 2168 civitatem

354 2227 390 2288 et
414 2217 656 2290 nuntiaverunt
681 2212 892 2306 principibus
918 2213 1140 2284 sacerdotum
1168 2215 1285 2286 omnia
1317 2235 1409 2306 quae
1442 2216 1533 2288 lecta
1565 2217 1708 2286 luerunt.
1761 2209 1841 2286 ⁴²Et

354 2335 557 2428 congregati
582 2355 661 2404 eum
687 2331 882 2402 senioribus
908 2331 1051 2402 consilio
1078 2341 1225 2424 accepto
1251 2333 1433 2426 pecuniam
1461 2321 1643 2428 copios‘am
1668 2325 1839 2406 dederunt

353 2456 524 2538 militibus,
574 2444 601 2488 ⁴³
613 2452 769 2522 dicentes
801 2449 912 2520 Dicite
947 2449 1026 2540 qnia
1059 2449 1216 2543 discipnb
1251 2451 1325 2524 cius
1356 2461 1460 2524 nocte
1485 2462 1655 2526 venerunt
1680 2462 1717 2524 et
1740 2453 1842 2526 durati

353 2583 432 2646 sunt
465 2593 545 2644 eum
579 2570 682 2640 nobis
714 2567 981 2640 dormientibus:
1035 2559 1060 2604 ¹⁴
1078 2576 1114 2636 et
1147 2568 1176 2638 si
1210 2569 1279 2640 hoe
1313 2569 1466 2642 auditum
1492 2572 1593 2644 luerit
1618 2595 1640 2644 a
1665 2571 1839 2665 praeside,

351 2713 417 2763 nos
443 2689 667 2762 suadebimus
694 2689 727 2758 ei
753 2696 789 2757 et
814 2707 959 2758 securos
987 2704 1051 2755 vos
1084 2685 1259 2758 laoiemns.
1312 2680 1339 2724 ⁴⁵
1355 2687 1405 2764 At
1432 2690 1479 2760 illi
1511 2700 1657 2784 accepta
1692 2692 1839 2783 pecunia

352 2811 508 2882 lecerunt
532 2809 620 2879 sicut
645 2817 743 2878 erant
769 2804 872 2876 docti.
915 2805 959 2876 Et
984 2803 1197 2894 divulgatum
1223 2815 1278 2877 est
1293 2807 1441 2878 verbum
1467 2806 1560 2880 istud
1579 2808 1673 2901 apud
1690 2809 1840 2882 ludaeos

350 2947 463 3019 usque
488 2927 523 2996 in
548 2925 754 2998 hodiernum
782 2924 885 2996 diem.
939 2913 965 2958 ⁴⁶
982 2917 1290 2996 Undecim'autem
1317 2925 1473 3019 discipuli
1500 2926 1660 2998 abierunt
1684 2929 1719 2998 in
1745 2927 1838 2998 Gali-

351 3047 476 3130 laeam,
502 3045 537 3116 in
562 3053 714 3116 montem
740 3043 800 3114 ubi
826 3042 1050 3114 constituerat
1075 3041 1137 3112 illis
1163 3043 1268 3128 lesus,
1311 3037 1338 3080 ¹⁷
1355 3053 1390 3114 et
1414 3043 1574 3116 videntes
1601 3065 1681 3116 eum
1708 3047 1837 3120 odora-

349 3173 483 3248 verunt,
510 3162 651 3255 quidam
678 3169 794 3232 autom
822 3161 1073 3232 dubitaverunt.
1125 3151 1152 3197 ¹⁸
1168 3161 1211 3231 Et
1236 3161 1410 3234 accedens
1434 3163 1530 3234 lesus
1555 3164 1690 3236 locutus
1707 3175 1763 3236 est
1787 3166 1838 3238 eis

351 3283 471 3356 dicens
487 3284 578 3354 Data
605 3288 660 3351 est
685 3279 767 3349 mibi
794 3279 906 3352 omnis
923 3287 1081 3372 potestas
1107 3278 1142 3346 in
1167 3278 1265 3350 caelo
1292 3287 1328 3348 et
1353 3278 1387 3349 in
1413 3290 1516 3352 terra.
1561 3273 1588 3318 ¹⁹
1602 3282 1732 3354 Euntes
1750 3303 1836 3375 ergo

351 3400 478 3474 docete
505 3419 628 3472 omnes
654 3407 786 3489 gentes,
813 3397 1029 3492 baptizantes
1056 3417 1120 3468 eos
1146 3394 1346 3466 innomine
1377 3399 1486 3489 patris
1519 3409 1555 3470 et
1587 3399 1645 3470 tilii
1675 3411 1711 3472 et
1736 3401 1837 3494 spiri·

351 3531 407 3592 tus
420 3521 552 3604 sancti,
596 3508 623 3556 ¹⁰
640 3516 810 3588 docentes
834 3538 899 3588 eos
931 3537 1074 3588 servare
1107 3515 1223 3586 omnia
1257 3533 1499 3610 qtmecnmque
1529 3516 1693 3590 mandavi
1717 3517 1837 3590 vobis:

351 3649 388 3710 et
413 3657 498 3712 ecce
524 3659 593 3729 ego
620 3634 801 3708 vobiscum
830 3655 906 3706 sum
934 3633 1093 3707 omnibus
1128 3631 1253 3704 diebus
1286 3652 1399 3725 usque
1432 3635 1480 3708 ad
1506 3635 1838 3709 consummationem

351 3757 489 3828 saeculi.
528 3755 669 3835 Arnen..

919 3871 1059 3956 Xlllllll,
1088 3873 1109 3942 3
1145 3911 1191 3924 —
1225 3875 1285 3947 20.
