<?xml version="1.0" encoding="UTF-8"?>
<!DOCTYPE html PUBLIC "-//W3C//DTD XHTML 1.0 Transitional//EN"
    "http://www.w3.org/TR/xhtml1/DTD/xhtml1-transitional.dtd">
<html xmlns="http://www.w3.org/1999/xhtml" xml:lang="en" lang="en">
 <head>
  <title>
</title>
<meta http-equiv="Content-Type" content="text/html;charset=utf-8" />
  <meta name='ocr-system' content='tesseract 3.04.00' />
  <meta name='ocr-capabilities' content='ocr_page ocr_carea ocr_par ocr_line ocrx_word'/>
</head>
<body>
  <div class='ocr_page' id='page_1' title='image "./novumtestamentu02tiscgoog_0145.png"; bbox 0 0 4242 6118; ppageno 0'>
   <div class='ocr_carea' id='block_1_1' title="bbox 709 364 1511 432">
    <p class='ocr_par' dir='ltr' id='par_1_1' title="bbox 709 364 1511 432">
     <span class='ocr_line' id='line_1_1' title="bbox 709 364 1511 432; baseline 0.001 -3"><span class='ocrx_word' id='word_1_1' title='bbox 709 364 892 432; x_wconf 71' lang='lat' dir='ltr'><strong>alelmus</strong></span> <span class='ocrx_word' id='word_1_2' title='bbox 917 367 1132 430; x_wconf 82' lang='lat' dir='ltr'><strong>LECTIONUll</strong></span> <span class='ocrx_word' id='word_1_3' title='bbox 1158 367 1359 430; x_wconf 73' lang='lat' dir='ltr'>SECUNDUM</span> <span class='ocrx_word' id='word_1_4' title='bbox 1385 367 1511 430; x_wconf 72' lang='lat' dir='ltr'><strong>tuens</strong></span> 
     </span>
    </p>
   </div>
   <div class='ocr_carea' id='block_1_2' title="bbox 327 565 1953 5100">
    <p class='ocr_par' dir='ltr' id='par_1_2' title="bbox 369 565 1953 900">
     <span class='ocr_line' id='line_1_2' title="bbox 369 565 1850 664; baseline -0.002 -22"><span class='ocrx_word' id='word_1_5' title='bbox 369 602 372 630; x_wconf 69' lang='lat' dir='ltr'><strong>e</strong></span> <span class='ocrx_word' id='word_1_6' title='bbox 498 571 539 642; x_wconf 86' lang='lat' dir='ltr'><strong>&#39;L.</strong></span> <span class='ocrx_word' id='word_1_7' title='bbox 566 567 671 664; x_wconf 78' lang='lat' dir='ltr'><strong>Apud</strong></span> <span class='ocrx_word' id='word_1_8' title='bbox 709 569 932 643; x_wconf 90' lang='lat' dir='ltr'><strong>Pharisaeum</strong></span> <span class='ocrx_word' id='word_1_9' title='bbox 968 570 1143 663; x_wconf 86' lang='lat' dir='ltr'><strong>prandere</strong></span> <span class='ocrx_word' id='word_1_10' title='bbox 1181 581 1324 664; x_wconf 88' lang='lat' dir='ltr'><strong>rogatus</strong></span> <span class='ocrx_word' id='word_1_11' title='bbox 1368 569 1577 664; x_wconf 73' lang='lat' dir='ltr'><strong>cogitantem</strong></span> <span class='ocrx_word' id='word_1_12' title='bbox 1618 565 1663 642; x_wconf 92' lang='lat' dir='ltr'><strong>de</strong></span> <span class='ocrx_word' id='word_1_13' title='bbox 1705 569 1850 642; x_wconf 83' lang='lat' dir='ltr'><strong>iudaico&#39;</strong></span> 
     </span>
     <span class='ocr_line' id='line_1_3' title="bbox 566 667 1953 785; baseline -0.001 -24"><span class='ocrx_word' id='word_1_14' title='bbox 566 690 774 785; x_wconf 89' lang='lat' dir='ltr'><strong>baptismate</strong></span> <span class='ocrx_word' id='word_1_15' title='bbox 799 699 923 761; x_wconf 82' lang='lat' dir='ltr'><strong>notans</strong></span> <span class='ocrx_word' id='word_1_16' title='bbox 949 699 985 761; x_wconf 93' lang='lat' dir='ltr'><strong>et</strong></span> <span class='ocrx_word' id='word_1_17' title='bbox 1017 711 1083 763; x_wconf 92' lang='lat' dir='ltr'><strong>vae</strong></span> <span class='ocrx_word' id='word_1_18' title='bbox 1108 691 1303 766; x_wconf 84' lang='lat' dir='ltr'><strong>Pharisaeis</strong></span> <span class='ocrx_word' id='word_1_19' title='bbox 1335 691 1454 763; x_wconf 80' lang='lat' dir='ltr'>sexies</span> <span class='ocrx_word' id='word_1_20' title='bbox 1488 691 1607 763; x_wconf 88' lang='lat' dir='ltr'><strong>dicens</strong></span> <span class='ocrx_word' id='word_1_21' title='bbox 1639 689 1744 760; x_wconf 89' lang='lat' dir='ltr'><strong>multa</strong></span> <span class='ocrx_word' id='word_1_22' title='bbox 1778 711 1841 760; x_wconf 92' lang='lat' dir='ltr'><strong>eo·</strong></span> <span class='ocrx_word' id='word_1_23' title='bbox 1951 667 1953 676; x_wconf 45' lang='lat'><strong>¹</strong></span> 
     </span>
     <span class='ocr_line' id='line_1_4' title="bbox 568 809 952 900; baseline -0.003 -18"><span class='ocrx_word' id='word_1_24' title='bbox 568 833 642 882; x_wconf 90' lang='lat' dir='ltr'><strong>rum</strong></span> <span class='ocrx_word' id='word_1_25' title='bbox 670 811 760 882; x_wconf 92' lang='lat' dir='ltr'><strong>mala</strong></span> <span class='ocrx_word' id='word_1_26' title='bbox 787 809 952 900; x_wconf 79' lang='lat' dir='ltr'><strong>coarguit.</strong></span> 
     </span>
    </p>

    <p class='ocr_par' dir='ltr' id='par_1_3' title="bbox 491 923 1851 1264">
     <span class='ocr_line' id='line_1_5' title="bbox 491 923 1851 1025; baseline 0.002 -23"><span class='ocrx_word' id='word_1_27' title='bbox 491 933 539 1002; x_wconf 91' lang='lat' dir='ltr'><strong>Ll.</strong></span> <span class='ocrx_word' id='word_1_28' title='bbox 565 929 746 1024; x_wconf 86' lang='lat' dir='ltr'><strong>Discipulis</strong></span> <span class='ocrx_word' id='word_1_29' title='bbox 780 930 948 1024; x_wconf 82' lang='lat' dir='ltr'>praecipit</span> <span class='ocrx_word' id='word_1_30' title='bbox 980 940 1015 1001; x_wconf 94' lang='lat' dir='ltr'><strong>et</strong></span> <span class='ocrx_word' id='word_1_31' title='bbox 1048 952 1068 1001; x_wconf 93' lang='lat' dir='ltr'><strong>a</strong></span> <span class='ocrx_word' id='word_1_32' title='bbox 1102 933 1271 1002; x_wconf 82' lang='lat' dir='ltr'><strong>fermento</strong></span> <span class='ocrx_word' id='word_1_33' title='bbox 1306 923 1499 1025; x_wconf 81' lang='lat' dir='ltr'><strong>hypocrisis</strong></span> <span class='ocrx_word' id='word_1_34' title='bbox 1532 951 1673 1015; x_wconf 79' lang='lat' dir='ltr'><strong>cavere,</strong></span> <span class='ocrx_word' id='word_1_35' title='bbox 1709 939 1745 1002; x_wconf 94' lang='lat' dir='ltr'><strong>et</strong></span> <span class='ocrx_word' id='word_1_36' title='bbox 1779 951 1851 1007; x_wconf 63' lang='lat' dir='ltr'><strong>eos„</strong></span> 
     </span>
     <span class='ocr_line' id='line_1_6' title="bbox 569 1049 1842 1145; baseline 0.002 -25"><span class='ocrx_word' id='word_1_37' title='bbox 569 1049 627 1143; x_wconf 91' lang='lat' dir='ltr'><strong>qui</strong></span> <span class='ocrx_word' id='word_1_38' title='bbox 659 1071 786 1143; x_wconf 92' lang='lat' dir='ltr'><strong>corpus</strong></span> <span class='ocrx_word' id='word_1_39' title='bbox 819 1050 980 1124; x_wconf 84' lang='lat' dir='ltr'><strong>occidunt</strong></span> <span class='ocrx_word' id='word_1_40' title='bbox 1010 1072 1080 1123; x_wconf 93' lang='lat' dir='ltr'><strong>non</strong></span> <span class='ocrx_word' id='word_1_41' title='bbox 1111 1062 1283 1136; x_wconf 88' lang='lat' dir='ltr'><strong>metuere,</strong></span> <span class='ocrx_word' id='word_1_42' title='bbox 1321 1071 1389 1122; x_wconf 91' lang='lat' dir='ltr'><strong>nec</strong></span> <span class='ocrx_word' id='word_1_43' title='bbox 1419 1051 1453 1122; x_wconf 92' lang='lat' dir='ltr'><strong>in</strong></span> <span class='ocrx_word' id='word_1_44' title='bbox 1484 1051 1726 1145; x_wconf 88' lang='lat' dir='ltr'><strong>persecutione</strong></span> <span class='ocrx_word' id='word_1_45' title='bbox 1760 1051 1842 1144; x_wconf 89' lang='lat' dir='ltr'><strong>quid</strong></span> 
     </span>
     <span class='ocr_line' id='line_1_7' title="bbox 567 1171 992 1264; baseline 0 -22"><span class='ocrx_word' id='word_1_46' title='bbox 567 1171 712 1244; x_wconf 90' lang='lat' dir='ltr'><strong>locuturi</strong></span> <span class='ocrx_word' id='word_1_47' title='bbox 738 1171 804 1242; x_wconf 91' lang='lat' dir='ltr'><strong>sint</strong></span> <span class='ocrx_word' id='word_1_48' title='bbox 829 1171 992 1264; x_wconf 87' lang='lat' dir='ltr'><strong>cogitare.</strong></span> 
     </span>
    </p>

    <p class='ocr_par' dir='ltr' id='par_1_4' title="bbox 475 1269 1841 1628">
     <span class='ocr_line' id='line_1_8' title="bbox 475 1269 1841 1390; baseline 0.002 -28"><span class='ocrx_word' id='word_1_49' title='bbox 475 1293 537 1362; x_wconf 92' lang='lat' dir='ltr'><strong>Lll.</strong></span> <span class='ocrx_word' id='word_1_50' title='bbox 564 1291 697 1364; x_wconf 91' lang='lat' dir='ltr'><strong>Petenti</strong></span> <span class='ocrx_word' id='word_1_51' title='bbox 729 1269 883 1384; x_wconf 89' lang='lat' dir='ltr'><strong>quodam</strong></span> <span class='ocrx_word' id='word_1_52' title='bbox 914 1290 1003 1362; x_wconf 90' lang='lat' dir='ltr'><strong>inter</strong></span> <span class='ocrx_word' id='word_1_53' title='bbox 1034 1313 1074 1363; x_wconf 89' lang='lat' dir='ltr'><strong>se</strong></span> <span class='ocrx_word' id='word_1_54' title='bbox 1111 1302 1146 1363; x_wconf 89' lang='lat' dir='ltr'><strong>et</strong></span> <span class='ocrx_word' id='word_1_55' title='bbox 1179 1293 1317 1390; x_wconf 80' lang='lat' dir='ltr'><strong>tratrem</strong></span> <span class='ocrx_word' id='word_1_56' title='bbox 1351 1313 1450 1364; x_wconf 89' lang='lat' dir='ltr'><strong>suum</strong></span> <span class='ocrx_word' id='word_1_57' title='bbox 1482 1289 1588 1363; x_wconf 91' lang='lat' dir='ltr'><strong>dividi</strong></span> <span class='ocrx_word' id='word_1_58' title='bbox 1615 1291 1841 1365; x_wconf 77' lang='lat' dir='ltr'><strong>hereditatem</strong></span> 
     </span>
     <span class='ocr_line' id='line_1_9' title="bbox 492 1410 1841 1506; baseline -0.004 -20"><span class='ocrx_word' id='word_1_59' title='bbox 492 1483 496 1496; x_wconf 87' lang='grc'><em>,</em></span> <span class='ocrx_word' id='word_1_60' title='bbox 569 1413 772 1506; x_wconf 88' lang='lat' dir='ltr'><strong>parabolam</strong></span> <span class='ocrx_word' id='word_1_61' title='bbox 798 1411 895 1504; x_wconf 91' lang='lat' dir='ltr'><strong>ponit</strong></span> <span class='ocrx_word' id='word_1_62' title='bbox 919 1410 966 1482; x_wconf 87' lang='lat' dir='ltr'><strong>de</strong></span> <span class='ocrx_word' id='word_1_63' title='bbox 992 1410 1097 1484; x_wconf 90' lang='lat' dir='ltr'><strong>divite</strong></span> <span class='ocrx_word' id='word_1_64' title='bbox 1131 1434 1255 1485; x_wconf 87' lang='lat' dir='ltr'><strong>avaro:</strong></span> <span class='ocrx_word' id='word_1_65' title='bbox 1288 1435 1374 1484; x_wconf 80' lang='lat' dir='ltr'><strong>mox</strong></span> <span class='ocrx_word' id='word_1_66' title='bbox 1407 1421 1442 1483; x_wconf 91' lang='lat' dir='ltr'><strong>et</strong></span> <span class='ocrx_word' id='word_1_67' title='bbox 1473 1411 1648 1505; x_wconf 79' lang='lat' dir='ltr'><strong>discipulis</strong></span> <span class='ocrx_word' id='word_1_68' title='bbox 1679 1410 1841 1482; x_wconf 92' lang='lat' dir='ltr'><strong>sollicitu-</strong></span> 
     </span>
     <span class='ocr_line' id='line_1_10' title="bbox 566 1530 1741 1628; baseline -0.002 -25"><span class='ocrx_word' id='word_1_69' title='bbox 566 1532 682 1604; x_wconf 89' lang='lat' dir='ltr'><strong>dinem</strong></span> <span class='ocrx_word' id='word_1_70' title='bbox 708 1532 775 1602; x_wconf 89' lang='lat' dir='ltr'><strong>cibi</strong></span> <span class='ocrx_word' id='word_1_71' title='bbox 799 1530 975 1624; x_wconf 85' lang='lat' dir='ltr'><strong>vestisque</strong></span> <span class='ocrx_word' id='word_1_72' title='bbox 1001 1553 1069 1625; x_wconf 85' lang='lat' dir='ltr'><strong>quo</strong></span> <span class='ocrx_word' id='word_1_73' title='bbox 1096 1542 1215 1604; x_wconf 90' lang='lat' dir='ltr'><strong>carent</strong></span> <span class='ocrx_word' id='word_1_74' title='bbox 1232 1555 1317 1606; x_wconf 88' lang='lat' dir='ltr'><strong>aves</strong></span> <span class='ocrx_word' id='word_1_75' title='bbox 1342 1532 1509 1628; x_wconf 76' lang='lat' dir='ltr'><strong>praecipit</strong></span> <span class='ocrx_word' id='word_1_76' title='bbox 1534 1531 1741 1604; x_wconf 88' lang='lat' dir='ltr'><strong>evitandam.</strong></span> 
     </span>
    </p>

    <p class='ocr_par' dir='ltr' id='par_1_5' title="bbox 461 1652 1842 2230">
     <span class='ocr_line' id='line_1_11' title="bbox 461 1652 1841 1747; baseline -0.001 -23"><span class='ocrx_word' id='word_1_77' title='bbox 461 1653 537 1724; x_wconf 90' lang='lat' dir='ltr'><strong>Llll.</strong></span> <span class='ocrx_word' id='word_1_78' title='bbox 564 1652 690 1726; x_wconf 86' lang='lat' dir='ltr'><strong>Pusillo</strong></span> <span class='ocrx_word' id='word_1_79' title='bbox 717 1652 813 1745; x_wconf 83' lang='lat' dir='ltr'><strong>gregi</strong></span> <span class='ocrx_word' id='word_1_80' title='bbox 840 1673 986 1745; x_wconf 88' lang='lat' dir='ltr'><strong>regnum</strong></span> <span class='ocrx_word' id='word_1_81' title='bbox 1012 1653 1224 1746; x_wconf 88' lang='lat' dir='ltr'><strong>promittens,</strong></span> <span class='ocrx_word' id='word_1_82' title='bbox 1251 1653 1465 1747; x_wconf 86' lang='lat' dir='ltr'><strong>possidenda</strong></span> <span class='ocrx_word' id='word_1_83' title='bbox 1489 1653 1546 1723; x_wconf 91' lang='lat' dir='ltr'><strong>vel</strong></span> <span class='ocrx_word' id='word_1_84' title='bbox 1571 1673 1740 1746; x_wconf 88' lang='lat' dir='ltr'><strong>possessa</strong></span> <span class='ocrx_word' id='word_1_85' title='bbox 1758 1673 1841 1745; x_wconf 92' lang='lat' dir='ltr'><strong>pro-</strong></span> 
     </span>
     <span class='ocr_line' id='line_1_12' title="bbox 566 1772 1842 1868; baseline -0.002 -24"><span class='ocrx_word' id='word_1_86' title='bbox 566 1783 643 1867; x_wconf 90' lang='lat' dir='ltr'><strong>pter</strong></span> <span class='ocrx_word' id='word_1_87' title='bbox 670 1774 907 1867; x_wconf 81' lang='lat' dir='ltr'><strong>elemosynam</strong></span> <span class='ocrx_word' id='word_1_88' title='bbox 933 1772 1037 1844; x_wconf 94' lang='lat' dir='ltr'><strong>vendi</strong></span> <span class='ocrx_word' id='word_1_89' title='bbox 1063 1773 1270 1866; x_wconf 90' lang='lat' dir='ltr'><strong>lumbosque</strong></span> <span class='ocrx_word' id='word_1_90' title='bbox 1296 1775 1513 1868; x_wconf 80' lang='lat' dir='ltr'><strong>praecinctos</strong></span> <span class='ocrx_word' id='word_1_91' title='bbox 1539 1781 1575 1844; x_wconf 89' lang='lat' dir='ltr'><strong>et</strong></span> <span class='ocrx_word' id='word_1_92' title='bbox 1599 1775 1757 1846; x_wconf 85' lang='lat' dir='ltr'><strong>lucernas</strong></span> <span class='ocrx_word' id='word_1_93' title='bbox 1784 1793 1842 1843; x_wconf 92' lang='lat' dir='ltr'><strong>ar·</strong></span> 
     </span>
     <span class='ocr_line' id='line_1_13' title="bbox 568 1892 1842 1986; baseline -0.002 -20"><span class='ocrx_word' id='word_1_94' title='bbox 568 1894 691 1966; x_wconf 88' lang='lat' dir='ltr'><strong>dentes</strong></span> <span class='ocrx_word' id='word_1_95' title='bbox 717 1914 798 1966; x_wconf 89' lang='lat' dir='ltr'><strong>esse</strong></span> <span class='ocrx_word' id='word_1_96' title='bbox 824 1892 956 1964; x_wconf 89' lang='lat' dir='ltr'><strong>dehere</strong></span> <span class='ocrx_word' id='word_1_97' title='bbox 980 1892 1085 1966; x_wconf 91' lang='lat' dir='ltr'><strong>iubet.</strong></span> <span class='ocrx_word' id='word_1_98' title='bbox 1137 1893 1351 1986; x_wconf 79' lang='lat' dir='ltr'><strong>vigilandum</strong></span> <span class='ocrx_word' id='word_1_99' title='bbox 1377 1913 1517 1986; x_wconf 87' lang='lat' dir='ltr'><strong>quoque</strong></span> <span class='ocrx_word' id='word_1_100' title='bbox 1542 1893 1635 1964; x_wconf 90' lang='lat' dir='ltr'><strong>servi</strong></span> <span class='ocrx_word' id='word_1_101' title='bbox 1659 1892 1743 1965; x_wconf 91' lang='lat' dir='ltr'><strong>boni</strong></span> <span class='ocrx_word' id='word_1_102' title='bbox 1757 1914 1842 1964; x_wconf 87' lang='lat' dir='ltr'><strong>ma·</strong></span> 
     </span>
     <span class='ocr_line' id='line_1_14' title="bbox 567 2013 1841 2108; baseline -0.002 -24"><span class='ocrx_word' id='word_1_103' title='bbox 567 2013 658 2106; x_wconf 88' lang='lat' dir='ltr'><strong>lique</strong></span> <span class='ocrx_word' id='word_1_104' title='bbox 685 2013 859 2086; x_wconf 88' lang='lat' dir='ltr'><strong>mentione</strong></span> <span class='ocrx_word' id='word_1_105' title='bbox 884 2014 973 2086; x_wconf 88' lang='lat' dir='ltr'><strong>lacta</strong></span> <span class='ocrx_word' id='word_1_106' title='bbox 999 2013 1231 2108; x_wconf 87' lang='lat' dir='ltr'><strong>praecipiens,</strong></span> <span class='ocrx_word' id='word_1_107' title='bbox 1268 2035 1406 2086; x_wconf 87' lang='lat' dir='ltr'><strong>servom</strong></span> <span class='ocrx_word' id='word_1_108' title='bbox 1440 2013 1606 2084; x_wconf 90' lang='lat' dir='ltr'><strong>scientem</strong></span> <span class='ocrx_word' id='word_1_109' title='bbox 1631 2013 1841 2083; x_wconf 88' lang='lat' dir='ltr'><strong>voluntatem</strong></span> 
     </span>
     <span class='ocr_line' id='line_1_15' title="bbox 569 2131 1752 2230; baseline -0.003 -25"><span class='ocrx_word' id='word_1_110' title='bbox 569 2133 698 2206; x_wconf 92' lang='lat' dir='ltr'><strong>domini</strong></span> <span class='ocrx_word' id='word_1_111' title='bbox 723 2134 846 2219; x_wconf 85' lang='lat' dir='ltr'><strong>multis,</strong></span> <span class='ocrx_word' id='word_1_112' title='bbox 872 2134 1088 2227; x_wconf 79' lang='lat' dir='ltr'><strong>ignorantem</strong></span> <span class='ocrx_word' id='word_1_113' title='bbox 1113 2155 1201 2206; x_wconf 93' lang='lat' dir='ltr'><strong>vero</strong></span> <span class='ocrx_word' id='word_1_114' title='bbox 1227 2135 1347 2228; x_wconf 89' lang='lat' dir='ltr'><strong>paucis</strong></span> <span class='ocrx_word' id='word_1_115' title='bbox 1371 2134 1537 2230; x_wconf 88' lang='lat' dir='ltr'><strong>vapulare</strong></span> <span class='ocrx_word' id='word_1_116' title='bbox 1564 2131 1752 2204; x_wconf 88' lang='lat' dir='ltr'><strong>confirmat.</strong></span> 
     </span>
    </p>

    <p class='ocr_par' dir='ltr' id='par_1_6' title="bbox 451 2253 1840 2588">
     <span class='ocr_line' id='line_1_16' title="bbox 451 2253 1840 2346; baseline -0.001 -22"><span class='ocrx_word' id='word_1_117' title='bbox 451 2253 538 2324; x_wconf 87' lang='lat' dir='ltr'><strong>Lllll.</strong></span> <span class='ocrx_word' id='word_1_118' title='bbox 565 2255 682 2346; x_wconf 89' lang='lat' dir='ltr'><strong>lgnem</strong></span> <span class='ocrx_word' id='word_1_119' title='bbox 715 2254 749 2326; x_wconf 94' lang='lat' dir='ltr'><strong>in</strong></span> <span class='ocrx_word' id='word_1_120' title='bbox 781 2263 908 2326; x_wconf 87' lang='lat' dir='ltr'><strong>terram</strong></span> <span class='ocrx_word' id='word_1_121' title='bbox 941 2275 980 2325; x_wconf 87' lang='lat' dir='ltr'><strong>se</strong></span> <span class='ocrx_word' id='word_1_122' title='bbox 1011 2253 1093 2326; x_wconf 90' lang='lat' dir='ltr'><strong>dicit</strong></span> <span class='ocrx_word' id='word_1_123' title='bbox 1124 2254 1413 2327; x_wconf 83' lang='lat' dir='ltr'><strong>necessitudinum</strong></span> <span class='ocrx_word' id='word_1_124' title='bbox 1448 2253 1617 2326; x_wconf 88' lang='lat' dir='ltr'><strong>divisione</strong></span> <span class='ocrx_word' id='word_1_125' title='bbox 1650 2253 1840 2338; x_wconf 87' lang='lat' dir='ltr'><strong>missurum,</strong></span> 
     </span>
     <span class='ocr_line' id='line_1_17' title="bbox 570 2373 1840 2470; baseline -0.002 -24"><span class='ocrx_word' id='word_1_126' title='bbox 570 2383 604 2446; x_wconf 92' lang='lat' dir='ltr'><strong>et</strong></span> <span class='ocrx_word' id='word_1_127' title='bbox 637 2374 760 2446; x_wconf 83' lang='lat' dir='ltr'><strong>faciem</strong></span> <span class='ocrx_word' id='word_1_128' title='bbox 795 2374 882 2448; x_wconf 90' lang='lat' dir='ltr'><strong>caeli</strong></span> <span class='ocrx_word' id='word_1_129' title='bbox 915 2374 1105 2470; x_wconf 86' lang='lat' dir='ltr'><strong>probantes</strong></span> <span class='ocrx_word' id='word_1_130' title='bbox 1131 2375 1263 2446; x_wconf 92' lang='lat' dir='ltr'><strong>debere</strong></span> <span class='ocrx_word' id='word_1_131' title='bbox 1296 2385 1433 2468; x_wconf 88' lang='lat' dir='ltr'><strong>tempus</strong></span> <span class='ocrx_word' id='word_1_132' title='bbox 1465 2374 1665 2466; x_wconf 77' lang='lat' dir='ltr'><strong>intellegere</strong></span> <span class='ocrx_word' id='word_1_133' title='bbox 1697 2373 1840 2446; x_wconf 90' lang='lat' dir='ltr'><strong>manile-</strong></span> 
     </span>
     <span class='ocr_line' id='line_1_18' title="bbox 569 2493 1712 2588; baseline -0.002 -22"><span class='ocrx_word' id='word_1_134' title='bbox 569 2503 668 2579; x_wconf 87' lang='lat' dir='ltr'><strong>stum,</strong></span> <span class='ocrx_word' id='word_1_135' title='bbox 696 2503 801 2587; x_wconf 83' lang='lat' dir='ltr'><strong>atque</strong></span> <span class='ocrx_word' id='word_1_136' title='bbox 827 2493 1109 2566; x_wconf 84' lang='lat' dir='ltr'><strong>consentiendum</strong></span> <span class='ocrx_word' id='word_1_137' title='bbox 1139 2495 1341 2567; x_wconf 88' lang='lat' dir='ltr'><strong>adversario</strong></span> <span class='ocrx_word' id='word_1_138' title='bbox 1366 2495 1402 2566; x_wconf 95' lang='lat' dir='ltr'><strong>in</strong></span> <span class='ocrx_word' id='word_1_139' title='bbox 1426 2495 1483 2566; x_wconf 89' lang='lat' dir='ltr'><strong>via</strong></span> <span class='ocrx_word' id='word_1_140' title='bbox 1508 2495 1712 2588; x_wconf 90' lang='lat' dir='ltr'><strong>pronuntiat.</strong></span> 
     </span>
    </p>

    <p class='ocr_par' dir='ltr' id='par_1_7' title="bbox 474 2591 1843 3189">
     <span class='ocr_line' id='line_1_19' title="bbox 474 2591 1841 2707; baseline -0.001 -23"><span class='ocrx_word' id='word_1_141' title='bbox 474 2615 537 2684; x_wconf 92' lang='lat' dir='ltr'><strong>LV.</strong></span> <span class='ocrx_word' id='word_1_142' title='bbox 564 2614 730 2685; x_wconf 89' lang='lat' dir='ltr'><strong>Nuntiatis</strong></span> <span class='ocrx_word' id='word_1_143' title='bbox 755 2614 962 2706; x_wconf 88' lang='lat' dir='ltr'><strong>quibusdam</strong></span> <span class='ocrx_word' id='word_1_144' title='bbox 990 2637 1010 2686; x_wconf 89' lang='lat' dir='ltr'><strong>a</strong></span> <span class='ocrx_word' id='word_1_145' title='bbox 1036 2591 1144 2685; x_wconf 80' lang='lat' dir='ltr'><strong>Pilato</strong></span> <span class='ocrx_word' id='word_1_146' title='bbox 1177 2615 1300 2686; x_wconf 86' lang='lat' dir='ltr'><strong>occisis</strong></span> <span class='ocrx_word' id='word_1_147' title='bbox 1331 2615 1378 2687; x_wconf 88' lang='lat' dir='ltr'><strong>ait</strong></span> <span class='ocrx_word' id='word_1_148' title='bbox 1411 2635 1534 2686; x_wconf 87' lang='lat' dir='ltr'><strong>omnes</strong></span> <span class='ocrx_word' id='word_1_149' title='bbox 1564 2615 1628 2686; x_wconf 84' lang='lat' dir='ltr'><strong>nisi</strong></span> <span class='ocrx_word' id='word_1_150' title='bbox 1661 2611 1841 2707; x_wconf 84' lang='lat' dir='ltr'><strong>paeniten-</strong></span> 
     </span>
     <span class='ocr_line' id='line_1_20' title="bbox 571 2733 1842 2829; baseline -0.002 -23"><span class='ocrx_word' id='word_1_151' title='bbox 571 2734 652 2806; x_wconf 87' lang='lat' dir='ltr'><strong>tiam</strong></span> <span class='ocrx_word' id='word_1_152' title='bbox 678 2743 785 2828; x_wconf 85' lang='lat' dir='ltr'><strong>agaut</strong></span> <span class='ocrx_word' id='word_1_153' title='bbox 810 2735 962 2806; x_wconf 87' lang='lat' dir='ltr'><strong>similiter</strong></span> <span class='ocrx_word' id='word_1_154' title='bbox 987 2734 1169 2829; x_wconf 85' lang='lat' dir='ltr'><strong>perituros,</strong></span> <span class='ocrx_word' id='word_1_155' title='bbox 1195 2736 1253 2807; x_wconf 91' lang='lat' dir='ltr'><strong>vel</strong></span> <span class='ocrx_word' id='word_1_156' title='bbox 1279 2736 1365 2808; x_wconf 91' lang='lat' dir='ltr'><strong>sicut</strong></span> <span class='ocrx_word' id='word_1_157' title='bbox 1390 2735 1435 2806; x_wconf 95' lang='lat' dir='ltr'><strong>illi</strong></span> <span class='ocrx_word' id='word_1_158' title='bbox 1452 2735 1575 2807; x_wconf 89' lang='lat' dir='ltr'><strong>decern</strong></span> <span class='ocrx_word' id='word_1_159' title='bbox 1595 2743 1631 2806; x_wconf 92' lang='lat' dir='ltr'><strong>et</strong></span> <span class='ocrx_word' id='word_1_160' title='bbox 1648 2743 1728 2806; x_wconf 90' lang='lat' dir='ltr'><strong>octo</strong></span> <span class='ocrx_word' id='word_1_161' title='bbox 1747 2733 1842 2804; x_wconf 90' lang='lat' dir='ltr'><strong>ruina</strong></span> 
     </span>
     <span class='ocr_line' id='line_1_21' title="bbox 569 2852 1843 2949; baseline -0.003 -21"><span class='ocrx_word' id='word_1_162' title='bbox 569 2854 670 2928; x_wconf 87' lang='lat' dir='ltr'><strong>turris</strong></span> <span class='ocrx_word' id='word_1_163' title='bbox 695 2855 871 2948; x_wconf 87' lang='lat' dir='ltr'><strong>oppressi:</strong></span> <span class='ocrx_word' id='word_1_164' title='bbox 898 2855 1100 2949; x_wconf 90' lang='lat' dir='ltr'><strong>parabolam</strong></span> <span class='ocrx_word' id='word_1_165' title='bbox 1127 2876 1267 2949; x_wconf 92' lang='lat' dir='ltr'><strong>quoque</strong></span> <span class='ocrx_word' id='word_1_166' title='bbox 1293 2855 1339 2928; x_wconf 93' lang='lat' dir='ltr'><strong>de</strong></span> <span class='ocrx_word' id='word_1_167' title='bbox 1356 2855 1460 2928; x_wconf 90' lang='lat' dir='ltr'><strong>sterili</strong></span> <span class='ocrx_word' id='word_1_168' title='bbox 1485 2857 1612 2928; x_wconf 88' lang='lat' dir='ltr'><strong>arbore</strong></span> <span class='ocrx_word' id='word_1_169' title='bbox 1629 2852 1684 2926; x_wconf 88' lang='lat' dir='ltr'><strong>fici</strong></span> <span class='ocrx_word' id='word_1_170' title='bbox 1709 2873 1843 2948; x_wconf 85' lang='lat' dir='ltr'><strong>ponens</strong></span> 
     </span>
     <span class='ocr_line' id='line_1_22' title="bbox 570 2973 1841 3068; baseline 0.001 -25"><span class='ocrx_word' id='word_1_171' title='bbox 570 2973 697 3048; x_wconf 90' lang='lat' dir='ltr'><strong>indicat</strong></span> <span class='ocrx_word' id='word_1_172' title='bbox 721 2974 964 3068; x_wconf 85' lang='lat' dir='ltr'><strong>paenitentiam</strong></span> <span class='ocrx_word' id='word_1_173' title='bbox 990 2975 1203 3048; x_wconf 84' lang='lat' dir='ltr'><strong>differentes:</strong></span> <span class='ocrx_word' id='word_1_174' title='bbox 1236 2990 1272 3047; x_wconf 89' lang='lat' dir='ltr'><strong>et</strong></span> <span class='ocrx_word' id='word_1_175' title='bbox 1305 2975 1483 3047; x_wconf 78' lang='lat' dir='ltr'><strong>mndierem</strong></span> <span class='ocrx_word' id='word_1_176' title='bbox 1517 2977 1562 3048; x_wconf 89' lang='lat' dir='ltr'><strong>ab</strong></span> <span class='ocrx_word' id='word_1_177' title='bbox 1595 2975 1692 3048; x_wconf 90' lang='lat' dir='ltr'><strong>annis</strong></span> <span class='ocrx_word' id='word_1_178' title='bbox 1718 2975 1841 3047; x_wconf 90' lang='lat' dir='ltr'><strong>decem</strong></span> 
     </span>
     <span class='ocr_line' id='line_1_23' title="bbox 571 3094 1841 3189; baseline -0.001 -23"><span class='ocrx_word' id='word_1_179' title='bbox 571 3105 607 3166; x_wconf 91' lang='lat' dir='ltr'><strong>et</strong></span> <span class='ocrx_word' id='word_1_180' title='bbox 632 3105 712 3168; x_wconf 91' lang='lat' dir='ltr'><strong>octo</strong></span> <span class='ocrx_word' id='word_1_181' title='bbox 739 3105 916 3168; x_wconf 84' lang='lat' dir='ltr'><strong>curvatam</strong></span> <span class='ocrx_word' id='word_1_182' title='bbox 944 3095 1080 3189; x_wconf 85' lang='lat' dir='ltr'><strong>erigens</strong></span> <span class='ocrx_word' id='word_1_183' title='bbox 1106 3094 1152 3170; x_wconf 92' lang='lat' dir='ltr'><strong>de</strong></span> <span class='ocrx_word' id='word_1_184' title='bbox 1179 3117 1262 3168; x_wconf 92' lang='lat' dir='ltr'><strong>cura</strong></span> <span class='ocrx_word' id='word_1_185' title='bbox 1288 3095 1424 3168; x_wconf 87' lang='lat' dir='ltr'><strong>sabbati</strong></span> <span class='ocrx_word' id='word_1_186' title='bbox 1449 3108 1700 3168; x_wconf 87' lang='lat' dir='ltr'><strong>murmurantes</strong></span> <span class='ocrx_word' id='word_1_187' title='bbox 1719 3116 1841 3166; x_wconf 86' lang='lat' dir='ltr'><strong>exem-</strong></span> 
     </span>
    </p>

    <p class='ocr_par' dir='ltr' id='par_1_8' title="bbox 488 3213 1842 3310">
     <span class='ocr_line' id='line_1_24' title="bbox 488 3213 1842 3310; baseline 0.002 -27"><span class='ocrx_word' id='word_1_188' title='bbox 488 3247 490 3256; x_wconf 44' lang='lat'>*</span> <span class='ocrx_word' id='word_1_189' title='bbox 569 3214 628 3308; x_wconf 93' lang='lat' dir='ltr'><strong>plo</strong></span> <span class='ocrx_word' id='word_1_190' title='bbox 654 3213 756 3288; x_wconf 88' lang='lat' dir='ltr'><strong>bovis</strong></span> <span class='ocrx_word' id='word_1_191' title='bbox 781 3214 977 3310; x_wconf 91' lang='lat' dir='ltr'><strong>adaquandi</strong></span> <span class='ocrx_word' id='word_1_192' title='bbox 1002 3217 1131 3300; x_wconf 81' lang='lat' dir='ltr'><strong>refellit,</strong></span> <span class='ocrx_word' id='word_1_193' title='bbox 1158 3217 1333 3310; x_wconf 86' lang='lat' dir='ltr'><strong>gaudente</strong></span> <span class='ocrx_word' id='word_1_194' title='bbox 1358 3218 1487 3310; x_wconf 90' lang='lat' dir='ltr'><strong>populo</strong></span> <span class='ocrx_word' id='word_1_195' title='bbox 1514 3217 1560 3288; x_wconf 93' lang='lat' dir='ltr'><strong>de</strong></span> <span class='ocrx_word' id='word_1_196' title='bbox 1593 3216 1667 3288; x_wconf 91' lang='lat' dir='ltr'><strong>eius</strong></span> <span class='ocrx_word' id='word_1_197' title='bbox 1692 3215 1842 3288; x_wconf 88' lang='lat' dir='ltr'><strong>miracu-</strong></span> 
     </span>
    </p>

    <p class='ocr_par' dir='ltr' id='par_1_9' title="bbox 482 3317 804 3427">
     <span class='ocr_line' id='line_1_25' title="bbox 482 3317 804 3427; baseline 0.016 -24"><span class='ocrx_word' id='word_1_198' title='bbox 482 3317 486 3322; x_wconf 65' lang='grc'><strong>’</strong></span> <span class='ocrx_word' id='word_1_199' title='bbox 569 3335 610 3404; x_wconf 92' lang='lat' dir='ltr'><strong>lis</strong></span> <span class='ocrx_word' id='word_1_200' title='bbox 636 3335 804 3427; x_wconf 88' lang='lat' dir='ltr'><strong>gloriosis.</strong></span> 
     </span>
    </p>

    <p class='ocr_par' dir='ltr' id='par_1_10' title="bbox 460 3455 1952 3794">
     <span class='ocr_line' id='line_1_26' title="bbox 460 3455 1952 3560; baseline 0.003 -36"><span class='ocrx_word' id='word_1_201' title='bbox 460 3455 536 3526; x_wconf 84' lang='lat' dir='ltr'><strong>LVl.</strong></span> <span class='ocrx_word' id='word_1_202' title='bbox 551 3455 719 3546; x_wconf 80' lang='lat' dir='ltr'><strong>&#39;Regnum‘</strong></span> <span class='ocrx_word' id='word_1_203' title='bbox 747 3456 804 3528; x_wconf 93' lang='lat' dir='ltr'><strong>dei</strong></span> <span class='ocrx_word' id='word_1_204' title='bbox 829 3478 938 3550; x_wconf 87' lang='lat' dir='ltr'><strong>grano</strong></span> <span class='ocrx_word' id='word_1_205' title='bbox 964 3457 1093 3552; x_wconf 90' lang='lat' dir='ltr'><strong>sinapis</strong></span> <span class='ocrx_word' id='word_1_206' title='bbox 1119 3479 1327 3552; x_wconf 90' lang='lat' dir='ltr'><strong>comparans</strong></span> <span class='ocrx_word' id='word_1_207' title='bbox 1352 3468 1388 3530; x_wconf 90' lang='lat' dir='ltr'><strong>et</strong></span> <span class='ocrx_word' id='word_1_208' title='bbox 1411 3460 1597 3543; x_wconf 82' lang='lat' dir='ltr'><strong>sarmento,</strong></span> <span class='ocrx_word' id='word_1_209' title='bbox 1625 3456 1670 3528; x_wconf 93' lang='lat' dir='ltr'><strong>de</strong></span> <span class='ocrx_word' id='word_1_210' title='bbox 1697 3465 1842 3548; x_wconf 85' lang='lat' dir='ltr'><strong>angusta</strong></span> <span class='ocrx_word' id='word_1_211' title='bbox 1950 3555 1952 3560; x_wconf 23' lang='grc' dir='ltr'>Ι</span> 
     </span>
     <span class='ocr_line' id='line_1_27' title="bbox 570 3577 1841 3672; baseline 0 -26"><span class='ocrx_word' id='word_1_212' title='bbox 570 3595 710 3668; x_wconf 87' lang='lat' dir='ltr'><strong>quoque</strong></span> <span class='ocrx_word' id='word_1_213' title='bbox 740 3577 832 3650; x_wconf 90' lang='lat' dir='ltr'><strong>vitae</strong></span> <span class='ocrx_word' id='word_1_214' title='bbox 859 3578 915 3650; x_wconf 92' lang='lat' dir='ltr'><strong>via</strong></span> <span class='ocrx_word' id='word_1_215' title='bbox 946 3599 1136 3671; x_wconf 91' lang='lat' dir='ltr'><strong>paucorum</strong></span> <span class='ocrx_word' id='word_1_216' title='bbox 1167 3581 1328 3672; x_wconf 91' lang='lat' dir='ltr'><strong>loquens,</strong></span> <span class='ocrx_word' id='word_1_217' title='bbox 1354 3579 1477 3664; x_wconf 83' lang='lat' dir='ltr'><strong>Erunt,</strong></span> <span class='ocrx_word' id='word_1_218' title='bbox 1503 3578 1624 3672; x_wconf 89' lang='lat' dir='ltr'><strong>inquit,</strong></span> <span class='ocrx_word' id='word_1_219' title='bbox 1651 3577 1751 3672; x_wconf 92' lang='lat' dir='ltr'><strong>primi</strong></span> <span class='ocrx_word' id='word_1_220' title='bbox 1776 3597 1841 3647; x_wconf 91' lang='lat' dir='ltr'><strong>no-</strong></span> 
     </span>
     <span class='ocr_line' id='line_1_28' title="bbox 571 3695 1096 3794; baseline 0.011 -30"><span class='ocrx_word' id='word_1_221' title='bbox 571 3695 701 3768; x_wconf 88' lang='lat' dir='ltr'><strong>vissimi</strong></span> <span class='ocrx_word' id='word_1_222' title='bbox 727 3707 762 3768; x_wconf 90' lang='lat' dir='ltr'><strong>et</strong></span> <span class='ocrx_word' id='word_1_223' title='bbox 786 3698 961 3770; x_wconf 86' lang='lat' dir='ltr'><strong>novissimi</strong></span> <span class='ocrx_word' id='word_1_224' title='bbox 987 3699 1096 3794; x_wconf 92' lang='lat' dir='ltr'><strong>primi.</strong></span> 
     </span>
    </p>

    <p class='ocr_par' dir='ltr' id='par_1_11' title="bbox 327 3814 1841 4033">
     <span class='ocr_line' id='line_1_29' title="bbox 451 3814 1841 3912; baseline 0.001 -28"><span class='ocrx_word' id='word_1_225' title='bbox 451 3814 540 3886; x_wconf 89' lang='lat' dir='ltr'><strong>LVll.</strong></span> <span class='ocrx_word' id='word_1_226' title='bbox 567 3815 743 3890; x_wconf 86' lang='lat' dir='ltr'><strong>Herodem</strong></span> <span class='ocrx_word' id='word_1_227' title='bbox 774 3819 915 3912; x_wconf 90' lang='lat' dir='ltr'><strong>vulpem</strong></span> <span class='ocrx_word' id='word_1_228' title='bbox 947 3819 1113 3912; x_wconf 89' lang='lat' dir='ltr'><strong>appellat,</strong></span> <span class='ocrx_word' id='word_1_229' title='bbox 1149 3828 1184 3890; x_wconf 92' lang='lat' dir='ltr'><strong>et</strong></span> <span class='ocrx_word' id='word_1_230' title='bbox 1221 3819 1433 3910; x_wconf 79' lang='lat' dir='ltr'><strong>Hierusalem</strong></span> <span class='ocrx_word' id='word_1_231' title='bbox 1473 3820 1627 3912; x_wconf 88' lang='lat' dir='ltr'><strong>increpat</strong></span> <span class='ocrx_word' id='word_1_232' title='bbox 1662 3817 1725 3888; x_wconf 86' lang='lat' dir='ltr'><strong>alie</strong></span> <span class='ocrx_word' id='word_1_233' title='bbox 1766 3816 1841 3886; x_wconf 89' lang='lat' dir='ltr'><strong>eius</strong></span> 
     </span>
     <span class='ocr_line' id='line_1_30' title="bbox 327 3923 965 4033; baseline 0.003 -27"><span class='ocrx_word' id='word_1_234' title='bbox 327 3923 330 3932; x_wconf 48' lang='lat'><strong>¹</strong></span> <span class='ocrx_word' id='word_1_235' title='bbox 572 3937 708 4030; x_wconf 91' lang='lat' dir='ltr'><strong>protegi</strong></span> <span class='ocrx_word' id='word_1_236' title='bbox 734 3949 965 4033; x_wconf 87' lang='lat' dir='ltr'><strong>respuentem.</strong></span> 
     </span>
    </p>

    <p class='ocr_par' dir='ltr' id='par_1_12' title="bbox 442 4053 1844 4636">
     <span class='ocr_line' id='line_1_31' title="bbox 442 4053 1842 4152; baseline 0.001 -29"><span class='ocrx_word' id='word_1_237' title='bbox 442 4053 545 4128; x_wconf 90' lang='lat' dir='ltr'><strong>LVlll.</strong></span> <span class='ocrx_word' id='word_1_238' title='bbox 572 4057 804 4152; x_wconf 82' lang='lat' dir='ltr'><strong>Hydropicum</strong></span> <span class='ocrx_word' id='word_1_239' title='bbox 830 4059 978 4132; x_wconf 89' lang='lat' dir='ltr'><strong>sabbato</strong></span> <span class='ocrx_word' id='word_1_240' title='bbox 1005 4082 1130 4133; x_wconf 87' lang='lat' dir='ltr'><strong>curans</strong></span> <span class='ocrx_word' id='word_1_241' title='bbox 1154 4061 1248 4132; x_wconf 88' lang='lat' dir='ltr'><strong>velot</strong></span> <span class='ocrx_word' id='word_1_242' title='bbox 1280 4061 1326 4132; x_wconf 88' lang='lat' dir='ltr'><strong>de</strong></span> <span class='ocrx_word' id='word_1_243' title='bbox 1359 4060 1487 4132; x_wconf 87' lang='lat' dir='ltr'><strong>umoris</strong></span> <span class='ocrx_word' id='word_1_244' title='bbox 1520 4067 1626 4152; x_wconf 88' lang='lat' dir='ltr'><strong>puteo</strong></span> <span class='ocrx_word' id='word_1_245' title='bbox 1653 4057 1842 4140; x_wconf 83' lang='lat' dir='ltr'><strong>liberatum,</strong></span> 
     </span>
     <span class='ocr_line' id='line_1_32' title="bbox 572 4177 1842 4255; baseline -0.002 -7"><span class='ocrx_word' id='word_1_246' title='bbox 572 4189 824 4255; x_wconf 87' lang='lat' dir='ltr'><strong>murmurantes</strong></span> <span class='ocrx_word' id='word_1_247' title='bbox 856 4180 1063 4254; x_wconf 87' lang='lat' dir='ltr'><strong>Pharisaeos</strong></span> <span class='ocrx_word' id='word_1_248' title='bbox 1096 4180 1182 4254; x_wconf 84' lang='lat' dir='ltr'><strong>asini</strong></span> <span class='ocrx_word' id='word_1_249' title='bbox 1221 4182 1277 4252; x_wconf 90' lang='lat' dir='ltr'><strong>vel</strong></span> <span class='ocrx_word' id='word_1_250' title='bbox 1308 4180 1411 4254; x_wconf 88' lang='lat' dir='ltr'><strong>bovis</strong></span> <span class='ocrx_word' id='word_1_251' title='bbox 1443 4179 1478 4250; x_wconf 94' lang='lat' dir='ltr'><strong>in</strong></span> <span class='ocrx_word' id='word_1_252' title='bbox 1512 4201 1556 4250; x_wconf 92' lang='lat' dir='ltr'><strong>eo</strong></span> <span class='ocrx_word' id='word_1_253' title='bbox 1589 4177 1745 4250; x_wconf 83' lang='lat' dir='ltr'><strong>cadentis</strong></span> <span class='ocrx_word' id='word_1_254' title='bbox 1777 4197 1842 4247; x_wconf 89' lang='lat' dir='ltr'><strong>ex·-</strong></span> 
     </span>
     <span class='ocr_line' id='line_1_33' title="bbox 572 4295 1844 4395; baseline -0.002 -27"><span class='ocrx_word' id='word_1_255' title='bbox 572 4299 739 4371; x_wconf 88' lang='lat' dir='ltr'><strong>tractione</strong></span> <span class='ocrx_word' id='word_1_256' title='bbox 765 4300 955 4374; x_wconf 80' lang='lat' dir='ltr'><strong>confundit:</strong></span> <span class='ocrx_word' id='word_1_257' title='bbox 982 4300 1205 4374; x_wconf 89' lang='lat' dir='ltr'><strong>humilitatem</strong></span> <span class='ocrx_word' id='word_1_258' title='bbox 1232 4321 1372 4395; x_wconf 84' lang='lat' dir='ltr'><strong>quoqne</strong></span> <span class='ocrx_word' id='word_1_259' title='bbox 1398 4299 1600 4372; x_wconf 86' lang='lat' dir='ltr'><strong>sectandam</strong></span> <span class='ocrx_word' id='word_1_260' title='bbox 1634 4295 1844 4382; x_wconf 85' lang='lat' dir='ltr'><strong>docans‚in</strong></span> 
     </span>
     <span class='ocr_line' id='line_1_34' title="bbox 574 4417 1843 4516; baseline 0 -28"><span class='ocrx_word' id='word_1_261' title='bbox 574 4419 733 4492; x_wconf 90' lang='lat' dir='ltr'><strong>convivio</strong></span> <span class='ocrx_word' id='word_1_262' title='bbox 756 4419 902 4514; x_wconf 89' lang='lat' dir='ltr'><strong>primum</strong></span> <span class='ocrx_word' id='word_1_263' title='bbox 929 4421 1123 4494; x_wconf 88' lang='lat' dir='ltr'><strong>accubitum</strong></span> <span class='ocrx_word' id='word_1_264' title='bbox 1148 4420 1316 4516; x_wconf 90' lang='lat' dir='ltr'><strong>praecipit</strong></span> <span class='ocrx_word' id='word_1_265' title='bbox 1338 4442 1409 4493; x_wconf 93' lang='lat' dir='ltr'><strong>non</strong></span> <span class='ocrx_word' id='word_1_266' title='bbox 1434 4419 1680 4513; x_wconf 88' lang='lat' dir='ltr'><strong>quaerendum,</strong></span> <span class='ocrx_word' id='word_1_267' title='bbox 1705 4439 1772 4490; x_wconf 91' lang='lat' dir='ltr'><strong>noc</strong></span> <span class='ocrx_word' id='word_1_268' title='bbox 1789 4417 1843 4488; x_wconf 89' lang='lat' dir='ltr'><strong>di-</strong></span> 
     </span>
     <span class='ocr_line' id='line_1_35' title="bbox 574 4539 1680 4636; baseline 0.002 -28"><span class='ocrx_word' id='word_1_269' title='bbox 574 4540 661 4612; x_wconf 85' lang='lat' dir='ltr'><strong>vites</strong></span> <span class='ocrx_word' id='word_1_270' title='bbox 688 4539 752 4612; x_wconf 88' lang='lat' dir='ltr'><strong>sed</strong></span> <span class='ocrx_word' id='word_1_271' title='bbox 778 4559 951 4634; x_wconf 87' lang='lat' dir='ltr'><strong>pauperos</strong></span> <span class='ocrx_word' id='word_1_272' title='bbox 976 4542 1034 4635; x_wconf 85' lang='lat' dir='ltr'><strong>qui</strong></span> <span class='ocrx_word' id='word_1_273' title='bbox 1058 4561 1129 4614; x_wconf 94' lang='lat' dir='ltr'><strong>non</strong></span> <span class='ocrx_word' id='word_1_274' title='bbox 1154 4542 1342 4614; x_wconf 88' lang='lat' dir='ltr'><strong>retribuant</strong></span> <span class='ocrx_word' id='word_1_275' title='bbox 1367 4563 1447 4614; x_wconf 86' lang='lat' dir='ltr'><strong>esse</strong></span> <span class='ocrx_word' id='word_1_276' title='bbox 1473 4539 1680 4636; x_wconf 86' lang='lat' dir='ltr'><strong>pascendos.</strong></span> 
     </span>
    </p>

    <p class='ocr_par' dir='ltr' id='par_1_13' title="bbox 465 4653 1938 4876">
     <span class='ocr_line' id='line_1_36' title="bbox 465 4653 1938 4756; baseline 0.002 -32"><span class='ocrx_word' id='word_1_277' title='bbox 465 4653 545 4728; x_wconf 85' lang='lat' dir='ltr'>LIX.</span> <span class='ocrx_word' id='word_1_278' title='bbox 572 4657 671 4730; x_wconf 89' lang='lat' dir='ltr'><strong>Ponit</strong></span> <span class='ocrx_word' id='word_1_279' title='bbox 704 4661 904 4754; x_wconf 87' lang='lat' dir='ltr'><strong>parabolam</strong></span> <span class='ocrx_word' id='word_1_280' title='bbox 939 4662 985 4736; x_wconf 90' lang='lat' dir='ltr'><strong>de</strong></span> <span class='ocrx_word' id='word_1_281' title='bbox 1016 4662 1165 4736; x_wconf 89' lang='lat' dir='ltr'><strong>invitatis</strong></span> <span class='ocrx_word' id='word_1_282' title='bbox 1196 4661 1255 4756; x_wconf 92' lang='lat' dir='ltr'><strong>qui</strong></span> <span class='ocrx_word' id='word_1_283' title='bbox 1287 4683 1327 4735; x_wconf 90' lang='lat' dir='ltr'><strong>se</strong></span> <span class='ocrx_word' id='word_1_284' title='bbox 1359 4683 1530 4735; x_wconf 84' lang='lat' dir='ltr'><strong>excusare</strong></span> <span class='ocrx_word' id='word_1_285' title='bbox 1556 4660 1733 4735; x_wconf 84' lang='lat' dir='ltr'><strong>studentes</strong></span> <span class='ocrx_word' id='word_1_286' title='bbox 1759 4677 1845 4730; x_wconf 89' lang='lat' dir='ltr'><strong>cena</strong></span> <span class='ocrx_word' id='word_1_287' title='bbox 1935 4683 1938 4689; x_wconf 92' lang='lat'>·</span> 
     </span>
     <span class='ocr_line' id='line_1_37' title="bbox 574 4781 917 4876; baseline 0.006 -24"><span class='ocrx_word' id='word_1_288' title='bbox 574 4801 641 4852; x_wconf 92' lang='lat' dir='ltr'><strong>non</strong></span> <span class='ocrx_word' id='word_1_289' title='bbox 669 4781 791 4856; x_wconf 78' lang='lat' dir='ltr'><strong>dierint</strong></span> <span class='ocrx_word' id='word_1_290' title='bbox 815 4781 917 4876; x_wconf 90' lang='lat' dir='ltr'><strong>digni.</strong></span> 
     </span>
    </p>

    <p class='ocr_par' dir='ltr' id='par_1_14' title="bbox 482 4895 1846 5100">
     <span class='ocr_line' id='line_1_38' title="bbox 482 4895 1846 4996; baseline 0.003 -30"><span class='ocrx_word' id='word_1_291' title='bbox 482 4895 545 4966; x_wconf 82' lang='lat' dir='ltr'><strong>LX.</strong></span> <span class='ocrx_word' id='word_1_292' title='bbox 574 4899 725 4976; x_wconf 85' lang='lat' dir='ltr'><strong>Odituris</strong></span> <span class='ocrx_word' id='word_1_293' title='bbox 756 4903 1028 4977; x_wconf 83' lang='lat' dir='ltr'><strong>necessitudines</strong></span> <span class='ocrx_word' id='word_1_294' title='bbox 1060 4903 1199 4996; x_wconf 85' lang='lat' dir='ltr'><strong>insuper</strong></span> <span class='ocrx_word' id='word_1_295' title='bbox 1230 4913 1265 4974; x_wconf 90' lang='lat' dir='ltr'><strong>et</strong></span> <span class='ocrx_word' id='word_1_296' title='bbox 1297 4905 1445 4976; x_wconf 86' lang='lat' dir='ltr'><strong>animam</strong></span> <span class='ocrx_word' id='word_1_297' title='bbox 1484 4923 1583 4976; x_wconf 88' lang='lat' dir='ltr'><strong>suam</strong></span> <span class='ocrx_word' id='word_1_298' title='bbox 1622 4907 1658 4972; x_wconf 90' lang='lat' dir='ltr'><strong>ot</strong></span> <span class='ocrx_word' id='word_1_299' title='bbox 1694 4908 1846 4972; x_wconf 84' lang='lat' dir='ltr'><strong>assumta</strong></span> 
     </span>
     <span class='ocr_line' id='line_1_39' title="bbox 575 5019 1845 5100; baseline -0.003 -6"><span class='ocrx_word' id='word_1_300' title='bbox 575 5043 678 5095; x_wconf 91' lang='lat' dir='ltr'><strong>cruce</strong></span> <span class='ocrx_word' id='word_1_301' title='bbox 710 5025 877 5100; x_wconf 87' lang='lat' dir='ltr'><strong>secuturis</strong></span> <span class='ocrx_word' id='word_1_302' title='bbox 914 5023 1165 5098; x_wconf 85' lang='lat' dir='ltr'><strong>similitudinem</strong></span> <span class='ocrx_word' id='word_1_303' title='bbox 1204 5023 1442 5098; x_wconf 84' lang='lat' dir='ltr'><strong>aedificandae</strong></span> <span class='ocrx_word' id='word_1_304' title='bbox 1475 5025 1577 5096; x_wconf 86' lang='lat' dir='ltr'><strong>turris</strong></span> <span class='ocrx_word' id='word_1_305' title='bbox 1609 5020 1722 5094; x_wconf 91' lang='lat' dir='ltr'><strong>etde</strong></span> <span class='ocrx_word' id='word_1_306' title='bbox 1754 5019 1845 5092; x_wconf 91' lang='lat' dir='ltr'><strong>bello</strong></span> 
     </span>
    </p>
   </div>
   <div class='ocr_carea' id='block_1_3' title="bbox 577 5141 1899 5338">
    <p class='ocr_par' dir='ltr' id='par_1_15' title="bbox 577 5141 1899 5338">
     <span class='ocr_line' id='line_1_40' title="bbox 577 5141 1847 5239; baseline -0.005 -23"><span class='ocrx_word' id='word_1_307' title='bbox 577 5165 696 5235; x_wconf 87' lang='lat' dir='ltr'><strong>regum</strong></span> <span class='ocrx_word' id='word_1_308' title='bbox 723 5145 869 5218; x_wconf 89' lang='lat' dir='ltr'><strong>duorum</strong></span> <span class='ocrx_word' id='word_1_309' title='bbox 897 5145 1049 5238; x_wconf 87' lang='lat' dir='ltr'><strong>exponit,</strong></span> <span class='ocrx_word' id='word_1_310' title='bbox 1075 5165 1164 5216; x_wconf 89' lang='lat' dir='ltr'><strong>neve</strong></span> <span class='ocrx_word' id='word_1_311' title='bbox 1190 5144 1234 5218; x_wconf 86' lang='lat' dir='ltr'><strong>sit</strong></span> <span class='ocrx_word' id='word_1_312' title='bbox 1259 5146 1335 5239; x_wconf 90' lang='lat' dir='ltr'><strong>quis</strong></span> <span class='ocrx_word' id='word_1_313' title='bbox 1361 5147 1412 5218; x_wconf 87' lang='lat' dir='ltr'><strong>sal</strong></span> <span class='ocrx_word' id='word_1_314' title='bbox 1439 5143 1635 5216; x_wconf 77' lang='lat' dir='ltr'><strong>infatuatum</strong></span> <span class='ocrx_word' id='word_1_315' title='bbox 1662 5141 1726 5214; x_wconf 86' lang='lat' dir='ltr'><strong>sod</strong></span> <span class='ocrx_word' id='word_1_316' title='bbox 1744 5161 1847 5212; x_wconf 85' lang='lat' dir='ltr'><strong>aures</strong></span> 
     </span>
     <span class='ocr_line' id='line_1_41' title="bbox 577 5259 1899 5338; baseline -0.015 -6"><span class='ocrx_word' id='word_1_317' title='bbox 577 5261 706 5335; x_wconf 90' lang='lat' dir='ltr'><strong>habeat</strong></span> <span class='ocrx_word' id='word_1_318' title='bbox 731 5265 902 5338; x_wconf 90' lang='lat' dir='ltr'><strong>audiendi.</strong></span> <span class='ocrx_word' id='word_1_319' title='bbox 1023 5333 1024 5336; x_wconf 68' lang='grc'>,</span> <span class='ocrx_word' id='word_1_320' title='bbox 1894 5259 1899 5276; x_wconf 82' lang='lat'><em>&#39;</em></span> 
     </span>
    </p>
   </div>
   <div class='ocr_carea' id='block_1_4' title="bbox 0 0 2129 6116">
    <p class='ocr_par' dir='ltr' id='par_1_16' title="bbox 0 0 2129 6116">
     <span class='ocr_line' id='line_1_42' title="bbox 0 0 2129 6116; baseline 0 0"><span class='ocrx_word' id='word_1_321' title='bbox 0 0 2129 6116; x_wconf 95' lang='lat' dir='ltr'><strong> </strong></span> 
     </span>
    </p>
   </div>
  </div>
 </body>
</html>
