4220 6124
1230 163 1249 202 Ν

750 361 931 428 EPISTULA
955 361 1008 426 ΑΙ)
1036 357 1220 426 uetustos
1650 357 1717 428 3ll

145 653 149 661 ,
246 583 380 668 patrem
408 580 442 644 et
468 581 612 644 matrem
639 591 738 642 suam
766 577 800 639 et
826 567 1008 640 adherebit
1034 567 1136 638 uxori
1162 553 1321 651 enasset
1347 573 1445 636 erunt
1472 563 1542 636 dno
1569 564 1603 634 in
1622 585 1725 638 earne

246 715 323 764 una.
375 683 402 730 ³²
419 691 676 762 Sacramentum
710 689 777 760 hoc
810 709 972 780 magnum
1005 696 1076 771 est,
1112 707 1179 778 ego
1212 695 1326 758 eutem
1357 683 1437 756 dico
1468 685 1502 756 in
1529 683 1663 758 Christo
1690 697 1725 757 et

246 814 281 883 in
308 811 463 882 ecclesia.
515 802 542 848 ³³
557 811 683 882 Verum
710 818 826 880 tamen
859 819 894 881 et
923 831 989 880 vos
1024 806 1145 899 singuli
1179 805 1411 898 unusquisque
1445 827 1543 878 suern
1577 827 1725 879 uxorem

248 933 335 1028 sicut
361 952 400 1002 se
426 931 538 1024 ipsum
565 929 689 1021 diligat,
717 949 807 998 uror
834 940 950 1000 antem
978 937 1014 1000 ut
1040 926 1158 998 timeat
1181 926 1301 996 virum.

962 1133 1013 1204 vl.

323 1277 402 1334 ⁴¹¹⁰)
416 1287 504 1372 Filii,
537 1287 702 1360 oboedite
743 1287 944 1381 parentibus
977 1285 1102 1358 vestris
1136 1283 1354 1357 indomino:
1387 1284 1455 1356 hoc
1481 1285 1573 1356 enirn
1599 1283 1723 1354 iustum

247 1419 309 1481 est.
360 1402 531 1481 ’Honora
556 1416 690 1500 patrem
717 1416 811 1478 tuum
838 1417 874 1478 et
898 1415 1056 1491 matrem,
1083 1403 1179 1498 quod
1204 1414 1259 1478 est
1283 1403 1484 1477 mandatum
1516 1403 1664 1498 primum
1686 1403 1723 1480 in

247 1528 492 1624 promissione,
531 1520 595 1598 ³ut
619 1527 711 1599 bene
738 1527 782 1598 sit
806 1527 866 1599 tibi
893 1536 929 1598 et
954 1527 1002 1600 sis
1028 1526 1196 1618 longevus
1222 1534 1482 1618 superterram.
1506 1511 1725 1618 “¹⁷llltpa·

246 1661 328 1736 tres,
353 1648 459 1720 nolite
486 1646 531 1720 ad
563 1646 773 1719 iracundiam
806 1666 1001 1739 provocare
1034 1643 1122 1716 filios
1147 1655 1301 1730 vestros,
1328 1643 1394 1716 sed
1420 1643 1566 1716 educate
1590 1643 1666 1720 illos
1691 1645 1726 1716 in

247 1769 425 1864 disciplina
450 1776 486 1838 et
511 1765 730 1860 correptione
756 1763 895 1837 domini.
948 1755 1029 1812 ΜΘ)
1043 1766 1150 1854 Servi,
1177 1763 1343 1838 oboedite
1367 1763 1515 1838 dominis
1533 1765 1726 1836 carnalibm

247 1912 324 1960 cnm
352 1887 474 1959 timore
501 1895 536 1956 et
561 1894 723 1971 tremore,
750 1885 785 1956 in
812 1883 1028 1978 simplicitate
1046 1883 1296 1969 cordisvestri,
1324 1885 1413 1957 siout
1430 1883 1581 1971 Christo,
1623 1878 1726 1963 ⁴⁵nou

247 2009 292 2082 ad
318 2007 455 2081 oculum
482 2005 673 2077 servientes
700 2005 800 2099 quasi
825 2003 1021 2076 hominibus
1047 2005 1223 2098 placeatis,
1251 2003 1317 2078 sed
1342 2015 1381 2078 nt
1406 2004 1498 2077 servi
1524 2003 1655 2088 Christi
1672 2005 1724 2076 ia-

246 2128 376 2200 cientes
401 2123 613 2216 voluntatem
640 2124 697 2197 dei
723 2147 769 2196 ex
803 2123 934 2210 animo,
960 2116 1069 2196 'cum
1096 2125 1190 2197 bonu
1214 2125 1392 2216 voluntate
1420 2124 1611 2198 servientes
1638 2125 1726 2196 sicut

246 2247 387 2320 domino
414 2256 450 2316 et
474 2267 545 2318 non
569 2243 782 2329 hominibus,
825 2235 1006 2316 ⁸scientes
1033 2245 1195 2338 quoniam
1221 2245 1456 2340 unusquisque
1482 2243 1725 2342 quodcumque

245 2367 366 2440 lecerit
389 2365 523 2464 bonum
546 2364 615 2437 hoo
641 2365 808 2460 percipiet
833 2385 853 2436 a
881 2363 1039 2451 domino,
1081 2365 1155 2438 sive
1186 2385 1308 2438 servus
1340 2363 1416 2438 sive
1441 2365 1536 2438 liber.
1587 2355 1667 2412 Μ’)
1682 2364 1726 2438 Et

246 2486 384 2572 domini,
412 2483 538 2558 eadem
557 2484 662 2556 *lenite
688 2485 761 2570 illis,
789 2483 1000 2556 remittentes
1026 2484 1145 2570 minas,
1174 2485 1324 2558 scientes
1352 2485 1431 2580 quia
1464 2495 1500 2558 et
1530 2485 1665 2557 illorum
1691 2495 1726 2558 et

245 2617 363 2680 vester
388 2605 548 2678 dominus
574 2615 630 2678 est
654 2605 689 2678 in
714 2604 820 2678 caelis
848 2615 883 2676 et
908 2625 1135 2700 personarum
1164 2605 1321 2700 acceptio
1347 2629 1418 2680 non
1443 2615 1497 2680 est
1522 2603 1616 2700 apud
1634 2625 1724 2676 enm.

245 2720 271 2766 ⁴⁰
282 2717 333 2774 ‘⁸⁰'
350 2729 403 2798 De
429 2735 564 2812 cetero,
597 2727 739 2810 tratres,
775 2723 1013 2796 confortamini
1043 2725 1077 2798 in
1112 2723 1254 2800 domino
1287 2735 1323 2799 et
1354 2727 1388 2800 in
1414 2725 1568 2822 potentia
1593 2726 1726 2802 virtutis
1765 2788 1771 2804 ,

246 2848 329 2920 eins.
364 2837 387 2883 ⁴¹
395 2846 526 2920 induite
551 2866 616 2918 vos
644 2865 740 2918 uma
766 2844 832 2930 dei,
859 2854 896 2916 ut
921 2843 1060 2938 possitis
1087 2853 1181 2918 stare
1208 2845 1381 2920 adversus
1398 2847 1552 2922 -insidias
1579 2845 1722 2932 diaboli;

245 2960 272 3005 ⁴²
288 2967 368 3059 quin
393 2986 463 3039 non
489 2976 544 3038 est
568 2964 670 3037 nobis
695 2963 900 3038 conluctatio
927 2963 1096 3038 adversus
1122 2987 1261 3038 carnem
1286 2977 1322 3040 et
1338 2967 1548 3062 sanguinem,
1576 2966 1642 3040 sed
1658 2965 1724 3038 ad·

246 3105 369 3158 versus
394 3084 568 3178 principes
590 3093 630 3184 ,et
654 3093 863 3178 potestates,
890 3082 1061 3156 advorsus
1087 3083 1206 3158 mundi
1232 3095 1387 3160 rectores
1413 3085 1633 3160 tenebrarum
1659 3087 1725 3160 he-

150 3269 153 3276 .
245 3227 331 3289 rum,
359 3213 478 3276 contra
505 3203 668 3298 spiritalia
692 3201 865 3295 nequitiae
890 3201 925 3274 in
950 3203 1166 3276 caelestibus.
1206 3199 1232 3244 ⁴³
1244 3205 1432 3301 Propterea
1458 3205 1602 3300 accipite
1628 3227 1724 3290 arma

246 3323 312 3410 dei,
339 3333 376 3394 ut
399 3322 540 3416 possitis
564 3324 728 3396 resistere
753 3322 788 3394 in
805 3321 862 3396 die
889 3321 981 3394 malo
999 3332 1034 3394 et
1059 3321 1270 3398 inomnibus
1287 3327 1431 3422 perlecti
1448 3335 1550 3398 stare.
1589 3315 1723 3398 “State

246 3465 332 3538 ergo
358 3442 518 3516 succincti
543 3443 680 3518 lumbos
704 3451 843 3516 vestros
869 3443 904 3514 in
929 3441 1084 3527 veritate,
1111 3451 1147 3516 et
1171 3443 1280 3518 induti
1305 3446 1411 3520 lorica
1444 3445 1601 3529 iustitiae,
1645 3435 1672 3482 ⁴⁵
1688 3455 1724 3516 ot

245 3563 377 3636 calciati
402 3561 514 3658 pedes
539 3563 574 3636 in
608 3562 873 3658 praeparatione
900 3562 1069 3654 evangelii
1102 3564 1217 3657 pacis,
1261 3556 1333 3638 1θὶιι
1360 3565 1519 3640 omnibus
1545 3573 1722 3638 sumentes

245 3693 378 3758 scutum
405 3681 498 3769 fidei,
524 3683 559 3756 in
585 3705 655 3776 quo
682 3683 824 3778 possitis
843 3683 958 3756 omnia
976 3682 1046 3754 tela
1062 3684 1264 3776 nequissimi
1281 3686 1385 3780 ignea
1402 3685 1617 3779 extinguere.
1642 3677 1669 3722 ’Ὗ
1680 3685 1724 3756 Et

245 3805 380 3897 galeam
407 3803 525 3876 salutis
552 3803 732 3890 adsumite,
760 3813 796 3874 et
813 3803 965 3896 gladium
983 3803 1129 3898 spiritus,
1157 3805 1253 3898 quod
1271 3817 1325 3878 est
1348 3806 1496 3878 verbum
1513 3803 1586 3891 dei,
1618 3796 1645 3844 ¹⁸
1660 3825 1723 3900 per
1759 3799 1766 3808 ’

244 3943 384 3996 omnem
410 3923 601 3998 orationem
628 3935 663 3998 et
689 3923 967 3998 obsecrationem
994 3933 1134 3996 orantes
1160 3926 1253 3998 omni
1280 3935 1439 4019 tempore
1464 3925 1499 3998 in
1525 3923 1660 4019 spiritu,
1687 3935 1723 3998 ot

243 4042 379 4138 inipso
405 4044 587 4138 uigilantes
613 4043 647 4118 in
673 4045 765 4118 omni
791 4043 950 4116 instantia
977 4053 1013 4114 et
1038 4043 1281 4118 obsecratione
1307 4067 1372 4140 pro
1398 4045 1559 4118 omnibus
1585 4045 1721 4130 sanctis,
1819 4089 1824 4102 ·

244 4153 270 4199 ⁴⁹
287 4171 321 4233 et
345 4185 410 4256 pro
437 4187 511 4250 me,
545 4175 582 4235 ut
616 4163 717 4238 detur
752 4163 835 4236 mihi
868 4183 985 4236 sermo
1019 4163 1052 4236 in
1087 4167 1267 4260 apertione
1294 4167 1365 4238 oris
1397 4165 1466 4238 mei
1493 4187 1571 4240 cum
1597 4163 1722 4240 iiducia

243 4291 362 4354 notum
389 4283 503 4356 lacere
529 4287 731 4377 mysterium
750 4283 939 4377 evangelii,
981 4275 1009 4322 ’⁰
1026 4306 1090 4378 pro
1109 4307 1179 4378 quo
1197 4286 1372 4381 legatione
1397 4286 1522 4379 limgor
1538 4285 1573 4358 in
1590 4294 1721 4372 catena,

244 4401 290 4472 ita
316 4411 353 4472 ut
378 4401 414 4472 in
440 4403 516 4495 ipso
544 4401 692 4476 audeam
719 4415 822 4498 prout
847 4413 986 4498 oportet
1010 4425 1069 4476 me
1095 4405 1198 4498 loqui.
1223 4397 1247 4444 '¹
1263 4395 1314 4452 (⁸¹)
1327 4404 1369 4478 Ut
1396 4415 1565 4478 autemst
1589 4399 1723 4480 'sciatis

242 4541 308 4592 vos
334 4541 425 4612 quae
451 4523 543 4594 circa
569 4543 626 4594 me
653 4534 749 4610 sunt,
777 4523 861 4618 quid
887 4545 1006 4618 agam,
1042 4525 1159 4596 omnia
1183 4535 1266 4596 nota
1291 4523 1394 4597 vobis
1425 4525 1528 4598 luciet
1553 4525 1722 4619 Tychicus

243 4640 442 4712 carissimus
468 4641 572 4712 frater
597 4651 633 4712 et
658 4641 769 4716 fidelis
795 4643 950 4716 minister
976 4645 1011 4716 in
1036 4643 1193 4730 domino,
1236 4637 1263 4684 Β
1280 4663 1384 4737 quom
1420 4643 1496 4718 misi
1523 4643 1662 4718 advos
1688 4633 1723 4718 in

242 4759 310 4832 hoo
336 4759 457 4854 ipsum,
484 4771 522 4831 ut
546 4764 767 4855 cognoscatis
785 4784 875 4857 quae
893 4765 986 4836 cirea
1012 4785 1077 4836 nos
1096 4775 1175 4836 sunt
1201 4773 1236 4836 et
1254 4764 1452 4838 consoletur
1469 4763 1578 4838 corda
1594 4774 1721 4837 vostra.

241 4873 269 4922 ²³
285 4881 359 4954 Pax
384 4881 544 4954 fratribus
570 4892 606 4952 et
632 4883 757 4956 caritas
783 4905 863 4956 cum
888 4882 959 4956 fide
985 4905 1006 4956 a
1032 4883 1102 4956 deo
1129 4891 1227 4976 patre
1252 4893 1289 4956 ot
1315 4883 1457 4958 domino
1474 4885 1552 4958 lesu
1577 4883 1721 4958 Christo.

241 4989 267 5038 ²⁸
285 4999 400 5072 Gratia
425 5022 503 5074 cum
532 5002 691 5076 omnibus
718 5004 776 5098 qui
802 5001 945 5098 diligunt
971 5001 1149 5076 dominum
1176 4995 1304 5077 'losum
1331 5003 1501 5079 Christum
1527 5005 1562 5078 in
1588 4999 1723 5079 'incor-

243 5116 430 5218 ruptione'

751 5223 923 5288 EXPLICIT
944 5223 996 5288 AD
1018 5219 1214 5292 moestos.

822 5357 1139 5366 -—-.-———..-.
