4242 6118
700 405 884 472 ulsinum
909 407 1124 471 LECTIONULI
1151 409 1353 472 SECUNDUM
1378 405 1533 472 uticum

574 617 628 678 tes
662 607 748 692 eicit,
783 609 1004 699 arelaotsque
1038 606 1186 680 liculnea
1209 609 1411 681 mirantibus
1440 608 1487 678 ait
1514 595 1652 678 orantes
1679 609 1856 682 credendo

576 725 736 818 accipere
763 727 945 818 postulata.

394 843 549 914 XXXVII.
575 844 628 914 De
655 852 829 936 potestate
855 843 1148 935 percontantibus,
1174 843 1323 916 ludaeos
1349 844 1425 936 ipse
1457 845 1504 916 de
1529 843 1704 936 baptismo
1730 844 1856 916 lohan-

577 961 628 1032 nis
661 959 909 1051 interrogando
945 960 1132 1046 convincit,
1168 970 1203 1033 et
1237 961 1283 1033 de
1317 963 1419 1035 vinea
1461 962 1664 1055 colonisque
1697 962 1857 1056 pessimis

576 1079 782 1173 parabolam
808 1079 915 1171 ponit.

379 1197 549 1270 XXXVlll.
577 1198 776 1268 Temtantes
803 1195 850 1267 de
876 1195 1060 1269 reddendo
1087 1199 1243 1270 Caesaris
1274 1198 1401 1271 tributo
1435 1210 1690 1294 consequenter
1723 1221 1769 1272 ex
1796 1224 1856 1274 su-

577 1315 829 1409 prascriptione
854 1316 911 1385 vel
938 1316 1087 1408 imagine
1115 1317 1312 1389 comutavit.
1695 1291 1704 1314 ’

405 1437 550 1508 XXXIX.
579 1434 793 1506 Sadducaeis
824 1433 876 1510 ‚de
909 1433 1053 1504 muliere
1079 1445 1214 1528 septem
1246 1437 1389 1530 fratrum
1414 1457 1527 1508 uxore
1561 1434 1782 1508 tentantibus
1809 1433 1855 1504 ob

575 1551 848 1649 incredulitatem
874 1552 1137 1626 resurrectionis
1164 1553 1364 1646 exprobrat.

482 1673 548 1742 XL.
577 1671 720 1742 Scribae
763 1670 810 1741 de
852 1670 1018 1742 mandato
1060 1671 1148 1764 legis
1190 1672 1411 1762 interroganti
1452 1672 1626 1764 geminum
1666 1668 1856 1742 dilectionis

578 1789 741 1862 ostendit:
769 1799 804 1860 et
831 1788 926 1860 eunius
952 1787 996 1858 sit
1021 1786 1109 1860 lilius
1136 1789 1288 1861 Christus
1314 1790 1530 1882 interrogans
1557 1790 1663 1860 docet
1688 1810 1737 1858 ex
1762 1786 1857 1880 prin-

579 1908 669 2001 cipio
705 1905 829 1999 psalmi
862 1905 1062 1977 centensimi
1095 1907 1193 1978 noni:
1228 1907 1469 1980 salutationum
1503 1929 1643 2001 quoqne
1676 1926 1798 1977 eorum
1824 1904 1858 1974 in

576 2027 653 2114 loro
681 2023 847 2096 ambitum
872 2033 978 2094 notat.

473 2142 552 2212 XLI.
578 2145 616 2214 ln
642 2140 914 2235 gazophilacium
939 2163 1130 2236 pauperem
1155 2143 1296 2216 viduam
1323 2145 1393 2216 duo
1411 2146 1540 2217 minuta
1564 2145 1754 2216 mittentem
1772 2163 1856 2213 cun·
1942 2221 1950 2248 ἱ

579 2262 643 2332 ctis
670 2261 763 2333 dona
788 2260 992 2331 iactantibus
1018 2261 1178 2354 praelert.

395 2373 397 2379 ⁴
459 2379 552 2450 XLII.
578 2378 848 2452 Aedificationes
874 2379 992 2472 templi
1017 2381 1285 2453 monstrantibus
1311 2381 1528 2474 praenuntiat
1560 2382 1723 2465 ruituras,
1750 2378 1857 2451 etde

578 2497 723 2570 diuersIs
748 2496 855 2568 ultimi
881 2497 1047 2592 temporis
1073 2498 1331 2571 tentationibus
1357 2501 1476 2572 suturis
1493 2499 1660 2600 prolixius
1678 2499 1856 2592 disputans

577 2616 798 2690 seductiones
825 2625 1001 2686 ammonet
1026 2615 1298 2710 praecavendas

443 2733 549 2804 XLlll.
576 2735 675 2806 Diem
702 2733 872 2808 adventus
898 2735 1010 2805 solum
1036 2743 1171 2828 patrem
1198 2735 1287 2806 scire
1313 2734 1442 2820 dicens,
1469 2737 1665 2810 nescientes
1683 2757 1763 2807 eam
1781 2755 1856 2806 ser-

577 2875 642 2925 uos
668 2853 811 2945 vigilare
837 2853 1004 2946 praecipit
1030 2861 1065 2923 et
1091 2873 1202 2924 orare.

433 2963 553 3040 XLIIII.
579 2973 631 3042 De
658 2972 834 3043 alabastro
860 2971 1000 3063 ungenti
1026 2973 1082 3042 vel
1109 2971 1304 3064 proditioue
1336 2972 1443 3068 Iudae
1476 2971 1650 3044 traditoris
1683 2993 1725 3042 ac
1751 2993 1856 3065 prac-

578 3090 758 3181 parationc
790 3089 943 3182 paschae
975 3091 1139 3174 refertur,
1174 3111 1241 3160 nec
1274 3110 1345 3162 non
1378 3101 1413 3162 et
1446 3111 1555 3160 cenae
1589 3089 1663 3160 eius
1689 3091 1856 3184 mysticae

577 3207 738 3300 panditur
763 3219 1025 3280 sacramentum.

456 3323 550 3393 XLV.
578 3325 782 3398 Traditionis
809 3347 851 3397 ac
876 3327 1048 3421 passionis
1074 3326 1149 3397 eius
1176 3336 1276 3418 gesta
1301 3333 1491 3398 narrantur.

444 3442 551 3514 XLVI.
579 3444 849 3516 Resurrectionis
890 3446 964 3516 elus
996 3444 1141 3539 perinde
1175 3445 1328 3516 breviter
1359 3444 1503 3516 veritate
1542 3453 1730 3515 monstrata
1766 3466 1856 3536 qno-

579 3563 725 3634 rundam
758 3563 977 3636 incredulitas
1016 3565 1205 3634 clementer
1237 3563 1405 3656 arguitur,
1444 3569 1480 3633 et
1514 3562 1685 3634 ascensio·
1706 3573 1809 3655 atque
1836 3587 1857 3636 a

580 3681 713 3753 dextris
746 3681 804 3752 dci
838 3682 1017 3753 consessio
1051 3683 1108 3754 vel
1143 3681 1387 3776 discipulorum
1419 3681 1632 3775 praedicatio
1665 3682 1771 3774 signis
1797 3703 1855 3754 se-

581 3800 764 3890 quentibus
789 3799 967 3872 indicatur.

763 3947 989 4012 EXPLIGIUNT
1022 3946 1209 4014 CAPITULA
1241 3950 1466 4020 LEGTIONUII.
