4254 6130
387 288 459 368 478
792 297 1031 362 arancarum
1058 299 1258 362 snounnon
1285 271 1510 364 romnnsu'

389 405 641 415 -.-....-........--
668 406 930 415 ....-..-...-.-.
938 409 945 415 .
1444 399 1875 420 .-....,.-.-.-.-.-...-.-..

387 503 490 575 Petro
518 505 610 576 lllitte
638 503 788 596 gladium
823 506 856 574 in
892 504 1075 597 vaginam:
1112 505 1253 578 calicem
1289 527 1391 599 quem
1427 504 1525 576 dedit
1557 503 1638 574 mihi
1665 515 1778 597 pater,
1808 527 1876 576 non

384 626 501 698 bibam
528 626 642 696 illam‘?
670 616 798 668 ’ΝΜ
817 624 955 695 Cohors
983 646 1069 716 ergo
1096 635 1132 696 et
1150 625 1303 696 tribunus
1330 636 1366 696 et
1390 625 1533 696 ministri
1550 624 1756 696 ludaeorum
1776 645 1874 696 com-

385 745 643 840 prehenderunt
668 745 780 815 lesum
809 753 842 814 et
881 731 1073 838 ligaverunt
1099 767 1195 830 eum,
1246 737 1442 816 ⁴³<¹⁶²¹⁰let
1469 745 1689 818 adduxerunt
1723 746 1875 818 eumad

385 865 518 948 Annam
546 865 710 960 primum:
737 873 812 935 erat
840 866 929 936 enim
960 887 1062 937 socer
1089 865 1272 961 Caiaphae,
1300 865 1358 957 qui
1384 874 1461 936 erat
1485 867 1640 959 pontifex
1668 867 1746 936 anni
1771 866 1873 938 illius:

383 973 496 1056 “erat
523 994 637 1066 autern
664 984 831 1078 Caiaphas
858 987 915 1078 qui
949 986 1127 1057 consilium
1155 985 1302 1056 dederat
1327 985 1463 1057 ludaeis
1490 986 1570 1078 qnia
1598 986 1744 1080 expedit
1768 1011 1873 1060 unum

386 1105 559 1176 hominem
590 1105 676 1176 mori
701 1127 766 1198 pro
793 1101 954 1200 'populo
1008 1097 1034 1142 ⁴⁵
1048 1096 1138 1154 (Μ)
1153 1105 1374 1199 Sequebatur
1396 1123 1512 1178 autern
1538 1107 1650 1178 lesum
1669 1107 1787 1178 Simon
1804 1107 1872 1179 Pe-

283 1318 288 1330 Ι
355 1309 358 1320 Ι
386 1235 458 1298 trus
485 1236 519 1296 et
545 1226 630 1297 alius
657 1225 859 1318 discipulus:
911 1218 1013 1272 “wll
1032 1224 1220 1318 discipulus
1255 1235 1369 1297 autem
1403 1226 1459 1296 ille
1492 1237 1567 1298 erat
1593 1237 1696 1298 notus
1721 1227 1872 1320 pontifici

386 1357 420 1416 et
445 1347 595 1418 introivit
620 1367 698 1416 cum
724 1347 802 1416 lesu
830 1347 863 1416 in
890 1346 1012 1417 atrium
1039 1345 1221 1438 pontificis,
1265 1337 1532 1418 ⁴6⁰6III-Petrus
1551 1356 1666 1418 autem
1684 1347 1799 1420 stabat
1825 1347 1871 1420 ad

387 1467 511 1538 ostium
529 1466 620 1536 foris.
648 1455 749 1512 (Μ)
762 1465 876 1536 Exivit
894 1488 979 1558 ergo
998 1464 1186 1558 discipulus
1203 1466 1258 1536 ille
1277 1466 1334 1558 qui
1353 1475 1428 1536 erat
1444 1473 1547 1538 notus
1563 1465 1714 1558 pontifici
1732 1477 1767 1540 et
1784 1468 1870 1540 dixit

387 1586 557 1670 ostiariae,
586 1596 621 1657 et
646 1586 833 1658 introduxit
858 1587 1006 1657 Petrum.
1058 1577 1084 1620 Π
1101 1577 1192 1632 (Μ
1214 1586 1302 1656 Dicit
1335 1607 1421 1678 ergo
1448 1585 1551 1656 Petro
1583 1586 1702 1658 ancilla
1731 1587 1868 1660 ostiaria

384 1706 558 1798 Numquid
594 1716 629 1776 et
664 1717 699 1776 tu
739 1728 784 1776 ex
825 1707 999 1800 discipulis
1035 1728 1075 1776 es
1108 1705 1255 1778 hominis
1289 1706 1412 1778 istius‘l
1455 1707 1543 1777 Dicit
1582 1706 1637 1778 ille
1670 1707 1748 1780 Non
1781 1731 1867 1780 sum.

385 1818 526 1910 ⁴⁸l¹⁶⁹d⁰l
544 1828 687 1898 Stabant
720 1837 833 1898 autem
867 1828 960 1898 servi
991 1836 1025 1898 et
1058 1827 1199 1896 ministri
1230 1826 1276 1896 ad
1302 1849 1449 1920 prunas,
1477 1828 1556 1920 quia
1584 1827 1689 1920 frigus
1716 1837 1806 1912 erat,
1833 1839 1869 1898 et

386 1945 611 2018 calefiebant:
639 1957 713 2018 erat
739 1958 852 2016 autern
880 1969 957 2018 cum
977 1947 1028 2017 eis
1055 1957 1090 2018 et
1107 1947 1230 2018 Petrus
1257 1957 1351 2020 stans
1379 1958 1414 2018 et
1432 1949 1636 2020 calefaciens
1654 1969 1702 2018 se.
1737 1941 1868 2020 19Ροιι-

385 2067 470 2138 tifex
487 2089 573 2158 ergo
599 2068 820 2160 interrogavit
837 2067 948 2138 lesum
976 2066 1215 2161 dediscipulis
1242 2077 1277 2138 et
1303 2069 1348 2140 de
1366 2068 1522 2142 doctrina
1541 2069 1625 2140 eius.
1659 2060 1869 2140 ²⁰‘¹⁷⁰·⁴·)Re-

375 2189 526 2282 vspondit
552 2187 582 2257 ei
617 2188 713 2259 lesus
738 2189 813 2280 Ε30
846 2187 960 2279 palam
993 2187 1127 2259 locutus
1161 2211 1235 2259 sum
1263 2188 1411 2261 mundo:
1445 2211 1513 2282 ego
1540 2211 1681 2284 semper
1707 2189 1810 2262 docui
1836 2189 1869 2260 in

387 2330 569 2404 synagoga
596 2309 688 2378 etin
716 2309 854 2400 templo,
883 2329 952 2400 quo
980 2328 1102 2378 omnes
1130 2309 1244 2382 ludaei
1281 2309 1505 2394 conveniunt,
1533 2320 1567 2380 et
1593 2309 1627 2380 in
1653 2311 1788 2382 occulto
1805 2311 1867 2380 'lo-

388 2441 486 2502 cutus
513 2451 588 2500 sum
615 2429 705 2498 nihil.
750 2421 772 2464 ²¹
789 2419 892 2474 (Μ)
912 2427 1002 2512 Quid
1028 2450 1085 2511 me
1112 2429 1330 2521 interrogas?
1350 2429 1540 2522 ‘interroga
1573 2451 1636 2502 eos
1663 2431 1720 2524 qni
1746 2429 1867 2501 audie-
1898 2483 1905 2496 .

385 2559 464 2633 runt
482 2548 564 2640 quid
582 2549 715 2620 locutus
734 2569 810 2619 sum
828 2546 927 2640 ipsis:
955 2568 1039 2618 ecce
1057 2547 1091 2618 hi
1105 2551 1220 2620 ‘sciunt
1238 2570 1327 2642 quae
1346 2549 1492 2622 dixerim
1512 2571 1589 2642 930.
1633 2541 1660 2586 ²²
1673 2541 1760 2595 (ΠΜ)
1774 2549 1868 2619 Haeo

386 2679 502 2742 autern
529 2691 607 2740 cum
634 2667 791 2753 dixisset,
818 2689 906 2738 unus
932 2668 1106 2739 adsistens
1133 2670 1365 2742 ministrorum
1393 2669 1490 2742 dedit
1523 2671 1659 2764 alapam
1684 2673 1777 2755 lesu,
1813 2669 1865 2741 di-

386 2813 470 2862 cens
497 2789 763 2884 Sicrespondis
781 2786 964 2882 pontificia
1008 2779 1147 2836 ”milli
1165 2789 1357 2883 Respondit
1383 2791 1414 2860 ei
1441 2791 1537 2862 lesus
1564 2792 1599 2861 Si
1625 2790 1715 2862 male
1732 2790 1866 2862 locutus

386 2933 477 2996 sum,
513 2911 742 2981 testimonium
775 2907 920 3002 perhibe
952 2906 997 2978 de
1031 2909 1139 2980 malo:
1176 2910 1204 2980 si
1238 2920 1352 2981 autern
1385 2911 1491 2997 bene,
1527 2911 1609 3004 quid
1636 2933 1693 2982 me
1720 2909 1867 2982 caedis?

384 3021 568 3100 ²⁴(¹⁷*·¹')Et
594 3030 683 3100 misit
709 3051 789 3102 eum
816 3027 931 3098 annas
958 3028 1097 3121 ligatum
1124 3030 1169 3102 ad
1196 3031 1371 3124 Caiaphan
1396 3031 1603 3126 pontificem.
1638 3022 1766 3077 'Ilm
1784 3030 1866 3102 Erat

385 3162 499 3223 antem
526 3151 644 3220 Simon
673 3150 792 3220 Petrus
819 3157 911 3218 stans
939 3158 973 3218 et
999 3151 1203 3222 calefaciens
1230 3173 1279 3222 se.
1331 3153 1499 3224 Dixerunt
1525 3175 1611 3245 ergo
1638 3153 1670 3223 ei
1693 3151 1865 3244 Numquid

384 3284 419 3344 et
446 3283 482 3344 tu
508 3293 555 3342 ex
581 3271 757 3364 discipulis
784 3268 857 3338 eius
884 3271 949 3339 es?
976 3269 1123 3362 Negavit
1148 3270 1202 3341 ille
1229 3282 1264 3342 et
1291 3271 1377 3344 dixit
1401 3273 1479 3344 Non
1505 3296 1591 3345 sum.
1625 3263 1751 3344 ”uicit
1776 3295 1864 3344 unus

385 3415 429 3466 ex
458 3393 568 3464 servis
595 3390 774 3484 pontificis
803 3397 969 3481 cognatus
997 3391 1070 3462 eius
1098 3391 1194 3461 cuius
1221 3393 1368 3464 abscidit
1393 3393 1514 3466 Petrus
1541 3392 1726 3464 auriculam
1743 3393 1864 3464 Nonne

386 3535 453 3608 930
480 3524 515 3584 te
540 3511 613 3584 vidi
638 3510 671 3580 in
697 3509 798 3580 horto
826 3531 903 3580 cum
929 3509 1008 3580 illo?
1052 3503 1078 3547 ’Ἰ
1095 3512 1219 3582 lterum
1247 3533 1332 3604 ergo
1358 3514 1499 3606 negavit
1525 3513 1661 3598 Petnrs,
1690 3522 1725 3584 et
1751 3514 1864 3584 statim

385 3637 494 3730 gallus
521 3631 677 3704 cantavit.
727 3620 755 3665 ²⁸
772 3620 861 3675 (Μ)
879 3628 1064 3701 Adducunt
1091 3652 1177 3724 crgo
1203 3632 1315 3704 lesum
1343 3653 1363 3702 a
1390 3633 1541 3730 Caiapha
1575 3635 1609 3705 in
1635 3633 1862 3727 praetorium:

385 3765 461 3828 erat
492 3762 606 3824 autem
638 3771 755 3822 mane:
801 3740 901 3795 ‘wll
919 3759 954 3818 et
987 3751 1053 3844 ipsi
1086 3773 1155 3822 non
1188 3743 1388 3824 introierunt
1419 3755 1453 3825 in
1478 3755 1705 3848 praetorium,
1732 3743 1863 3824 utnon

385 3874 695 3947 contaminarentur
721 3869 787 3942 sed
812 3867 1058 3940 manducarent
1084 3871 1222 3963 pascha.
1274 3863 1301 3908 ¹⁹
1316 3873 1430 3944 Exivit
1455 3895 1541 3968 ergo
1567 3874 1694 3945 Pilatus
1727 3872 1785 3944 ad·
1799 3893 1863 3944 eos

249 3989 252 3996 ’
384 3999 477 4070 foras
517 4003 552 4064 et
584 3992 670 4064 dixit
710 3989 822 4076 Quam
857 3989 1111 4062 accusationem
1147 3991 1288 4062 adfertis
1327 3993 1497 4066 adversus
1531 3995 1706 4067 hominem
1746 3992 1861 4064 hunc?

381 4109 684 4206 ³0Responderunt
710 4118 744 4181 at
768 4110 930 4182 dixenrnt
956 4109 988 4180 ei
1021 4109 1056 4179 Si
1088 4132 1158 4182 non
1185 4123 1280 4184 esset
1304 4112 1359 4184 hio
1384 4115 1599 4200 malefactor,
1626 4135 1696 4188 non
1712 4113 1773 4184 tihi
1790 4121 1861 4184 tra-

383 4236 594 4310 didissemus
620 4253 709 4304 eum.
761 4221 784 4267 ³⁴
804 4229 897 4300 Dixit
923 4249 1008 4321 ergo
1035 4230 1086 4300 eis
1111 4231 1238 4304 Pilatus
1266 4230 1420 4327 Accipite
1454 4257 1533 4308 eum
1566 4255 1632 4308 vos
1666 4243 1701 4304 et
1735 4253 1860 4304 secun-

384 4359 467 4430 dum
493 4355 609 4447 legem
635 4360 787 4424 vestram
814 4349 963 4421 iudicate
990 4369 1078 4420 eum.
1130 4352 1298 4424 Dixerunt
1324 4375 1410 4448 ergo
1437 4355 1555 4428 ludaei
1580 4354 1689 4428 Nobis
1721 4375 1792 4425 non
1818 4354 1859 4424 li·-

313 4507 316 4516 *
383 4488 439 4550 cet
472 4473 661 4546 interlicere
696 4491 913 4564 quemquam.
972 4460 999 4506 ³²
1012 4470 1053 4541 Ut
1093 4493 1210 4544 sermo
1249 4473 1327 4546 lesu
1368 4475 1584 4570 impleretur,
1627 4495 1731 4568 quem
1773 4473 1875 4572 dixit

383 4595 578 4692 significans
611 4613 679 4685 qua
712 4597 806 4662 esset
839 4599 951 4660 morte
985 4591 1177 4664 moriturus.
1235 4585 1262 4630 ³³
1278 4585 1366 4644 (ΗΜ)
1379 4597 1531 4668 Introivit
1556 4617 1642 4689 ergo
1675 4596 1798 4666 iterum
1824 4594 1859 4665 in

381 4717 591 4813 praetorium
617 4711 752 4796 Pilatus,
781 4721 816 4782 et
840 4711 979 4782 vocavit
1003 4712 1115 4783 lesum
1141 4721 1176 4782 et
1202 4711 1290 4784 dixit
1322 4714 1354 4784 ei
1388 4715 1438 4786 fu
1469 4737 1509 4787 es
1535 4737 1600 4787 rex
1627 4714 1857 4788 ludaeorum?

382 4828 408 4875 ³⁴
421 4828 521 4884 ‘wll
539 4837 581 4906 Et
606 4830 786 4925 respondit
810 4832 906 4902 lesus
931 4829 962 4902 Α
988 4839 1094 4902 temet
1120 4831 1197 4924 ipso
1223 4833 1292 4905 hoc
1318 4834 1420 4922 dicis,
1458 4857 1503 4908 an
1529 4835 1584 4907 alii
1611 4835 1672 4906 tibi
1698 4835 1859 4908 dixerunt

384 4957 430 5030 de
456 4959 537 5029 me‘l
588 4946 615 4992 ³⁵
631 4951 821 5047 Respondit
853 4951 979 5024 Pilatus
1012 4951 1185 5045 Numquid
1218 4975 1287 5048 930
1314 4956 1461 5030 Iudaeus
1487 4958 1591 5027 sum?
1626 4977 1714 5050 gens
1739 4964 1797 5026 tua
1823 4963 1859 5026 et

383 5076 562 5172 pontifices
589 5073 802 5148 tradidenrnt
832 5081 866 5145 te
892 5071 989 5144 milri:
1017 5070 1099 5164 quid
1124 5072 1259 5146 fecisti?
1309 5067 1337 5114 ³⁰
1353 5075 1543 5172 Respondit
1573 5077 1668 5150 lesus
1702 5076 1859 5169 Regnum

476 5211 479 5216 ’
943 5191 1049 5278 XVIII,
1081 5193 1125 5266 12
1152 5231 1204 5246 -
1232 5195 1290 5266 36.
