4254 6130
684 403 925 470 samonum
953 407 1155 472 sncunoou
1183 406 1379 470 rosunum
1497 373 1504 392 '
1704 403 1774 479 tta

283 629 397 680 meum
426 626 497 679 non
523 619 577 680 est
603 609 649 681 de
676 609 806 681 mundo
834 608 917 679 hoc:
954 612 982 682 si
1019 634 1064 684 ex
1091 614 1160 685 hoc
1188 609 1318 682 mundo
1352 623 1446 682 esset
1473 637 1620 709 regnum
1650 636 1780 700 meum'

283 728 426 800 ministri
459 729 543 799 mei'
562 727 780 801 decertarent
816 737 852 799 ut
885 751 956 800 non
995 733 1154 806 traderer
1190 730 1340 803 ludaeis:
1382 755 1470 804 nunc
1506 746 1622 808 autem
1657 757 1772 806 meum

283 871 428 942 rognum
463 869 533 920 non
565 859 618 919 ast
648 851 734 920 hiuc.
787 839 1027 956 ³⁷1¹P¹tuixit
1060 855 1176 948 itaque
1203 853 1236 924 ei
1271 853 1397 924 Pilatus
1424 853 1516 948 Ergo
1552 879 1616 928 rex
1644 879 1683 930 es
1711 859 1773 929 tu‘?

282 969 474 1064 Respondit
507 970 602 1043 lesus
636 970 686 1041 Tu
713 969 817 1054 dicis,
852 971 931 1062 quia
965 995 1029 1044 rex
1065 997 1142 1046 sum
1178 993 1255 1064 ego.
1300 964 1399 1022 (Μ)
1417 974 1492 1068 Ego
1519 978 1553 1047 in
1580 978 1648 1050 hoc
1674 989 1774 1050 natus

284 1113 359 1162 sum
387 1101 422 1160 et
449 1089 495 1161 ad
521 1090 589 1160 hoc
615 1091 693 1161 veni
716 1089 752 1160 in
769 1069 936 1161 mundum
954 1105 991 1164 ut
1010 1093 1241 1165 testimonium
1260 1092 1463 1184 perhibeam
1482 1099 1630 1170 veritati:
1660 1099 1773 1171 omnis

285 1211 342 1304 qui
369 1220 424 1281 est
450 1231 496 1280 ox
522 1211 666 1281 veritate
693 1209 788 1281 audit
816 1231 930 1281 meam
956 1235 1091 1284 vocem.
1144 1205 1273 1282 ³8Dicit
1299 1213 1330 1281 ei
1357 1213 1482 1285 Pilatus
1511 1217 1601 1302 Quid
1628 1231 1681 1290 est
1707 1243 1771 1290 ve-

283 1332 390 1402 ritas?
416 1329 459 1400 Et
484 1351 562 1401 cum
589 1329 657 1401 hoc
683 1329 840 1416 dixisset,
869 1332 992 1403 iterum
1020 1335 1127 1404 exivit
1161 1331 1208 1403 ad
1242 1330 1390 1403 ludaeos
1442 1327 1531 1380 (ω)
1549 1348 1584 1408 et
1610 1339 1692 1411 dicit
1719 1329 1779 1411 eis'

282 1451 357 1544 Ego
384 1449 510 1522 nullam
537 1451 675 1522 invenio
702 1451 735 1521 in
763 1471 808 1522 eo
837 1473 988 1524 causam.
1039 1446 1067 1490 ³⁹
1083 1442 1174 1498 (Μ
1192 1453 1255 1522 Est
1287 1460 1401 1522 autem
1429 1459 1643 1532 consuetudo
1670 1461 1771 1532 vohis
1882 1551 1885 1558 ,

284 1582 320 1642 ut
346 1594 449 1643 unum
483 1570 649 1642 dimittam
684 1571 786 1642 vobis
819 1572 854 1642 iu
886 1573 1033 1666 pascha:
1068 1573 1170 1643 vultis
1204 1593 1291 1664 ergo
1326 1571 1492 1646 dimittam
1520 1579 1621 1652 vobis
1649 1601 1769 1674 regem

283 1693 515 1764 ludaeorum?
542 1678 943 1764 .⁴⁰(¹⁸l⁴·tctamaverunt
968 1715 1104 1766 rursum
1132 1715 1255 1764 omnes
1282 1693 1437 1764 dicentes
1470 1697 1547 1768 Non
1579 1699 1669 1771 hunc
1704 1701 1770 1774 sed

283 1813 474 1884 Barahban.
527 1811 609 1882 Erat
635 1821 750 1884 autem
777 1813 958 1886 Barabbas
983 1815 1082 1885 latro.

984 2089 1067 2160 XIX.

359 2285 472 2344 'Ilm‘
490 2295 584 2367 Tunc
609 2317 696 2388 orgo
724 2295 955 2390 adprehendit
981 2295 1107 2366 Pilatus
1134 2293 1247 2366 lesum
1274 2305 1309 2367 ot
1335 2297 1530 2392 flagellavit,
1588 2297 1651 2376 'et
1676 2301 1765 2378 mili-

284 2428 336 2488 tes
362 2417 552 2511 plectentes
584 2438 750 2488 coronam
782 2415 827 2488 de
864 2417 970 2511 spinis
998 2411 1230 2512 ‘inposuerunt
1260 2418 1362 2512 capiti
1388 2421 1462 2493 eius
1495 2431 1530 2492 et
1556 2433 1656 2496 veste
1682 2423 1765 2519 pur-

282 2559 391 2632 purea
425 2533 736 2610 circumdederunt
759 2557 855 2623 eum,
908 2533 971 2607 ³ct
1004 2535 1191 2608 veniebant
1225 2537 1271 2609 ad
1304 2537 1382 2612 eum
1415 2553 1451 2614 et
1481 2542 1644 2616 dicebant
1668 2543 1766 2618 Have
1801 2627 1807 2642 ,

282 2679 346 2730 rex
379 2658 599 2742 Iudaeorum,
632 2667 667 2729 et
700 2655 830 2730 dabant
863 2658 896 2728 ci
931 2657 1060 2751 alapas.
1113 2647 1128 2694 ⁸
1141 2648 1230 2706 “ml
1242 2657 1335 2731 Exiit
1368 2661 1491 2734 iterum
1517 2664 1644 2736 Pilatus
1670 2667 1764 2738 Ioras

282 2790 317 2850 et
348 2779 430 2851 dicit
463 2779 514 2850 eis
547 2779 639 2849 Ecce
677 2775 814 2850 adduco
848 2778 950 2851 vohis
984 2799 1063 2848 eum
1095 2779 1205 2865 toras,
1238 2789 1277 2851 ut
1309 2783 1526 2874 cognoscatis
1553 2787 1634 2877 quia
1660 2787 1695 2858 in
1720 2807 1764 2859 eo

281 2900 406 2971 unllam
434 2921 576 2971 causam
602 2899 747 2970 invenio.
800 2887 917 2946 ΝΜ)
934 2899 1026 2970 Exiit
1058 2921 1144 2993 ergo
1176 2901 1273 2972 Iesus
1308 2913 1451 2996 portans
1478 2903 1632 2996 spineam
1660 2928 1764 3000 coro·

281 3043 360 3092 nam
388 3030 424 3091 et
449 3041 658 3114 purpureum
690 3017 939 3090 vestimentum.
993 3019 1035 3089 Et
1061 3019 1142 3092 dicit
1176 3022 1227 3092 eis
1252 3022 1344 3094 Ecce
1377 3022 1492 3094 homo.
1544 3015 1659 3072 “llll
1679 3027 1762 3099 Cum

282 3163 368 3233 ergo
394 3139 560 3212 vidissent
585 3162 665 3212 eum
692 3136 872 3233 pontifices
907 3145 942 3206 et
976 3138 1134 3226 ministri,
1170 3142 1365 3213 clamabant
1390 3141 1551 3214 dicentes
1585 3145 1761 3239 Crucifige

282 3260 453 3353 crucifige.
488 3253 589 3306 ‘wll
608 3261 697 3332 Dicit
719 3259 770 3330 eis
790 3256 915 3330 Pilatus
933 3255 1088 3352 Accipite
1114 3281 1194 3332 eum
1218 3283 1284 3335 vos
1302 3273 1337 3334 et
1356 3261 1558 3354 crucifigite:
1586 3255 1674 3314 (Μ)
1692 3287 1761 3359 ego

283 3381 374 3452 enim
408 3403 478 3452 non
511 3381 647 3452 invenio
682 3381 716 3450 in
746 3399 790 3450 eo
824 3398 975 3449 causam.
1027 3371 1162 3428 'Im'
1179 3381 1445 3476 Responderunt
1475 3382 1508 3452 ei
1541 3383 1657 3456 ludaei
1688 3387 1761 3458 Nos

281 3503 396 3594 legem
424 3501 600 3586 hahemus,
628 3509 663 3571 et
688 3497 879 3571 secundum
905 3498 1019 3590 legem
1047 3499 1155 3572 dehet
1180 3503 1278 3587 mori,
1307 3501 1385 3594 quia
1411 3498 1590 3573 filiumdei
1617 3527 1657 3577 se
1674 3507 1759 3578 lecit

281 3609 402 3668 “ml
422 3622 504 3693 Cum
532 3643 618 3714 ergo
645 3620 800 3693 audisset
825 3619 951 3692 Pilatus
977 3619 1067 3691 hunc
1091 3641 1301 3706 sermonem,
1328 3620 1438 3711 magIs
1464 3620 1580 3693 timuit.
1611 3619 1681 3698 ⁹Et
1706 3629 1759 3698 in-

281 3763 425 3836 gressus
451 3751 505 3812 est
528 3742 740 3842 praetorium
766 3741 888 3810 iterum
916 3749 950 3810 ct
976 3739 1058 3811 dicit
1084 3741 1130 3815 ad
1156 3743 1268 3812 lesum
1296 3739 1392 3811 Unde
1420 3728 1459 3810 es
1484 3745 1545 3810 tu‘l
1571 3744 1666 3818 lesus
1693 3763 1757 3820 au-

281 3873 349 3934 tem
385 3883 592 3956 responsum
627 3883 696 3934 non
731 3859 827 3934 dedit
861 3860 901 3930 ai.
955 3850 980 3896 ¹⁰
993 3851 1092 3904 “wll
1111 3863 1199 3933 Dicit
1232 3883 1317 3953 ergo
1352 3860 1383 3929 ei
1419 3859 1543 3934 Pilatus
1576 3865 1654 3938 Mihi
1688 3891 1758 3942 non

280 3984 457 4076 loqueris?
498 3983 611 4054 nescis
650 3981 729 4076 quia
768 3989 975 4074 potestatem
1010 3977 1125 4054 haheo
1160 3981 1362 4074 crucifigere
1389 3989 1439 4065 te,
1482 3991 1517 4052 ct
1550 3995 1757 4078 potestatem

280 4105 395 4176 habco
422 4103 593 4175 dimittere
619 4105 680 4174 te‘?
725 4093 956 4194 “Respondit
981 4100 1076 4172 lesus
1101 4095 1179 4170 Non
1212 4097 1361 4172 haberes
1392 4111 1601 4194 'potestatem
1627 4109 1756 4182 adver-

281 4247 358 4296 sum
384 4245 442 4295 mo
469 4223 570 4294 ullam
597 4223 660 4295 nisi
687 4221 746 4292 tibi
772 4232 866 4292 esset
893 4221 1010 4292 datum
1037 4219 1230 4313 desuper:
1258 4230 1442 4314 propterea
1461 4222 1518 4314 qui
1545 4226 1683 4298 tradidit
1699 4251 1755 4301 me

281 4341 342 4412 tihi
369 4342 478 4412 maius
504 4351 684 4436 peccatum
710 4341 825 4414 hahet.
878 4334 903 4378 ⁴¹
919 4340 1053 4412 Exinde
1086 4340 1432 4432 quaerehnt'Pilatus
1464 4341 1646 4432 dimittere
1659 4369 1754 4420 eum:

280 4462 397 4534 ludaei
424 4471 537 4533 autem
565 4462 758 4534 clamabant
783 4461 936 4534 dicentes
963 4461 998 4530 Si
1024 4461 1113 4531 huno
1138 4459 1300 4546 thmittis¹
1314 4483 1383 4532 non
1410 4483 1449 4532 es
1476 4464 1606 4536 amicus
1626 4438 1781 4540 uaesa-‘

280 4583 341 4653 ris:
370 4583 481 4653 omnis
507 4582 564 4675 qui
597 4603 636 4653 se
668 4603 787 4674 regem
823 4581 902 4652 lacit
934 4580 1135 4652 contradicit
1161 4579 1307 4652 Caesari.
1360 4573 1386 4618 ⁴³
1403 4581 1528 4654 Pilatus
1564 4606 1649 4678 ergo
1677 4609 1754 4659 cum

281 4701 433 4774 audisset
465 4703 530 4774 hos
564 4723 761 4786 sermones,
796 4701 941 4772 adduxit
977 4701 1070 4770 toras
1102 4702 1231 4785 lesum,
1267 4711 1301 4770 et
1332 4699 1422 4771 sedit
1447 4723 1512 4794 pro
1540 4703 1695 4778 tribunali
1721 4709 1755 4778 ln

279 4824 392 4893 locum
419 4823 476 4915 qui
502 4823 625 4894 dicitur
650 4819 894 4904 Lithostrotus,
922 4821 1083 4892 hebraice
1110 4829 1224 4891 autem
1251 4820 1439 4891 Gabbatha.
1492 4810 1518 4858 ¹⁴
1533 4823 1753 4900 nrarsautem

279 4963 470 5036 parasceve
496 4943 659 5036 paschae,
687 4942 772 5014 hora
799 4941 896 5034 quasi
923 4951 1032 5012 sexta.
1077 4941 1125 5010 Et·
1145 4939 1226 5012 dicit
1256 4939 1390 5012 ludaeis
1410 4939 1507 5012 noce
1538 4965 1601 5016 rex
1628 4957 1752 5020 vester.

278 5051 406 5109 'mm
424 5063 470 5134 llli
497 5073 612 5135 autern
646 5062 838 5134 clamabant
869 5061 964 5132 Tolle
1000 5061 1095 5145 tolle,
1130 5059 1292 5152 crucifigo
1325 5081 1414 5130 eum.
1467 5051 1569 5108 (Μ)
1585 5065 1677 5137 Dixit
1692 5069 1753 5139 eis

277 5183 404 5256 Pilatus
430 5184 561 5277 Regem
588 5193 739 5256 vestrum
765 5181 984 5274 crucifigam?
1012 5179 1275 5272 Responderunt
1291 5177 1472 5272 pontifices
1489 5181 1566 5254 Non
1584 5185 1752 5260 habemus

785 5303 892 5390 XVIII,
923 5301 972 5374 37
1007 5321 1045 5354 -·
1075 5299 1158 5385 XDI,
1190 5302 1245 5372 ta.

1369 5421 1449 5494 23*
