4254 6130
407 391 478 466 ⁴52
798 387 1036 458 ovtnontlon
1062 389 1262 456 soconoott
1288 389 1484 456 ΙΟΙΙΔΝΝΕΙΙ

404 600 436 670 ei
461 619 530 672 non
556 606 629 669 erat
654 605 691 668 ut
716 596 791 690 quis
818 595 1046 668 testimonium
1072 596 1268 692 perhiberet
1294 595 1341 668 de
1366 595 1521 669 bomine:
1554 595 1629 689 ipse
1661 595 1751 668 enim
1779 596 1868 668 soie-

403 719 463 792 bat
488 717 571 812 quid
596 727 689 790 esset
713 716 747 788 in
773 715 920 786 homine.

1112 991 1161 1062 111.

477 1193 856 1272 1Ειιιιιιιιιειιιιιοιιιο
889 1217 935 1268 ex
965 1196 1176 1283 Pharisaeis‚
1210 1196 1418 1270 Nicodamus
1448 1197 1599 1280 nomine,
1628 1195 1788 1292 princeps
1813 1196 1866 1268 Ιιι-

403 1322 585 1396 daeorom:
635 1311 721 1388 ’hio
753 1317 847 1388 vonit
878 1317 924 1388 ad
958 1339 1036 1390 eum
1068 1325 1171 1390 noote
1203 1327 1238 1389 et
1264 1315 1350 1388 dixit
1376 1317 1407 1387 ei
1433 1317 1560 1402 Rabbi‚
1588 1317 1715 1389 seimus
1742 1316 1868 1408 quiaa

403 1443 471 1514 deo
497 1439 618 1512 venisti
645 1439 822 1530 magister:
850 1458 952 1510 nemo
980 1439 1070 1510 onim
1101 1447 1216 1532 potest
1248 1437 1336 1510 haec
1368 1436 1464 1530 signa
1494 1438 1609 1509 faeere
1636 1457 1727 1530 quae
1754 1445 1789 1508 to
1814 1437 1866 1508 sa-

392 1563 460 1650 leis,
486 1561 551 1632 nisi
575 1559 674 1632 inerit
700 1558 787 1632 deus
813 1577 890 1628 oum
917 1579 971 1630 eo.
1022 1551 1242 1653 ³Respondit
1271 1559 1367 1630 lesos
1399 1567 1434 1630 et
1460 1557 1546 1628 dixit
1571 1558 1603 1628 ei
1628 1556 1741 1628 Arnen
1767 1577 1867 1628 amen

402 1683 480 1755 dioo
504 1681 581 1766 tibi,
614 1678 677 1750 nisi
708 1677 783 1770 quis
816 1687 915 1750 natos
947 1677 1045 1780 inerit
1078 1677 1209 1763 denuo,
1243 1698 1312 1750 non
1343 1687 1459 1772 potest
1483 1677 1604 1750 videre
1629 1687 1780 1770 regnunt
1800 1676 1865 1749 dei.

400 1793 512 1874 ‘nteit
538 1799 688 1872 adeum
714 1796 923 1869 Nioodemos
950 1798 1135 1882 Quomodo
1161 1806 1278 1892 potest
1302 1797 1407 1870 bomo
1432 1798 1528 1870 nasci
1561 1819 1638 1870 oum
1665 1819 1775 1868 senex
1801 1797 1865 1868 sit‘?

401 1921 565 2016 numquid
591 1927 707 2013 pomst
732 1918 766 1988 in
791 1927 946 1990 ventrem
973 1917 1093 1990 matris
1118 1939 1204 1990 suae
1229 1916 1352 1990 iterato
1378 1917 1516 1990 introire
1542 1927 1577 1989 at
1602 1918 1723 1990 nasci?
1772 1911 1866 1990 “Re-

401 2040 539 2136 spondit
564 2041 658 2110 lesos
683 2035 795 2108 Amen
822 2059 923 2110 amen
949 2037 1028 2110 dieo
1054 2037 1123 2122 tibi,
1149 2037 1213 2112 nisi
1247 2037 1323 2130 quis
1349 2049 1486 2110 renatos
1517 2039 1617 2110 fuerit
1643 2059 1690 2109 ex
1715 2059 1805 2130 aqua
1832 2047 1867 2108 et

313 2223 317 2232 .
401 2161 527 2258 spiritu,
553 2181 623 2232 non
648 2167 764 2253 potest
788 2158 927 2230 introire
954 2157 988 2228 in
1014 2177 1157 2248 regnum
1185 2155 1251 2228 dei.
1302 2149 1437 2244 ⁶Qu0d
1468 2167 1584 2230 natum
1610 2167 1736 2230 estex
1763 2178 1866 2228 earne

401 2303 483 2354 oaro
510 2290 572 2364 ast,
599 2289 634 2350 et
659 2277 754 2372 qood
780 2285 896 2350 natum
923 2285 977 2348 est
1002 2298 1049 2348 ex
1074 2276 1193 2370 spiritu
1219 2277 1356 2371 spiritus
1382 2288 1443 2352 est.
1494 2269 1602 2350 7Non
1627 2277 1761 2350 mireris
1786 2278 1866 2370 quia

401 2403 472 2476 dixi
499 2401 559 2474 tibi
585 2399 729 2492 Oportet
753 2419 819 2470 vos
844 2398 938 2470 nasci
964 2397 1088 2470 denuo.
1141 2387 1314 2490 ⁸Spiritus
1346 2398 1404 2470 nbi
1434 2398 1506 2468 vult
1531 2398 1654 2491 spirat,
1681 2407 1716 2470 et
1741 2419 1866 2470 vooem

401 2520 607 2606 rimandis,
634 2516 793 2590 sednon
818 2519 886 2590 sois
917 2517 1010 2590 unde
1043 2516 1157 2588 veniat
1189 2525 1225 2588 et
1257 2538 1326 2610 quo
1358 2517 1477 2590 vadat:
1513 2518 1563 2588 sio
1577 2601 1580 2610 .
1594 2527 1648 2590 est
1674 2518 1784 2590 omnis
1808 2518 1866 2611 qui

402 2648 576 2716 natusest
601 2659 648 2709 ex
674 2637 800 2732 spirito.
851 2630 1069 2732 ⁰Respondit
1092 2636 1302 2708 Nioodamns
1334 2647 1370 2708 et
1394 2637 1480 2710 dixit
1512 2637 1544 2708 ei
1570 2637 1754 2722 Quomodo
1782 2659 1865 2732 pos·
1987 2703 1991 2712 .

401 2771 478 2835 sont
502 2761 590 2833 bneo
614 2757 715 2830 fieri?
766 2749 992 2853 ⁴⁰ilsapondit
1016 2758 1111 2828 Ιεειιε
1136 2772 1172 2828 ει
1197 2757 1283 2829 dixit
1308 2757 1339 2828 ei
1366 2759 1416 2828 Τιι
1441 2779 1481 2829 εε
1506 2757 1670 2851 magister
1695 2753 1749 2830 'in
1774 2760 1863 2830 lsra-

401 2884 457 2954 bel
481 2891 517 2952 et
541 2881 629 2952 haee
652 2879 819 2972 ignoras?
861 2869 883 2916 ⁴¹
903 2877 1015 2950 Amen
1039 2898 1140 2948 amen
1166 2877 1245 2950 dico
1271 2877 1333 2948 tibi
1367 2878 1446 2972 qnia
1480 2878 1575 2972 quod
1600 2879 1728 2954 seimus
1753 2879 1864 2971 loqui-

400 3025 476 3076 mur
509 3011 545 3072 ει
576 2999 671 3093 quod
705 2999 852 3072 vidimus
877 3007 1057 3082 testamur,
1093 3006 1129 3070 ει
1154 2997 1380 3070 testimonium
1413 3007 1567 3070 nostrum
1600 3021 1671 3070 non
1704 2999 1864 3094 accipitis.

398 3116 425 3162 ¹¹
442 3123 476 3194 Si
502 3131 638 3210 terrena
664 3118 735 3191 dixi
760 3117 861 3190 vobis
886 3127 921 3190 ει
945 3139 1015 3192 non
1042 3118 1188 3222 creditis,
1215 3118 1393 3212 quomodo
1419 3118 1449 3190 si
1474 3119 1598 3192 dixero
1624 3119 1725 3192 vobis
1748 3120 1864 3192 oaele-

400 3243 462 3316 stia
490 3240 665 3314 credetis?
699 3229 784 3310 13ΙΙι
808 3259 911 3311 nemo
937 3239 1092 3312 aseendit
1116 3240 1151 3310 in
1176 3239 1307 3314 caelum
1333 3238 1397 3310 nisi
1414 3240 1472 3332 qni
1489 3238 1670 3312 descendit
1692 3239 1739 3312 de
1757 3241 1864 3324 eaelo,

400 3361 486 3434 filins
511 3360 657 3432 hominis
683 3358 740 3452 qui
765 3369 820 3430 εει
843 3358 878 3430 in
904 3360 1011 3432 eaelo.
1062 3350 1088 3398 Ἰ
1101 3360 1144 3430 Et
1169 3359 1256 3430 sicot
1279 3359 1395 3432 Moses
1421 3359 1585 3432 exaltavit
1610 3360 1865 3453 serpentemin
1931 3335 1937 3344 ’

399 3482 556 3566 deserto,
590 3480 636 3552 ita
667 3479 811 3552 exaltari
844 3488 982 3572 oportet
1012 3479 1115 3552 fllium
1147 3479 1309 3565 bominis,
1367 3470 1442 3552 15ιιι
1471 3480 1582 3552 omnis
1616 3479 1673 3573 qui
1699 3480 1807 3552 eradit
1831 3480 1865 3550 in

271 3655 275 3670 .
399 3605 476 3698 ipso
502 3621 572 3672 non
597 3608 731 3695 pareat,
767 3598 831 3672 sed
865 3598 993 3672 habeat
1017 3600 1121 3674 vitam
1155 3609 1341 3672 aeternam.
1393 3590 1606 3672 1Ιὸἰεειιίιιι
1633 3599 1753 3672 dilexit
1778 3599 1865 3672 deus

400 3721 560 3794 mondum
598 3728 632 3790 ιιι
665 3718 768 3790 filium
800 3741 899 3790 suum
932 3719 1139 3812 unigenitum
1165 3721 1284 3805 daret,
1311 3727 1347 3790 ut
1373 3720 1484 3792 omnis
1509 3721 1567 3813 qui
1592 3719 1703 3792 oredit
1726 3720 1760 3790 in
1786 3741 1865 3790 eum

399 3865 468 3914 non
495 3849 622 3934 pareat,
649 3838 713 3911 sed
740 3838 867 3912 babeat
891 3839 996 3912 vitam
1022 3851 1208 3914 aeternam.
1261 3833 1287 3878 ¹⁷
1302 3840 1380 3912 Non
1406 3839 1496 3912 onim
1529 3840 1618 3913 misit
1650 3839 1737 3912 deos
1762 3837 1865 3910 filium

400 3983 498 4034 soum
523 3960 558 4032 in
583 3959 747 4032 mundum
773 3968 810 4030 ιιι
834 3957 961 4032 iudicet
986 3960 1158 4045 mundum,
1187 3961 1251 4032 sed
1269 3970 1306 4032 ιιι
1322 3959 1473 4032 salvetur
1490 3960 1636 4034 mundos
1655 3961 1864 4055 peripsum:

399 4074 425 4120 ⁴⁸
442 4081 500 4176 qni
525 4080 634 4154 eredit
658 4081 692 4151 in
718 4099 798 4152 eum
823 4100 895 4150 non
917 4079 1097 4165 iudicatum
1124 4080 1181 4172 qui
1207 4089 1322 4152 autem
1354 4102 1424 4152 non
1456 4081 1566 4153 credit
1598 4081 1666 4154 iam
1698 4078 1865 4150 iudicatus

399 4212 463 4288 est
491 4201 570 4296 quia
596 4221 665 4272 non
684 4199 836 4272 ‘credidit
861 4200 895 4270 in
920 4200 1057 4272 nornine
1082 4200 1241 4294 unigeniti
1267 4199 1323 4270 filii
1352 4199 1417 4274 dei.
1470 4193 1585 4273 19[Ιοιι
1603 4209 1786 4272 astantem
1811 4197 1864 4270 iu·-

398 4322 522 4394 dioium
542 4321 629 4415 ¹qnia
654 4322 713 4392 lux
737 4320 830 4392 venit
854 4319 888 4388 in
914 4319 1086 4404 mundum,
1113 4330 1148 4392 at
1174 4320 1366 4393 dilexerunt
1391 4319 1548 4394 homines
1574 4322 1685 4413 magis
1702 4318 1865 4392 tenebras

398 4463 502 4536 qnam
528 4441 655 4514 luoem:
690 4450 790 4515 erant
821 4439 910 4511 enirn
944 4461 1064 4512 eorum
1095 4442 1185 4513 mala
1221 4463 1338 4536 opera.
1389 4433 1416 4482 ¹⁰
1433 4441 1550 4514 Omnis
1576 4441 1666 4512 enim
1692 4441 1750 4534 qui
1776 4441 1864 4511 rnnla

398 4563 469 4656 agit
494 4561 567 4634 odit
597 4563 709 4634 luoem
741 4568 776 4632 ει
809 4581 879 4632 non
909 4560 1001 4632 venit
1033 4560 1080 4632 ad
1111 4561 1239 4648 luoenr,
1276 4571 1405 4634 utnon
1430 4571 1615 4655 arguantur
1640 4581 1749 4655 opera
1776 4561 1864 4631 eius:

395 4674 418 4720 '¹
439 4681 497 4774 qui
522 4691 636 4754 antem
661 4681 740 4754 faoit
764 4680 943 4758 veritatem
967 4681 1061 4752 venit
1086 4680 1133 4752 ad
1157 4682 1277 4768 looem,
1306 4691 1342 4754 ut
1365 4683 1619 4763 manifestentur
1645 4681 1719 4752 eins
1747 4701 1864 4774 opera,

397 4801 476 4896 qnia
501 4802 546 4874 in.
562 4801 631 4875 deo
657 4811 735 4874 sont
759 4802 856 4874 ianm.
906 4792 934 4840 ¹²
950 4801 1033 4872 Post
1058 4799 1146 4874 haee
1171 4801 1263 4874 venit
1286 4803 1382 4874 Iesos
1408 4813 1444 4876 ει
1469 4802 1624 4896 disoiprdi
1650 4802 1724 4874 eius
1749 4801 1784 4872 io
1808 4801 1864 4872 lu-

258 4918 261 4925 ’
397 4921 522 4994 daeam
548 4933 684 5008 terram,
711 4922 836 4996 stillio
861 4922 1060 4994 morabatur
1086 4943 1162 4992 oum
1189 4923 1240 4996 eis
1266 4924 1522 5018 etbaptizabat.
1565 4913 1680 4970 ”0²³⁴
1693 4923 1775 4992 Erat
1800 4942 1863 4992 au-

397 5053 466 5114 tem
501 5053 536 5114 et
566 5044 734 5118 lohannes
765 5043 944 5138 baptizans
977 5043 1011 5114 in
1043 5042 1165 5112 Aenon
1195 5043 1291 5114 iuxta
1322 5043 1443 5129 Saiirn,
1479 5044 1558 5136 quia
1590 5063 1702 5135 aquae
1737 5041 1862 5114 multae

396 5171 493 5234 erant
518 5163 591 5247 illio,
618 5175 653 5235 et
678 5163 908 5236 adveniebant
935 5173 971 5234 et
995 5159 1266 5256 baptizabantur:
1311 5151 1426 5208 '⁸⁶⁸³’
1442 5163 1594 5236 nondum
1621 5162 1711 5234 enim
1738 5161 1862 5234 missus

998 5284 1046 5366 ΙΙΙ,
1076 5286 1089 5352 Ι
1126 5321 1170 5334 -
1200 5281 1258 5358 2t.
