<?xml version="1.0" encoding="UTF-8"?>
<!DOCTYPE html PUBLIC "-//W3C//DTD XHTML 1.0 Transitional//EN"
    "http://www.w3.org/TR/xhtml1/DTD/xhtml1-transitional.dtd">
<html xmlns="http://www.w3.org/1999/xhtml" xml:lang="en" lang="en">
 <head>
  <title>
</title>
<meta http-equiv="Content-Type" content="text/html;charset=utf-8" />
  <meta name='ocr-system' content='tesseract 3.04.00' />
  <meta name='ocr-capabilities' content='ocr_page ocr_carea ocr_par ocr_line ocrx_word'/>
</head>
<body>
  <div class='ocr_page' id='page_1' title='image "./novumtestamentu02tiscgoog_0328.png"; bbox 0 0 4220 6124; ppageno 0'>
   <div class='ocr_carea' id='block_1_1' title="bbox 742 387 1466 454">
    <p class='ocr_par' dir='ltr' id='par_1_1' title="bbox 742 387 1466 454">
     <span class='ocr_line' id='line_1_1' title="bbox 742 387 1466 454; baseline 0.003 -3"><span class='ocrx_word' id='word_1_1' title='bbox 742 388 934 452; x_wconf 75' lang='lat' dir='ltr'><strong>EPISTULA</strong></span> <span class='ocrx_word' id='word_1_2' title='bbox 960 387 1013 452; x_wconf 77' lang='lat' dir='ltr'><strong>AD</strong></span> <span class='ocrx_word' id='word_1_3' title='bbox 1040 391 1265 454; x_wconf 77' lang='lat' dir='ltr'>CORINTHIOS</span> <span class='ocrx_word' id='word_1_4' title='bbox 1290 391 1311 454; x_wconf 85' lang='lat' dir='ltr'><strong>l.</strong></span> <span class='ocrx_word' id='word_1_5' title='bbox 1340 429 1346 452; x_wconf 61' lang='grc' dir='ltr'>ι</span> <span class='ocrx_word' id='word_1_6' title='bbox 1464 407 1466 417; x_wconf 71' lang='grc'><em>’</em></span> 
     </span>
    </p>
   </div>
   <div class='ocr_carea' id='block_1_2' title="bbox 990 627 1073 698">
    <p class='ocr_par' dir='ltr' id='par_1_2' title="bbox 990 627 1073 698">
     <span class='ocr_line' id='line_1_2' title="bbox 990 627 1073 698; baseline 0.012 -1"><span class='ocrx_word' id='word_1_7' title='bbox 990 627 1073 698; x_wconf 78' lang='lat' dir='ltr'><strong>xlv.</strong></span> 
     </span>
    </p>
   </div>
   <div class='ocr_carea' id='block_1_3' title="bbox 287 825 1771 1536">
    <p class='ocr_par' dir='ltr' id='par_1_3' title="bbox 287 825 1771 1536">
     <span class='ocr_line' id='line_1_3' title="bbox 363 825 1771 928; baseline -0.001 -20"><span class='ocrx_word' id='word_1_8' title='bbox 363 825 439 882; x_wconf 68' lang='lat'><strong>&#39;‘⁰&#39;‘</strong></span> <span class='ocrx_word' id='word_1_9' title='bbox 457 833 642 908; x_wconf 87' lang='lat' dir='ltr'><strong>Sectamini</strong></span> <span class='ocrx_word' id='word_1_10' title='bbox 668 831 856 914; x_wconf 85' lang='lat' dir='ltr'><strong>caritatem,</strong></span> <span class='ocrx_word' id='word_1_11' title='bbox 888 833 1105 906; x_wconf 82' lang='lat' dir='ltr'><strong>aemulamini</strong></span> <span class='ocrx_word' id='word_1_12' title='bbox 1131 832 1301 927; x_wconf 79' lang='lat' dir='ltr'><strong>spiritalia,</strong></span> <span class='ocrx_word' id='word_1_13' title='bbox 1328 834 1440 928; x_wconf 81' lang='lat' dir='ltr'><strong>magis</strong></span> <span class='ocrx_word' id='word_1_14' title='bbox 1468 844 1583 907; x_wconf 87' lang='lat' dir='ltr'><strong>autem</strong></span> <span class='ocrx_word' id='word_1_15' title='bbox 1601 844 1638 906; x_wconf 93' lang='lat' dir='ltr'><strong>ut</strong></span> <span class='ocrx_word' id='word_1_16' title='bbox 1663 828 1673 847; x_wconf 92' lang='lat'>&#39;</span> <span class='ocrx_word' id='word_1_17' title='bbox 1685 855 1771 928; x_wconf 93' lang='lat' dir='ltr'><strong>pro-</strong></span> 
     </span>
     <span class='ocr_line' id='line_1_4' title="bbox 288 947 1770 1052; baseline -0.003 -24"><span class='ocrx_word' id='word_1_18' title='bbox 288 955 445 1052; x_wconf 86' lang='lat' dir='ltr'><strong>phetetis.</strong></span> <span class='ocrx_word' id='word_1_19' title='bbox 496 947 594 1041; x_wconf 83' lang='lat' dir='ltr'><strong>’Qui</strong></span> <span class='ocrx_word' id='word_1_20' title='bbox 621 953 709 1026; x_wconf 92' lang='lat' dir='ltr'><strong>enim</strong></span> <span class='ocrx_word' id='word_1_21' title='bbox 737 951 891 1046; x_wconf 88' lang='lat' dir='ltr'><strong>loquitur</strong></span> <span class='ocrx_word' id='word_1_22' title='bbox 924 954 1057 1048; x_wconf 77' lang='lat' dir='ltr'><strong>lingua,</strong></span> <span class='ocrx_word' id='word_1_23' title='bbox 1090 976 1161 1026; x_wconf 91' lang='lat' dir='ltr'><strong>non</strong></span> <span class='ocrx_word' id='word_1_24' title='bbox 1185 953 1381 1028; x_wconf 90' lang='lat' dir='ltr'><strong>bominibus</strong></span> <span class='ocrx_word' id='word_1_25' title='bbox 1411 953 1561 1047; x_wconf 86' lang='lat' dir='ltr'><strong>loquitur</strong></span> <span class='ocrx_word' id='word_1_26' title='bbox 1586 953 1651 1026; x_wconf 87' lang='lat' dir='ltr'><strong>ssd</strong></span> <span class='ocrx_word' id='word_1_27' title='bbox 1684 953 1770 1026; x_wconf 89' lang='lat' dir='ltr'><strong>deo:</strong></span> 
     </span>
     <span class='ocr_line' id='line_1_5' title="bbox 287 1065 1770 1184; baseline -0.005 -35"><span class='ocrx_word' id='word_1_28' title='bbox 287 1097 391 1184; x_wconf 84' lang='lat' dir='ltr'><strong>nemo</strong></span> <span class='ocrx_word' id='word_1_29' title='bbox 418 1074 508 1148; x_wconf 90' lang='lat' dir='ltr'><strong>enim</strong></span> <span class='ocrx_word' id='word_1_30' title='bbox 536 1075 645 1160; x_wconf 89' lang='lat' dir='ltr'><strong>audit,</strong></span> <span class='ocrx_word' id='word_1_31' title='bbox 674 1069 816 1167; x_wconf 88' lang='lat' dir='ltr'><strong>&#39;spiritu</strong></span> <span class='ocrx_word' id='word_1_32' title='bbox 842 1083 960 1148; x_wconf 91' lang='lat' dir='ltr'><strong>autem</strong></span> <span class='ocrx_word' id='word_1_33' title='bbox 986 1075 1137 1169; x_wconf 90' lang='lat' dir='ltr'><strong>loquitur</strong></span> <span class='ocrx_word' id='word_1_34' title='bbox 1161 1076 1335 1172; x_wconf 80' lang='lat' dir='ltr'><strong>mysteria.</strong></span> <span class='ocrx_word' id='word_1_35' title='bbox 1388 1065 1505 1146; x_wconf 73' lang='grc' dir='ltr'><strong>3Νιιιιι</strong></span> <span class='ocrx_word' id='word_1_36' title='bbox 1533 1072 1590 1166; x_wconf 89' lang='lat' dir='ltr'><strong>qui</strong></span> <span class='ocrx_word' id='word_1_37' title='bbox 1615 1071 1770 1166; x_wconf 89' lang='lat' dir='ltr'><strong>prophe-</strong></span> 
     </span>
     <span class='ocr_line' id='line_1_6' title="bbox 288 1188 1770 1288; baseline -0.004 -18"><span class='ocrx_word' id='word_1_38' title='bbox 288 1206 346 1282; x_wconf 84' lang='lat' dir='ltr'><strong>tet,</strong></span> <span class='ocrx_word' id='word_1_39' title='bbox 372 1195 567 1268; x_wconf 87' lang='lat' dir='ltr'><strong>homiuibus</strong></span> <span class='ocrx_word' id='word_1_40' title='bbox 593 1193 741 1288; x_wconf 90' lang='lat' dir='ltr'><strong>loquitur</strong></span> <span class='ocrx_word' id='word_1_41' title='bbox 766 1193 1044 1268; x_wconf 85' lang='lat' dir='ltr'><strong>aedificationem</strong></span> <span class='ocrx_word' id='word_1_42' title='bbox 1072 1207 1107 1268; x_wconf 89' lang='lat' dir='ltr'><strong>et</strong></span> <span class='ocrx_word' id='word_1_43' title='bbox 1134 1188 1409 1267; x_wconf 84' lang='lat' dir='ltr'><strong>‘exortationem</strong></span> <span class='ocrx_word' id='word_1_44' title='bbox 1437 1203 1473 1266; x_wconf 90' lang='lat' dir='ltr'><strong>et</strong></span> <span class='ocrx_word' id='word_1_45' title='bbox 1504 1191 1770 1264; x_wconf 83' lang='lat' dir='ltr'><strong>consolationes.</strong></span> 
     </span>
     <span class='ocr_line' id='line_1_7' title="bbox 288 1305 1771 1410; baseline -0.003 -22"><span class='ocrx_word' id='word_1_46' title='bbox 288 1305 384 1402; x_wconf 71' lang='lat' dir='ltr'><strong>*Qui</strong></span> <span class='ocrx_word' id='word_1_47' title='bbox 409 1315 559 1409; x_wconf 92' lang='lat' dir='ltr'><strong>loquitur</strong></span> <span class='ocrx_word' id='word_1_48' title='bbox 583 1316 707 1408; x_wconf 75' lang='lat' dir='ltr'><strong>lingue,</strong></span> <span class='ocrx_word' id='word_1_49' title='bbox 734 1323 846 1388; x_wconf 87' lang='lat' dir='ltr'><strong>semet</strong></span> <span class='ocrx_word' id='word_1_50' title='bbox 871 1315 985 1410; x_wconf 90' lang='lat' dir='ltr'><strong>ipsum</strong></span> <span class='ocrx_word' id='word_1_51' title='bbox 1011 1315 1187 1396; x_wconf 58' lang='lat' dir='ltr'><strong>aedificem</strong></span> <span class='ocrx_word' id='word_1_52' title='bbox 1215 1315 1287 1409; x_wconf 91' lang='lat' dir='ltr'><strong>qui·</strong></span> <span class='ocrx_word' id='word_1_53' title='bbox 1300 1324 1414 1392; x_wconf 88' lang='lat' dir='ltr'><strong>autem</strong></span> <span class='ocrx_word' id='word_1_54' title='bbox 1432 1313 1627 1408; x_wconf 86' lang='lat' dir='ltr'><strong>prophetat,</strong></span> <span class='ocrx_word' id='word_1_55' title='bbox 1654 1313 1771 1386; x_wconf 85' lang='lat' dir='ltr'><strong>eoele-</strong></span> 
     </span>
     <span class='ocr_line' id='line_1_8' title="bbox 289 1427 1771 1536; baseline -0.003 -27"><span class='ocrx_word' id='word_1_56' title='bbox 289 1438 375 1510; x_wconf 91' lang='lat' dir='ltr'><strong>siam</strong></span> <span class='ocrx_word' id='word_1_57' title='bbox 401 1433 571 1508; x_wconf 86' lang='lat' dir='ltr'><strong>aedificet.</strong></span> <span class='ocrx_word' id='word_1_58' title='bbox 620 1427 738 1509; x_wconf 79' lang='lat' dir='ltr'><strong>⁵Volo</strong></span> <span class='ocrx_word' id='word_1_59' title='bbox 765 1446 878 1508; x_wconf 85' lang='lat' dir='ltr'><strong>eutem</strong></span> <span class='ocrx_word' id='word_1_60' title='bbox 907 1458 1030 1509; x_wconf 90' lang='lat' dir='ltr'><strong>omnes</strong></span> <span class='ocrx_word' id='word_1_61' title='bbox 1054 1455 1121 1507; x_wconf 85' lang='lat' dir='ltr'><strong>vos</strong></span> <span class='ocrx_word' id='word_1_62' title='bbox 1146 1434 1268 1529; x_wconf 75' lang='lat' dir='ltr'><strong>linguis</strong></span> <span class='ocrx_word' id='word_1_63' title='bbox 1292 1435 1396 1528; x_wconf 92' lang='lat' dir='ltr'><strong>loqui,</strong></span> <span class='ocrx_word' id='word_1_64' title='bbox 1422 1434 1533 1526; x_wconf 78' lang='lat' dir='ltr'><strong>magis</strong></span> <span class='ocrx_word' id='word_1_65' title='bbox 1552 1442 1668 1536; x_wconf 83' lang='lat' dir='ltr'><strong>autem</strong></span> <span class='ocrx_word' id='word_1_66' title='bbox 1685 1453 1771 1526; x_wconf 91' lang='lat' dir='ltr'><strong>pro-</strong></span> 
     </span>
    </p>
   </div>
   <div class='ocr_carea' id='block_1_4' title="bbox 289 1551 1875 5129">
    <p class='ocr_par' dir='ltr' id='par_1_4' title="bbox 289 1551 1875 5129">
     <span class='ocr_line' id='line_1_9' title="bbox 289 1551 1771 1653; baseline -0.004 -23"><span class='ocrx_word' id='word_1_67' title='bbox 289 1557 450 1652; x_wconf 87' lang='lat' dir='ltr'><strong>phetare:</strong></span> <span class='ocrx_word' id='word_1_68' title='bbox 485 1577 567 1628; x_wconf 87' lang='lat' dir='ltr'><strong>nam</strong></span> <span class='ocrx_word' id='word_1_69' title='bbox 599 1556 712 1628; x_wconf 89' lang='lat' dir='ltr'><strong>maior</strong></span> <span class='ocrx_word' id='word_1_70' title='bbox 746 1565 800 1628; x_wconf 87' lang='lat' dir='ltr'><strong>est</strong></span> <span class='ocrx_word' id='word_1_71' title='bbox 834 1558 892 1650; x_wconf 93' lang='lat' dir='ltr'><strong>qui</strong></span> <span class='ocrx_word' id='word_1_72' title='bbox 923 1555 1111 1653; x_wconf 83' lang='lat' dir='ltr'><strong>prophetat</strong></span> <span class='ocrx_word' id='word_1_73' title='bbox 1143 1577 1245 1649; x_wconf 90' lang='lat' dir='ltr'><strong>quam</strong></span> <span class='ocrx_word' id='word_1_74' title='bbox 1279 1555 1337 1648; x_wconf 90' lang='lat' dir='ltr'><strong>qui</strong></span> <span class='ocrx_word' id='word_1_75' title='bbox 1368 1553 1517 1646; x_wconf 91' lang='lat' dir='ltr'><strong>loquitur</strong></span> <span class='ocrx_word' id='word_1_76' title='bbox 1543 1553 1680 1646; x_wconf 74' lang='lat' dir='ltr'><strong>linguis;</strong></span> <span class='ocrx_word' id='word_1_77' title='bbox 1707 1551 1771 1624; x_wconf 93' lang='lat' dir='ltr'><strong>nisi</strong></span> 
     </span>
     <span class='ocr_line' id='line_1_10' title="bbox 289 1663 1770 1770; baseline -0.004 -20"><span class='ocrx_word' id='word_1_78' title='bbox 289 1680 378 1750; x_wconf 86' lang='lat' dir='ltr'><strong>torte</strong></span> <span class='ocrx_word' id='word_1_79' title='bbox 403 1685 441 1748; x_wconf 92' lang='lat' dir='ltr'><strong>ut</strong></span> <span class='ocrx_word' id='word_1_80' title='bbox 465 1675 715 1770; x_wconf 80' lang='lat' dir='ltr'><strong>interpretetur,</strong></span> <span class='ocrx_word' id='word_1_81' title='bbox 743 1685 781 1748; x_wconf 92' lang='lat' dir='ltr'><strong>ut</strong></span> <span class='ocrx_word' id='word_1_82' title='bbox 806 1677 956 1750; x_wconf 83' lang='lat' dir='ltr'><strong>ecclesia</strong></span> <span class='ocrx_word' id='word_1_83' title='bbox 982 1674 1258 1750; x_wconf 81' lang='lat' dir='ltr'><strong>aedificationem</strong></span> <span class='ocrx_word' id='word_1_84' title='bbox 1285 1673 1439 1768; x_wconf 82' lang='lat' dir='ltr'><strong>accipiat</strong></span> <span class='ocrx_word' id='word_1_85' title='bbox 1490 1663 1618 1746; x_wconf 72' lang='grc' dir='ltr'><strong>6Νιιιιιι</strong></span> <span class='ocrx_word' id='word_1_86' title='bbox 1644 1683 1770 1758; x_wconf 90' lang='lat' dir='ltr'><strong>autem,</strong></span> 
     </span>
     <span class='ocr_line' id='line_1_11' title="bbox 289 1793 1771 1892; baseline -0.003 -21"><span class='ocrx_word' id='word_1_87' title='bbox 289 1799 429 1882; x_wconf 84' lang='lat' dir='ltr'><strong>iratres,</strong></span> <span class='ocrx_word' id='word_1_88' title='bbox 461 1796 491 1868; x_wconf 88' lang='lat' dir='ltr'><strong>si</strong></span> <span class='ocrx_word' id='word_1_89' title='bbox 520 1817 651 1868; x_wconf 84' lang='lat' dir='ltr'><strong>venero</strong></span> <span class='ocrx_word' id='word_1_90' title='bbox 687 1795 733 1868; x_wconf 93' lang='lat' dir='ltr'><strong>ad</strong></span> <span class='ocrx_word' id='word_1_91' title='bbox 764 1817 830 1868; x_wconf 91' lang='lat' dir='ltr'><strong>vos</strong></span> <span class='ocrx_word' id='word_1_92' title='bbox 861 1797 985 1892; x_wconf 77' lang='lat' dir='ltr'><strong>linguis</strong></span> <span class='ocrx_word' id='word_1_93' title='bbox 1017 1797 1178 1890; x_wconf 88' lang='lat' dir='ltr'><strong>loquens,</strong></span> <span class='ocrx_word' id='word_1_94' title='bbox 1211 1795 1295 1890; x_wconf 90' lang='lat' dir='ltr'><strong>quid</strong></span> <span class='ocrx_word' id='word_1_95' title='bbox 1325 1793 1427 1868; x_wconf 84' lang='lat' dir='ltr'><strong>vobis</strong></span> <span class='ocrx_word' id='word_1_96' title='bbox 1453 1793 1623 1887; x_wconf 89' lang='lat' dir='ltr'><strong>prodero,</strong></span> <span class='ocrx_word' id='word_1_97' title='bbox 1649 1794 1716 1866; x_wconf 91' lang='lat' dir='ltr'><strong>uisi</strong></span> <span class='ocrx_word' id='word_1_98' title='bbox 1742 1794 1771 1866; x_wconf 92' lang='lat' dir='ltr'><strong>si</strong></span> 
     </span>
     <span class='ocr_line' id='line_1_12' title="bbox 289 1910 1770 2010; baseline -0.003 -20"><span class='ocrx_word' id='word_1_99' title='bbox 289 1918 390 1992; x_wconf 89' lang='lat' dir='ltr'><strong>vobis</strong></span> <span class='ocrx_word' id='word_1_100' title='bbox 415 1917 538 2010; x_wconf 92' lang='lat' dir='ltr'><strong>loquar</strong></span> <span class='ocrx_word' id='word_1_101' title='bbox 565 1916 683 1988; x_wconf 91' lang='lat' dir='ltr'><strong>autin</strong></span> <span class='ocrx_word' id='word_1_102' title='bbox 710 1910 975 1991; x_wconf 87' lang='lat' dir='ltr'><strong>&#39;revelationem</strong></span> <span class='ocrx_word' id='word_1_103' title='bbox 1002 1927 1063 1990; x_wconf 90' lang='lat' dir='ltr'><strong>aut</strong></span> <span class='ocrx_word' id='word_1_104' title='bbox 1087 1917 1229 1990; x_wconf 88' lang='lat' dir='ltr'><strong>seientia</strong></span> <span class='ocrx_word' id='word_1_105' title='bbox 1260 1927 1319 1990; x_wconf 89' lang='lat' dir='ltr'><strong>aut</strong></span> <span class='ocrx_word' id='word_1_106' title='bbox 1349 1913 1532 2008; x_wconf 88' lang='lat' dir='ltr'><strong>prophetia</strong></span> <span class='ocrx_word' id='word_1_107' title='bbox 1558 1913 1676 1986; x_wconf 88' lang='lat' dir='ltr'><strong>autin</strong></span> <span class='ocrx_word' id='word_1_108' title='bbox 1702 1913 1770 1988; x_wconf 94' lang='lat' dir='ltr'><strong>do-</strong></span> 
     </span>
     <span class='ocr_line' id='line_1_13' title="bbox 290 2027 1769 2130; baseline -0.003 -20"><span class='ocrx_word' id='word_1_109' title='bbox 290 2038 422 2110; x_wconf 84' lang='lat' dir='ltr'><strong>etn&#39;na‘l</strong></span> <span class='ocrx_word' id='word_1_110' title='bbox 464 2027 623 2108; x_wconf 66' lang='lat' dir='ltr'><strong>&#39;Tamen</strong></span> <span class='ocrx_word' id='word_1_111' title='bbox 648 2057 739 2130; x_wconf 88' lang='lat' dir='ltr'><strong>qnae</strong></span> <span class='ocrx_word' id='word_1_112' title='bbox 764 2037 838 2110; x_wconf 91' lang='lat' dir='ltr'><strong>sine</strong></span> <span class='ocrx_word' id='word_1_113' title='bbox 865 2039 980 2110; x_wconf 81' lang='lat' dir='ltr'><strong>amma</strong></span> <span class='ocrx_word' id='word_1_114' title='bbox 1006 2047 1084 2108; x_wconf 90' lang='lat' dir='ltr'><strong>sunt</strong></span> <span class='ocrx_word' id='word_1_115' title='bbox 1107 2057 1233 2110; x_wconf 86' lang='lat' dir='ltr'><strong>voeem</strong></span> <span class='ocrx_word' id='word_1_116' title='bbox 1259 2035 1385 2122; x_wconf 89' lang='lat' dir='ltr'><strong>dantia,</strong></span> <span class='ocrx_word' id='word_1_117' title='bbox 1412 2035 1487 2106; x_wconf 89' lang='lat' dir='ltr'><strong>sive</strong></span> <span class='ocrx_word' id='word_1_118' title='bbox 1513 2035 1595 2107; x_wconf 89' lang='lat' dir='ltr'><strong>tibia</strong></span> <span class='ocrx_word' id='word_1_119' title='bbox 1618 2035 1693 2110; x_wconf 86' lang='lat' dir='ltr'><strong>sive</strong></span> <span class='ocrx_word' id='word_1_120' title='bbox 1719 2035 1769 2107; x_wconf 89' lang='lat' dir='ltr'><strong>oi-</strong></span> 
     </span>
     <span class='ocr_line' id='line_1_14' title="bbox 290 2153 1771 2252; baseline -0.003 -22"><span class='ocrx_word' id='word_1_121' title='bbox 290 2158 402 2243; x_wconf 88' lang='lat' dir='ltr'><strong>thara,</strong></span> <span class='ocrx_word' id='word_1_122' title='bbox 428 2155 493 2228; x_wconf 87' lang='lat' dir='ltr'><strong>nisi</strong></span> <span class='ocrx_word' id='word_1_123' title='bbox 519 2155 770 2230; x_wconf 81' lang='lat' dir='ltr'><strong>distinctionem</strong></span> <span class='ocrx_word' id='word_1_124' title='bbox 794 2161 968 2232; x_wconf 81' lang='lat' dir='ltr'><strong>sonituum</strong></span> <span class='ocrx_word' id='word_1_125' title='bbox 992 2156 1161 2244; x_wconf 86' lang='lat' dir='ltr'><strong>dederint,</strong></span> <span class='ocrx_word' id='word_1_126' title='bbox 1187 2155 1366 2252; x_wconf 86' lang='lat' dir='ltr'><strong>quomodo</strong></span> <span class='ocrx_word' id='word_1_127' title='bbox 1385 2153 1510 2228; x_wconf 86' lang='lat' dir='ltr'><strong>scietur</strong></span> <span class='ocrx_word' id='word_1_128' title='bbox 1527 2154 1623 2249; x_wconf 92' lang='lat' dir='ltr'><strong>quod</strong></span> <span class='ocrx_word' id='word_1_129' title='bbox 1641 2155 1771 2230; x_wconf 88' lang='lat' dir='ltr'><strong>canitur</strong></span> 
     </span>
     <span class='ocr_line' id='line_1_15' title="bbox 291 2269 1769 2372; baseline 0 -22"><span class='ocrx_word' id='word_1_130' title='bbox 291 2289 350 2350; x_wconf 88' lang='lat' dir='ltr'><strong>aut</strong></span> <span class='ocrx_word' id='word_1_131' title='bbox 375 2278 471 2372; x_wconf 90' lang='lat' dir='ltr'><strong>quod</strong></span> <span class='ocrx_word' id='word_1_132' title='bbox 497 2277 738 2350; x_wconf 81' lang='lat' dir='ltr'><strong>citharizatur?</strong></span> <span class='ocrx_word' id='word_1_133' title='bbox 780 2271 941 2352; x_wconf 87' lang='lat' dir='ltr'><strong>⁸Etenim</strong></span> <span class='ocrx_word' id='word_1_134' title='bbox 968 2277 998 2348; x_wconf 89' lang='lat' dir='ltr'><strong>si</strong></span> <span class='ocrx_word' id='word_1_135' title='bbox 1024 2277 1189 2350; x_wconf 89' lang='lat' dir='ltr'><strong>ineertnm</strong></span> <span class='ocrx_word' id='word_1_136' title='bbox 1216 2299 1343 2350; x_wconf 84' lang='lat' dir='ltr'><strong>vocem</strong></span> <span class='ocrx_word' id='word_1_137' title='bbox 1371 2269 1450 2348; x_wconf 82' lang='lat' dir='ltr'><strong>&#39;det</strong></span> <span class='ocrx_word' id='word_1_138' title='bbox 1475 2277 1574 2362; x_wconf 89' lang='lat' dir='ltr'><strong>tuba,</strong></span> <span class='ocrx_word' id='word_1_139' title='bbox 1602 2275 1678 2369; x_wconf 91' lang='lat' dir='ltr'><strong>quis</strong></span> <span class='ocrx_word' id='word_1_140' title='bbox 1704 2297 1769 2370; x_wconf 90' lang='lat' dir='ltr'><strong>pa-</strong></span> 
     </span>
     <span class='ocr_line' id='line_1_16' title="bbox 290 2387 1769 2491; baseline 0 -23"><span class='ocrx_word' id='word_1_141' title='bbox 290 2397 378 2470; x_wconf 86' lang='lat' dir='ltr'><strong>ravit</strong></span> <span class='ocrx_word' id='word_1_142' title='bbox 402 2417 443 2468; x_wconf 89' lang='lat' dir='ltr'><strong>se</strong></span> <span class='ocrx_word' id='word_1_143' title='bbox 469 2397 515 2469; x_wconf 89' lang='lat' dir='ltr'><strong>ad</strong></span> <span class='ocrx_word' id='word_1_144' title='bbox 539 2396 695 2468; x_wconf 79' lang='lat' dir='ltr'><strong>bellum?</strong></span> <span class='ocrx_word' id='word_1_145' title='bbox 737 2387 818 2470; x_wconf 79' lang='lat' dir='ltr'><strong>⁹lta</strong></span> <span class='ocrx_word' id='word_1_146' title='bbox 845 2409 881 2472; x_wconf 93' lang='lat' dir='ltr'><strong>et</strong></span> <span class='ocrx_word' id='word_1_147' title='bbox 905 2419 970 2470; x_wconf 92' lang='lat' dir='ltr'><strong>vos</strong></span> <span class='ocrx_word' id='word_1_148' title='bbox 996 2419 1061 2491; x_wconf 94' lang='lat' dir='ltr'><strong>per</strong></span> <span class='ocrx_word' id='word_1_149' title='bbox 1078 2398 1227 2491; x_wconf 78' lang='lat' dir='ltr'><strong>linguam</strong></span> <span class='ocrx_word' id='word_1_150' title='bbox 1253 2397 1319 2469; x_wconf 91' lang='lat' dir='ltr'><strong>nisi</strong></span> <span class='ocrx_word' id='word_1_151' title='bbox 1336 2397 1552 2470; x_wconf 79' lang='lat' dir='ltr'><strong>manifestum</strong></span> <span class='ocrx_word' id='word_1_152' title='bbox 1571 2417 1769 2469; x_wconf 90' lang='lat' dir='ltr'><strong>sermonem</strong></span> 
     </span>
     <span class='ocr_line' id='line_1_17' title="bbox 292 2516 1769 2611; baseline -0.004 -19"><span class='ocrx_word' id='word_1_153' title='bbox 292 2517 467 2603; x_wconf 86' lang='lat' dir='ltr'><strong>dederitis,</strong></span> <span class='ocrx_word' id='word_1_154' title='bbox 494 2517 673 2610; x_wconf 64' lang='lat' dir='ltr'><strong>quemme</strong></span> <span class='ocrx_word' id='word_1_155' title='bbox 699 2518 827 2592; x_wconf 86' lang='lat' dir='ltr'><strong>scietur</strong></span> <span class='ocrx_word' id='word_1_156' title='bbox 852 2518 888 2590; x_wconf 93' lang='lat' dir='ltr'><strong>id</strong></span> <span class='ocrx_word' id='word_1_157' title='bbox 914 2517 1011 2611; x_wconf 92' lang='lat' dir='ltr'><strong>quod</strong></span> <span class='ocrx_word' id='word_1_158' title='bbox 1037 2516 1185 2590; x_wconf 85' lang='lat' dir='ltr'><strong>dicitur‘l</strong></span> <span class='ocrx_word' id='word_1_159' title='bbox 1212 2518 1305 2590; x_wconf 90' lang='lat' dir='ltr'><strong>eritis</strong></span> <span class='ocrx_word' id='word_1_160' title='bbox 1331 2517 1422 2588; x_wconf 89' lang='lat' dir='ltr'><strong>enim</strong></span> <span class='ocrx_word' id='word_1_161' title='bbox 1453 2517 1487 2588; x_wconf 91' lang='lat' dir='ltr'><strong>in</strong></span> <span class='ocrx_word' id='word_1_162' title='bbox 1513 2538 1597 2590; x_wconf 88' lang='lat' dir='ltr'><strong>aere</strong></span> <span class='ocrx_word' id='word_1_163' title='bbox 1623 2518 1769 2610; x_wconf 84' lang='lat' dir='ltr'><strong>loquen-</strong></span> 
     </span>
     <span class='ocr_line' id='line_1_18' title="bbox 291 2629 1770 2732; baseline -0.005 -20"><span class='ocrx_word' id='word_1_164' title='bbox 291 2649 353 2712; x_wconf 88' lang='lat' dir='ltr'><strong>tes.</strong></span> <span class='ocrx_word' id='word_1_165' title='bbox 405 2629 432 2673; x_wconf 77' lang='lat'><strong>⁴⁰</strong></span> <span class='ocrx_word' id='word_1_166' title='bbox 449 2637 533 2708; x_wconf 85' lang='lat' dir='ltr'><strong>Tam</strong></span> <span class='ocrx_word' id='word_1_167' title='bbox 568 2637 673 2710; x_wconf 89' lang='lat' dir='ltr'><strong>multa</strong></span> <span class='ocrx_word' id='word_1_168' title='bbox 703 2647 742 2710; x_wconf 95' lang='lat' dir='ltr'><strong>ut</strong></span> <span class='ocrx_word' id='word_1_169' title='bbox 770 2648 855 2732; x_wconf 92' lang='lat' dir='ltr'><strong>puta</strong></span> <span class='ocrx_word' id='word_1_170' title='bbox 887 2659 1019 2731; x_wconf 81' lang='lat' dir='ltr'><strong>genera</strong></span> <span class='ocrx_word' id='word_1_171' title='bbox 1049 2639 1242 2732; x_wconf 79' lang='lat' dir='ltr'><strong>linguarum</strong></span> <span class='ocrx_word' id='word_1_172' title='bbox 1278 2647 1358 2710; x_wconf 90' lang='lat' dir='ltr'><strong>suut</strong></span> <span class='ocrx_word' id='word_1_173' title='bbox 1386 2637 1421 2710; x_wconf 92' lang='lat' dir='ltr'><strong>in</strong></span> <span class='ocrx_word' id='word_1_174' title='bbox 1446 2637 1594 2722; x_wconf 91' lang='lat' dir='ltr'><strong>mundo,</strong></span> <span class='ocrx_word' id='word_1_175' title='bbox 1630 2646 1667 2710; x_wconf 91' lang='lat' dir='ltr'><strong>et</strong></span> <span class='ocrx_word' id='word_1_176' title='bbox 1690 2635 1770 2708; x_wconf 88' lang='lat' dir='ltr'><strong>nibil</strong></span> 
     </span>
     <span class='ocr_line' id='line_1_19' title="bbox 291 2748 1770 2852; baseline -0.004 -20"><span class='ocrx_word' id='word_1_177' title='bbox 291 2759 366 2832; x_wconf 89' lang='lat' dir='ltr'><strong>sine</strong></span> <span class='ocrx_word' id='word_1_178' title='bbox 399 2779 489 2830; x_wconf 88' lang='lat' dir='ltr'><strong>voce</strong></span> <span class='ocrx_word' id='word_1_179' title='bbox 521 2767 590 2829; x_wconf 88' lang='lat' dir='ltr'><strong>est:</strong></span> <span class='ocrx_word' id='word_1_180' title='bbox 643 2748 663 2792; x_wconf 79' lang='lat'><strong>&#39;¹</strong></span> <span class='ocrx_word' id='word_1_181' title='bbox 684 2757 712 2828; x_wconf 94' lang='lat' dir='ltr'><strong>si</strong></span> <span class='ocrx_word' id='word_1_182' title='bbox 746 2779 832 2852; x_wconf 80' lang='lat' dir='ltr'><strong>ergo</strong></span> <span class='ocrx_word' id='word_1_183' title='bbox 864 2757 1024 2830; x_wconf 87' lang='lat' dir='ltr'><strong>nesciero</strong></span> <span class='ocrx_word' id='word_1_184' title='bbox 1057 2759 1219 2831; x_wconf 76' lang='lat' dir='ltr'><strong>virtmem</strong></span> <span class='ocrx_word' id='word_1_185' title='bbox 1250 2759 1367 2845; x_wconf 88' lang='lat' dir='ltr'><strong>voeis,</strong></span> <span class='ocrx_word' id='word_1_186' title='bbox 1399 2779 1461 2830; x_wconf 89' lang='lat' dir='ltr'><strong>ero</strong></span> <span class='ocrx_word' id='word_1_187' title='bbox 1495 2757 1527 2828; x_wconf 91' lang='lat' dir='ltr'><strong>ei</strong></span> <span class='ocrx_word' id='word_1_188' title='bbox 1559 2758 1614 2829; x_wconf 87' lang='lat' dir='ltr'><strong>oui</strong></span> <span class='ocrx_word' id='word_1_189' title='bbox 1645 2757 1770 2850; x_wconf 87' lang='lat' dir='ltr'><strong>loquor</strong></span> 
     </span>
     <span class='ocr_line' id='line_1_20' title="bbox 290 2873 1769 2970; baseline -0.003 -18"><span class='ocrx_word' id='word_1_190' title='bbox 290 2879 470 2963; x_wconf 86' lang='lat' dir='ltr'><strong>barbarus,</strong></span> <span class='ocrx_word' id='word_1_191' title='bbox 498 2878 617 2970; x_wconf 88' lang='lat' dir='ltr'><strong>etqui</strong></span> <span class='ocrx_word' id='word_1_192' title='bbox 648 2877 799 2970; x_wconf 89' lang='lat' dir='ltr'><strong>loquitur</strong></span> <span class='ocrx_word' id='word_1_193' title='bbox 831 2877 913 2949; x_wconf 90' lang='lat' dir='ltr'><strong>mibi</strong></span> <span class='ocrx_word' id='word_1_194' title='bbox 946 2878 1127 2952; x_wconf 89' lang='lat' dir='ltr'><strong>barbarus.</strong></span> <span class='ocrx_word' id='word_1_195' title='bbox 1180 2873 1206 2919; x_wconf 80' lang='lat'><strong>⁴¹</strong></span> <span class='ocrx_word' id='word_1_196' title='bbox 1218 2879 1274 2950; x_wconf 88' lang='lat' dir='ltr'><strong>Sic</strong></span> <span class='ocrx_word' id='word_1_197' title='bbox 1301 2889 1337 2952; x_wconf 90' lang='lat' dir='ltr'><strong>et</strong></span> <span class='ocrx_word' id='word_1_198' title='bbox 1367 2899 1433 2950; x_wconf 89' lang='lat' dir='ltr'><strong>vos</strong></span> <span class='ocrx_word' id='word_1_199' title='bbox 1458 2878 1620 2970; x_wconf 83' lang='lat' dir='ltr'><strong>quoniam</strong></span> <span class='ocrx_word' id='word_1_200' title='bbox 1647 2899 1769 2952; x_wconf 85' lang='lat' dir='ltr'><strong>aemu-</strong></span> 
     </span>
     <span class='ocr_line' id='line_1_21' title="bbox 291 2997 1768 3092; baseline -0.001 -24"><span class='ocrx_word' id='word_1_201' title='bbox 291 3001 419 3072; x_wconf 83' lang='lat' dir='ltr'><strong>latores</strong></span> <span class='ocrx_word' id='word_1_202' title='bbox 445 2997 528 3069; x_wconf 90' lang='lat' dir='ltr'><strong>estis</strong></span> <span class='ocrx_word' id='word_1_203' title='bbox 554 2997 743 3092; x_wconf 90' lang='lat' dir='ltr'><strong>spirituum,</strong></span> <span class='ocrx_word' id='word_1_204' title='bbox 771 2997 818 3070; x_wconf 85' lang='lat' dir='ltr'><strong>ad</strong></span> <span class='ocrx_word' id='word_1_205' title='bbox 844 2997 1120 3072; x_wconf 84' lang='lat' dir='ltr'><strong>aedificationem</strong></span> <span class='ocrx_word' id='word_1_206' title='bbox 1147 2998 1315 3071; x_wconf 83' lang='lat' dir='ltr'><strong>eeclesiae</strong></span> <span class='ocrx_word' id='word_1_207' title='bbox 1341 2998 1496 3091; x_wconf 87' lang='lat' dir='ltr'><strong>quaerite</strong></span> <span class='ocrx_word' id='word_1_208' title='bbox 1522 3007 1560 3070; x_wconf 92' lang='lat' dir='ltr'><strong>ut</strong></span> <span class='ocrx_word' id='word_1_209' title='bbox 1577 2998 1768 3072; x_wconf 89' lang='lat' dir='ltr'><strong>abundetis.</strong></span> 
     </span>
     <span class='ocr_line' id='line_1_22' title="bbox 291 3106 1875 3213; baseline -0.001 -23"><span class='ocrx_word' id='word_1_210' title='bbox 291 3109 371 3190; x_wconf 76' lang='grc' dir='ltr'><strong>13Ει</strong></span> <span class='ocrx_word' id='word_1_211' title='bbox 396 3116 477 3189; x_wconf 86' lang='lat' dir='ltr'><strong>ideo</strong></span> <span class='ocrx_word' id='word_1_212' title='bbox 504 3117 562 3210; x_wconf 88' lang='lat' dir='ltr'><strong>qui</strong></span> <span class='ocrx_word' id='word_1_213' title='bbox 586 3117 737 3209; x_wconf 85' lang='lat' dir='ltr'><strong>loquitur</strong></span> <span class='ocrx_word' id='word_1_214' title='bbox 760 3116 876 3210; x_wconf 78' lang='lat' dir='ltr'><strong>lingua</strong></span> <span class='ocrx_word' id='word_1_215' title='bbox 902 3129 979 3190; x_wconf 92' lang='lat' dir='ltr'><strong>oret</strong></span> <span class='ocrx_word' id='word_1_216' title='bbox 1004 3129 1042 3190; x_wconf 93' lang='grc' dir='ltr'><strong>ιιι</strong></span> <span class='ocrx_word' id='word_1_217' title='bbox 1066 3119 1317 3213; x_wconf 86' lang='lat' dir='ltr'><strong>interpretetur.</strong></span> <span class='ocrx_word' id='word_1_218' title='bbox 1368 3108 1395 3156; x_wconf 68' lang='lat'><strong>¹⁶</strong></span> <span class='ocrx_word' id='word_1_219' title='bbox 1410 3117 1511 3190; x_wconf 90' lang='lat' dir='ltr'><strong>Nam·</strong></span> <span class='ocrx_word' id='word_1_220' title='bbox 1525 3119 1555 3190; x_wconf 88' lang='lat' dir='ltr'><strong>si</strong></span> <span class='ocrx_word' id='word_1_221' title='bbox 1581 3106 1677 3192; x_wconf 85' lang='lat' dir='ltr'><strong>orem</strong></span> <span class='ocrx_word' id='word_1_222' title='bbox 1704 3117 1768 3188; x_wconf 89' lang='lat' dir='ltr'><strong>lin-</strong></span> <span class='ocrx_word' id='word_1_223' title='bbox 1874 3155 1875 3160; x_wconf 62' lang='lat'><em>=</em></span> 
     </span>
     <span class='ocr_line' id='line_1_23' title="bbox 292 3231 1768 3332; baseline -0.002 -22"><span class='ocrx_word' id='word_1_224' title='bbox 292 3259 370 3332; x_wconf 76' lang='lat' dir='ltr'><strong>goa,</strong></span> <span class='ocrx_word' id='word_1_225' title='bbox 396 3236 534 3331; x_wconf 91' lang='lat' dir='ltr'><strong>spiritus</strong></span> <span class='ocrx_word' id='word_1_226' title='bbox 560 3256 660 3308; x_wconf 87' lang='lat' dir='ltr'><strong>meus</strong></span> <span class='ocrx_word' id='word_1_227' title='bbox 686 3246 771 3322; x_wconf 90' lang='lat' dir='ltr'><strong>orat,</strong></span> <span class='ocrx_word' id='word_1_228' title='bbox 798 3257 896 3309; x_wconf 91' lang='lat' dir='ltr'><strong>mens</strong></span> <span class='ocrx_word' id='word_1_229' title='bbox 922 3247 1038 3312; x_wconf 88' lang='lat' dir='ltr'><strong>autem</strong></span> <span class='ocrx_word' id='word_1_230' title='bbox 1064 3259 1144 3310; x_wconf 87' lang='lat' dir='ltr'><strong>msa</strong></span> <span class='ocrx_word' id='word_1_231' title='bbox 1170 3237 1245 3310; x_wconf 88' lang='lat' dir='ltr'><strong>sine</strong></span> <span class='ocrx_word' id='word_1_232' title='bbox 1270 3237 1381 3310; x_wconf 86' lang='lat' dir='ltr'><strong>lruetu</strong></span> <span class='ocrx_word' id='word_1_233' title='bbox 1406 3245 1468 3310; x_wconf 90' lang='lat' dir='ltr'><strong>est.</strong></span> <span class='ocrx_word' id='word_1_234' title='bbox 1520 3231 1548 3278; x_wconf 82' lang='lat'><strong>⁴⁵</strong></span> <span class='ocrx_word' id='word_1_235' title='bbox 1566 3237 1656 3324; x_wconf 90' lang='lat' dir='ltr'><strong>Quid</strong></span> <span class='ocrx_word' id='word_1_236' title='bbox 1682 3257 1768 3329; x_wconf 79' lang='lat' dir='ltr'><strong>ergo</strong></span> 
     </span>
     <span class='ocr_line' id='line_1_24' title="bbox 292 3351 1767 3453; baseline -0.002 -23"><span class='ocrx_word' id='word_1_237' title='bbox 292 3359 372 3430; x_wconf 89' lang='lat' dir='ltr'><strong>est‘l</strong></span> <span class='ocrx_word' id='word_1_238' title='bbox 399 3357 510 3430; x_wconf 89' lang='lat' dir='ltr'><strong>orabo</strong></span> <span class='ocrx_word' id='word_1_239' title='bbox 536 3356 664 3451; x_wconf 90' lang='lat' dir='ltr'><strong>spiritu,</strong></span> <span class='ocrx_word' id='word_1_240' title='bbox 692 3358 803 3430; x_wconf 86' lang='lat' dir='ltr'><strong>orabo</strong></span> <span class='ocrx_word' id='word_1_241' title='bbox 830 3367 866 3428; x_wconf 90' lang='lat' dir='ltr'><strong>et</strong></span> <span class='ocrx_word' id='word_1_242' title='bbox 890 3367 1021 3444; x_wconf 88' lang='lat' dir='ltr'><strong>mente;</strong></span> <span class='ocrx_word' id='word_1_243' title='bbox 1049 3359 1194 3452; x_wconf 88' lang='lat' dir='ltr'><strong>psallam</strong></span> <span class='ocrx_word' id='word_1_244' title='bbox 1220 3358 1356 3452; x_wconf 87' lang='lat' dir='ltr'><strong>spiritu,</strong></span> <span class='ocrx_word' id='word_1_245' title='bbox 1391 3357 1536 3453; x_wconf 89' lang='lat' dir='ltr'><strong>psallam</strong></span> <span class='ocrx_word' id='word_1_246' title='bbox 1562 3351 1617 3430; x_wconf 88' lang='lat' dir='ltr'><strong>&#39;et</strong></span> <span class='ocrx_word' id='word_1_247' title='bbox 1641 3367 1767 3430; x_wconf 89' lang='lat' dir='ltr'><strong>mente.</strong></span> 
     </span>
     <span class='ocr_line' id='line_1_25' title="bbox 291 3469 1768 3572; baseline -0.001 -22"><span class='ocrx_word' id='word_1_248' title='bbox 291 3469 318 3516; x_wconf 78' lang='lat'><strong>¹⁶</strong></span> <span class='ocrx_word' id='word_1_249' title='bbox 334 3477 492 3550; x_wconf 88' lang='lat' dir='ltr'><strong>Ceterum</strong></span> <span class='ocrx_word' id='word_1_250' title='bbox 524 3477 553 3548; x_wconf 90' lang='lat' dir='ltr'><strong>si</strong></span> <span class='ocrx_word' id='word_1_251' title='bbox 583 3475 808 3550; x_wconf 86' lang='lat' dir='ltr'><strong>benedixeris</strong></span> <span class='ocrx_word' id='word_1_252' title='bbox 841 3477 978 3571; x_wconf 89' lang='lat' dir='ltr'><strong>spiritu,</strong></span> <span class='ocrx_word' id='word_1_253' title='bbox 1012 3478 1089 3572; x_wconf 87' lang='lat' dir='ltr'><strong>quis</strong></span> <span class='ocrx_word' id='word_1_254' title='bbox 1116 3479 1254 3572; x_wconf 86' lang='lat' dir='ltr'><strong>supplet</strong></span> <span class='ocrx_word' id='word_1_255' title='bbox 1277 3479 1393 3551; x_wconf 87' lang='lat' dir='ltr'><strong>locum</strong></span> <span class='ocrx_word' id='word_1_256' title='bbox 1418 3477 1562 3564; x_wconf 90' lang='lat' dir='ltr'><strong>idiotae,</strong></span> <span class='ocrx_word' id='word_1_257' title='bbox 1590 3475 1768 3572; x_wconf 87' lang='lat' dir='ltr'><strong>quomodo</strong></span> 
     </span>
     <span class='ocr_line' id='line_1_26' title="bbox 292 3591 1767 3692; baseline -0.001 -20"><span class='ocrx_word' id='word_1_258' title='bbox 292 3598 384 3672; x_wconf 89' lang='lat' dir='ltr'><strong>dioet</strong></span> <span class='ocrx_word' id='word_1_259' title='bbox 407 3595 521 3670; x_wconf 78' lang='lat' dir='ltr'><strong>Amen</strong></span> <span class='ocrx_word' id='word_1_260' title='bbox 538 3619 643 3692; x_wconf 87' lang='lat' dir='ltr'><strong>super</strong></span> <span class='ocrx_word' id='word_1_261' title='bbox 660 3607 753 3670; x_wconf 90' lang='lat' dir='ltr'><strong>tuam</strong></span> <span class='ocrx_word' id='word_1_262' title='bbox 770 3597 1075 3670; x_wconf 77' lang='lat' dir='ltr'><strong>benedictionem?</strong></span> <span class='ocrx_word' id='word_1_263' title='bbox 1102 3599 1266 3692; x_wconf 82' lang='lat' dir='ltr'><strong>quoniam</strong></span> <span class='ocrx_word' id='word_1_264' title='bbox 1284 3599 1367 3692; x_wconf 90' lang='lat' dir='ltr'><strong>quid</strong></span> <span class='ocrx_word' id='word_1_265' title='bbox 1384 3599 1482 3672; x_wconf 79' lang='lat' dir='ltr'><strong>dicas</strong></span> <span class='ocrx_word' id='word_1_266' title='bbox 1497 3599 1623 3672; x_wconf 83' lang='lat' dir='ltr'><strong>nescit:</strong></span> <span class='ocrx_word' id='word_1_267' title='bbox 1649 3591 1675 3636; x_wconf 79' lang='lat'><strong>⁴⁷</strong></span> <span class='ocrx_word' id='word_1_268' title='bbox 1687 3619 1767 3670; x_wconf 87' lang='lat' dir='ltr'><strong>nam</strong></span> 
     </span>
     <span class='ocr_line' id='line_1_27' title="bbox 291 3711 1767 3812; baseline 0.001 -22"><span class='ocrx_word' id='word_1_269' title='bbox 291 3713 493 3811; x_wconf 82' lang='lat' dir='ltr'><strong>tequidem</strong></span> <span class='ocrx_word' id='word_1_270' title='bbox 526 3719 620 3791; x_wconf 88' lang='lat' dir='ltr'><strong>bene</strong></span> <span class='ocrx_word' id='word_1_271' title='bbox 645 3719 776 3812; x_wconf 81' lang='lat' dir='ltr'><strong>gratias</strong></span> <span class='ocrx_word' id='word_1_272' title='bbox 808 3718 900 3812; x_wconf 75' lang='lat' dir='ltr'><strong>ogis,</strong></span> <span class='ocrx_word' id='word_1_273' title='bbox 935 3717 999 3792; x_wconf 90' lang='lat' dir='ltr'><strong>sed</strong></span> <span class='ocrx_word' id='word_1_274' title='bbox 1025 3718 1111 3790; x_wconf 89' lang='lat' dir='ltr'><strong>alter</strong></span> <span class='ocrx_word' id='word_1_275' title='bbox 1136 3739 1206 3792; x_wconf 91' lang='lat' dir='ltr'><strong>non</strong></span> <span class='ocrx_word' id='word_1_276' title='bbox 1232 3719 1443 3794; x_wconf 85' lang='lat' dir='ltr'><strong>aedificatur.</strong></span> <span class='ocrx_word' id='word_1_277' title='bbox 1495 3711 1522 3757; x_wconf 77' lang='lat'><strong>¹⁸</strong></span> <span class='ocrx_word' id='word_1_278' title='bbox 1539 3719 1673 3792; x_wconf 89' lang='lat' dir='ltr'><strong>Gratias</strong></span> <span class='ocrx_word' id='word_1_279' title='bbox 1699 3741 1767 3811; x_wconf 83' lang='lat' dir='ltr'><strong>ago</strong></span> 
     </span>
     <span class='ocr_line' id='line_1_28' title="bbox 291 3833 1796 3934; baseline 0.003 -26"><span class='ocrx_word' id='word_1_280' title='bbox 291 3836 360 3909; x_wconf 89' lang='lat' dir='ltr'><strong>deo</strong></span> <span class='ocrx_word' id='word_1_281' title='bbox 386 3857 467 3910; x_wconf 90' lang='lat' dir='ltr'><strong>meo</strong></span> <span class='ocrx_word' id='word_1_282' title='bbox 500 3839 596 3932; x_wconf 84' lang='lat' dir='ltr'><strong>quod</strong></span> <span class='ocrx_word' id='word_1_283' title='bbox 630 3837 781 3910; x_wconf 88' lang='lat' dir='ltr'><strong>omnium</strong></span> <span class='ocrx_word' id='word_1_284' title='bbox 813 3848 967 3911; x_wconf 88' lang='lat' dir='ltr'><strong>vestrum</strong></span> <span class='ocrx_word' id='word_1_285' title='bbox 992 3838 1108 3932; x_wconf 78' lang='lat' dir='ltr'><strong>lingna</strong></span> <span class='ocrx_word' id='word_1_286' title='bbox 1139 3839 1281 3934; x_wconf 89' lang='lat' dir='ltr'><strong>loquor:</strong></span> <span class='ocrx_word' id='word_1_287' title='bbox 1324 3833 1351 3878; x_wconf 79' lang='lat'><strong>¹⁹</strong></span> <span class='ocrx_word' id='word_1_288' title='bbox 1363 3839 1428 3914; x_wconf 91' lang='lat' dir='ltr'><strong>sed</strong></span> <span class='ocrx_word' id='word_1_289' title='bbox 1453 3841 1488 3914; x_wconf 94' lang='lat' dir='ltr'><strong>in</strong></span> <span class='ocrx_word' id='word_1_290' title='bbox 1514 3840 1660 3913; x_wconf 84' lang='lat' dir='ltr'><strong>eeclesia</strong></span> <span class='ocrx_word' id='word_1_291' title='bbox 1686 3835 1796 3912; x_wconf 77' lang='lat' dir='ltr'><strong>volo‘</strong></span> 
     </span>
     <span class='ocr_line' id='line_1_29' title="bbox 289 3957 1767 4056; baseline 0 -26"><span class='ocrx_word' id='word_1_292' title='bbox 289 3957 441 4052; x_wconf 80' lang='lat' dir='ltr'><strong>qmnane</strong></span> <span class='ocrx_word' id='word_1_293' title='bbox 465 3958 575 4030; x_wconf 87' lang='lat' dir='ltr'><strong>verba</strong></span> <span class='ocrx_word' id='word_1_294' title='bbox 601 3979 706 4030; x_wconf 90' lang='lat' dir='ltr'><strong>sensu</strong></span> <span class='ocrx_word' id='word_1_295' title='bbox 731 3981 812 4032; x_wconf 88' lang='lat' dir='ltr'><strong>meo</strong></span> <span class='ocrx_word' id='word_1_296' title='bbox 837 3959 947 4052; x_wconf 89' lang='lat' dir='ltr'><strong>loqui,</strong></span> <span class='ocrx_word' id='word_1_297' title='bbox 980 3965 1018 4031; x_wconf 91' lang='lat' dir='ltr'><strong>ut</strong></span> <span class='ocrx_word' id='word_1_298' title='bbox 1044 3967 1079 4030; x_wconf 90' lang='lat' dir='ltr'><strong>et</strong></span> <span class='ocrx_word' id='word_1_299' title='bbox 1105 3959 1192 4032; x_wconf 88' lang='lat' dir='ltr'><strong>ahos</strong></span> <span class='ocrx_word' id='word_1_300' title='bbox 1217 3961 1393 4048; x_wconf 89' lang='lat' dir='ltr'><strong>instruam,</strong></span> <span class='ocrx_word' id='word_1_301' title='bbox 1420 3983 1525 4056; x_wconf 89' lang='lat' dir='ltr'><strong>quam</strong></span> <span class='ocrx_word' id='word_1_302' title='bbox 1552 3961 1675 4034; x_wconf 85' lang='lat' dir='ltr'><strong>decem</strong></span> <span class='ocrx_word' id='word_1_303' title='bbox 1701 3960 1767 4032; x_wconf 90' lang='lat' dir='ltr'><strong>mi·</strong></span> 
     </span>
     <span class='ocr_line' id='line_1_30' title="bbox 290 4060 1767 4174; baseline 0.003 -24"><span class='ocrx_word' id='word_1_304' title='bbox 290 4079 334 4150; x_wconf 90' lang='lat' dir='ltr'><strong>lia</strong></span> <span class='ocrx_word' id='word_1_305' title='bbox 358 4079 544 4152; x_wconf 84' lang='lat' dir='ltr'><strong>verborum</strong></span> <span class='ocrx_word' id='word_1_306' title='bbox 570 4079 605 4150; x_wconf 92' lang='lat' dir='ltr'><strong>in</strong></span> <span class='ocrx_word' id='word_1_307' title='bbox 630 4079 754 4172; x_wconf 79' lang='lat' dir='ltr'><strong>lingua</strong></span> <span class='ocrx_word' id='word_1_308' title='bbox 806 4071 833 4118; x_wconf 76' lang='lat'><strong>²⁰</strong></span> <span class='ocrx_word' id='word_1_309' title='bbox 848 4060 996 4165; x_wconf 76' lang='lat' dir='ltr'><strong>Fratres,</strong></span> <span class='ocrx_word' id='word_1_310' title='bbox 1021 4079 1127 4152; x_wconf 84' lang='lat' dir='ltr'><strong>nolite</strong></span> <span class='ocrx_word' id='word_1_311' title='bbox 1150 4080 1249 4174; x_wconf 90' lang='lat' dir='ltr'><strong>pueri</strong></span> <span class='ocrx_word' id='word_1_312' title='bbox 1275 4080 1364 4154; x_wconf 87' lang='lat' dir='ltr'><strong>effici</strong></span> <span class='ocrx_word' id='word_1_313' title='bbox 1389 4082 1565 4168; x_wconf 91' lang='lat' dir='ltr'><strong>sensibus,</strong></span> <span class='ocrx_word' id='word_1_314' title='bbox 1600 4082 1665 4155; x_wconf 93' lang='lat' dir='ltr'><strong>sed</strong></span> <span class='ocrx_word' id='word_1_315' title='bbox 1691 4102 1767 4154; x_wconf 92' lang='lat' dir='ltr'><strong>ma·</strong></span> 
     </span>
     <span class='ocr_line' id='line_1_31' title="bbox 289 4195 1768 4296; baseline 0.003 -26"><span class='ocrx_word' id='word_1_316' title='bbox 289 4199 359 4270; x_wconf 90' lang='lat' dir='ltr'><strong>litia</strong></span> <span class='ocrx_word' id='word_1_317' title='bbox 384 4200 516 4293; x_wconf 87' lang='lat' dir='ltr'><strong>parvuli</strong></span> <span class='ocrx_word' id='word_1_318' title='bbox 547 4209 675 4285; x_wconf 86' lang='lat' dir='ltr'><strong>estote,</strong></span> <span class='ocrx_word' id='word_1_319' title='bbox 708 4200 868 4273; x_wconf 88' lang='lat' dir='ltr'><strong>sensibus</strong></span> <span class='ocrx_word' id='word_1_320' title='bbox 903 4210 1020 4274; x_wconf 88' lang='lat' dir='ltr'><strong>autem</strong></span> <span class='ocrx_word' id='word_1_321' title='bbox 1053 4200 1196 4294; x_wconf 80' lang='lat' dir='ltr'><strong>perlecti</strong></span> <span class='ocrx_word' id='word_1_322' title='bbox 1223 4211 1344 4276; x_wconf 87' lang='lat' dir='ltr'><strong>estote.</strong></span> <span class='ocrx_word' id='word_1_323' title='bbox 1394 4195 1418 4240; x_wconf 77' lang='lat'><strong>²⁴</strong></span> <span class='ocrx_word' id='word_1_324' title='bbox 1437 4203 1474 4274; x_wconf 92' lang='lat' dir='ltr'><strong>lu</strong></span> <span class='ocrx_word' id='word_1_325' title='bbox 1499 4203 1579 4296; x_wconf 78' lang='lat' dir='ltr'><strong>lege</strong></span> <span class='ocrx_word' id='word_1_326' title='bbox 1604 4201 1768 4296; x_wconf 88' lang='lat' dir='ltr'><strong>seriptum</strong></span> 
     </span>
     <span class='ocr_line' id='line_1_32' title="bbox 291 4319 1768 4418; baseline 0.001 -28"><span class='ocrx_word' id='word_1_327' title='bbox 291 4328 346 4390; x_wconf 89' lang='lat' dir='ltr'><strong>est</strong></span> <span class='ocrx_word' id='word_1_328' title='bbox 370 4319 532 4412; x_wconf 86' lang='lat' dir='ltr'><strong>quoniam</strong></span> <span class='ocrx_word' id='word_1_329' title='bbox 557 4321 593 4390; x_wconf 92' lang='lat' dir='ltr'><strong>in</strong></span> <span class='ocrx_word' id='word_1_330' title='bbox 618 4319 692 4392; x_wconf 89' lang='lat' dir='ltr'><strong>aliis</strong></span> <span class='ocrx_word' id='word_1_331' title='bbox 718 4321 840 4414; x_wconf 78' lang='lat' dir='ltr'><strong>linguis</strong></span> <span class='ocrx_word' id='word_1_332' title='bbox 866 4331 901 4394; x_wconf 93' lang='lat' dir='ltr'><strong>et</strong></span> <span class='ocrx_word' id='word_1_333' title='bbox 925 4321 1024 4394; x_wconf 90' lang='lat' dir='ltr'><strong>labiis</strong></span> <span class='ocrx_word' id='word_1_334' title='bbox 1052 4321 1126 4394; x_wconf 87' lang='lat' dir='ltr'><strong>aliis</strong></span> <span class='ocrx_word' id='word_1_335' title='bbox 1151 4323 1273 4417; x_wconf 80' lang='lat' dir='ltr'><strong>lotprar</strong></span> <span class='ocrx_word' id='word_1_336' title='bbox 1297 4323 1427 4418; x_wconf 83' lang='lat' dir='ltr'><strong>popido</strong></span> <span class='ocrx_word' id='word_1_337' title='bbox 1455 4323 1542 4408; x_wconf 87' lang='lat' dir='ltr'><strong>huie,</strong></span> <span class='ocrx_word' id='word_1_338' title='bbox 1569 4331 1606 4394; x_wconf 91' lang='lat' dir='ltr'><strong>et</strong></span> <span class='ocrx_word' id='word_1_339' title='bbox 1629 4341 1695 4393; x_wconf 90' lang='lat' dir='ltr'><strong>nec</strong></span> <span class='ocrx_word' id='word_1_340' title='bbox 1719 4320 1768 4392; x_wconf 88' lang='lat' dir='ltr'><strong>sic</strong></span> 
     </span>
     <span class='ocr_line' id='line_1_33' title="bbox 291 4433 1767 4536; baseline 0.001 -26"><span class='ocrx_word' id='word_1_341' title='bbox 291 4438 478 4510; x_wconf 89' lang='lat' dir='ltr'><strong>exaudient</strong></span> <span class='ocrx_word' id='word_1_342' title='bbox 503 4461 570 4525; x_wconf 90' lang='lat' dir='ltr'><strong>me,</strong></span> <span class='ocrx_word' id='word_1_343' title='bbox 597 4439 679 4512; x_wconf 87' lang='lat' dir='ltr'><strong>dicit</strong></span> <span class='ocrx_word' id='word_1_344' title='bbox 700 4440 873 4513; x_wconf 77' lang='lat' dir='ltr'><strong>dominus.</strong></span> <span class='ocrx_word' id='word_1_345' title='bbox 924 4433 1081 4535; x_wconf 75' lang='lat' dir='ltr'><strong>”ltaque</strong></span> <span class='ocrx_word' id='word_1_346' title='bbox 1098 4442 1236 4536; x_wconf 78' lang='lat' dir='ltr'><strong>linguae</strong></span> <span class='ocrx_word' id='word_1_347' title='bbox 1262 4443 1297 4514; x_wconf 91' lang='lat' dir='ltr'><strong>in</strong></span> <span class='ocrx_word' id='word_1_348' title='bbox 1324 4438 1479 4535; x_wconf 75' lang='lat' dir='ltr'><strong>&#39;siguum</strong></span> <span class='ocrx_word' id='word_1_349' title='bbox 1496 4452 1575 4514; x_wconf 89' lang='lat' dir='ltr'><strong>sunt</strong></span> <span class='ocrx_word' id='word_1_350' title='bbox 1590 4463 1660 4514; x_wconf 92' lang='lat' dir='ltr'><strong>non</strong></span> <span class='ocrx_word' id='word_1_351' title='bbox 1678 4440 1767 4514; x_wconf 87' lang='lat' dir='ltr'><strong>fide·</strong></span> 
     </span>
     <span class='ocr_line' id='line_1_34' title="bbox 290 4543 1766 4655; baseline 0.001 -27"><span class='ocrx_word' id='word_1_352' title='bbox 290 4559 379 4630; x_wconf 93' lang='lat' dir='ltr'><strong>libus</strong></span> <span class='ocrx_word' id='word_1_353' title='bbox 410 4559 475 4632; x_wconf 87' lang='lat' dir='ltr'><strong>sed</strong></span> <span class='ocrx_word' id='word_1_354' title='bbox 510 4559 720 4646; x_wconf 88' lang='lat' dir='ltr'><strong>infidelibus,</strong></span> <span class='ocrx_word' id='word_1_355' title='bbox 759 4561 963 4655; x_wconf 87' lang='lat' dir='ltr'><strong>prophetiae</strong></span> <span class='ocrx_word' id='word_1_356' title='bbox 997 4571 1112 4634; x_wconf 89' lang='lat' dir='ltr'><strong>autem</strong></span> <span class='ocrx_word' id='word_1_357' title='bbox 1151 4585 1222 4635; x_wconf 90' lang='lat' dir='ltr'><strong>non</strong></span> <span class='ocrx_word' id='word_1_358' title='bbox 1260 4561 1452 4636; x_wconf 87' lang='lat' dir='ltr'><strong>infidehhus</strong></span> <span class='ocrx_word' id='word_1_359' title='bbox 1493 4543 1558 4636; x_wconf 81' lang='lat' dir='ltr'><strong>sod</strong></span> <span class='ocrx_word' id='word_1_360' title='bbox 1597 4562 1766 4634; x_wconf 85' lang='lat' dir='ltr'><strong>fidelibus.</strong></span> 
     </span>
     <span class='ocr_line' id='line_1_35' title="bbox 289 4671 1767 4776; baseline 0.003 -26"><span class='ocrx_word' id='word_1_361' title='bbox 289 4671 364 4750; x_wconf 76' lang='lat' dir='ltr'><strong>⁹³Si</strong></span> <span class='ocrx_word' id='word_1_362' title='bbox 389 4699 476 4773; x_wconf 81' lang='lat' dir='ltr'><strong>ergo</strong></span> <span class='ocrx_word' id='word_1_363' title='bbox 502 4681 868 4754; x_wconf 82' lang='lat' dir='ltr'><strong>conveniat&#39;universa</strong></span> <span class='ocrx_word' id='word_1_364' title='bbox 895 4682 1040 4755; x_wconf 82' lang='lat' dir='ltr'><strong>eeclesia</strong></span> <span class='ocrx_word' id='word_1_365' title='bbox 1065 4683 1098 4753; x_wconf 92' lang='lat' dir='ltr'><strong>in</strong></span> <span class='ocrx_word' id='word_1_366' title='bbox 1125 4705 1230 4754; x_wconf 91' lang='lat' dir='ltr'><strong>unum</strong></span> <span class='ocrx_word' id='word_1_367' title='bbox 1256 4693 1292 4754; x_wconf 87' lang='lat' dir='ltr'><strong>et</strong></span> <span class='ocrx_word' id='word_1_368' title='bbox 1320 4677 1450 4754; x_wconf 90' lang='lat' dir='ltr'><strong>&#39;omnis</strong></span> <span class='ocrx_word' id='word_1_369' title='bbox 1475 4683 1598 4776; x_wconf 75' lang='lat' dir='ltr'><strong>hugus</strong></span> <span class='ocrx_word' id='word_1_370' title='bbox 1620 4685 1767 4776; x_wconf 85' lang='lat' dir='ltr'><strong>loquan-</strong></span> 
     </span>
     <span class='ocr_line' id='line_1_36' title="bbox 290 4799 1767 4896; baseline 0.002 -26"><span class='ocrx_word' id='word_1_371' title='bbox 290 4807 353 4884; x_wconf 80' lang='grc' dir='ltr'>ιιι,</span> <span class='ocrx_word' id='word_1_372' title='bbox 379 4799 504 4873; x_wconf 92' lang='lat' dir='ltr'><strong>intrent</strong></span> <span class='ocrx_word' id='word_1_373' title='bbox 529 4813 643 4875; x_wconf 90' lang='lat' dir='ltr'><strong>autem</strong></span> <span class='ocrx_word' id='word_1_374' title='bbox 678 4811 714 4874; x_wconf 87' lang='lat' dir='ltr'><strong>et</strong></span> <span class='ocrx_word' id='word_1_375' title='bbox 738 4801 868 4874; x_wconf 89' lang='lat' dir='ltr'><strong>idiotae</strong></span> <span class='ocrx_word' id='word_1_376' title='bbox 893 4813 952 4874; x_wconf 90' lang='lat' dir='ltr'><strong>aot</strong></span> <span class='ocrx_word' id='word_1_377' title='bbox 982 4799 1156 4888; x_wconf 87' lang='lat' dir='ltr'><strong>infideles,</strong></span> <span class='ocrx_word' id='word_1_378' title='bbox 1185 4821 1300 4874; x_wconf 90' lang='lat' dir='ltr'><strong>nonne</strong></span> <span class='ocrx_word' id='word_1_379' title='bbox 1326 4801 1442 4874; x_wconf 83' lang='lat' dir='ltr'><strong>dicent</strong></span> <span class='ocrx_word' id='word_1_380' title='bbox 1467 4803 1563 4896; x_wconf 90' lang='lat' dir='ltr'><strong>quod</strong></span> <span class='ocrx_word' id='word_1_381' title='bbox 1587 4801 1767 4875; x_wconf 79' lang='lat' dir='ltr'><strong>insanitis?</strong></span> 
     </span>
     <span class='ocr_line' id='line_1_37' title="bbox 290 4908 1766 5018; baseline 0.001 -28"><span class='ocrx_word' id='word_1_382' title='bbox 290 4908 316 4956; x_wconf 72' lang='lat'><strong>’⁴</strong></span> <span class='ocrx_word' id='word_1_383' title='bbox 329 4919 364 4990; x_wconf 91' lang='lat' dir='ltr'><strong>Si</strong></span> <span class='ocrx_word' id='word_1_384' title='bbox 390 4929 505 4992; x_wconf 87' lang='lat' dir='ltr'><strong>autem</strong></span> <span class='ocrx_word' id='word_1_385' title='bbox 532 4943 655 4994; x_wconf 89' lang='lat' dir='ltr'><strong>omnes</strong></span> <span class='ocrx_word' id='word_1_386' title='bbox 682 4923 898 5018; x_wconf 86' lang='lat' dir='ltr'><strong>prophetent,</strong></span> <span class='ocrx_word' id='word_1_387' title='bbox 923 4922 1025 4994; x_wconf 89' lang='lat' dir='ltr'><strong>intret</strong></span> <span class='ocrx_word' id='word_1_388' title='bbox 1049 4927 1163 4994; x_wconf 88' lang='lat' dir='ltr'><strong>autem</strong></span> <span class='ocrx_word' id='word_1_389' title='bbox 1191 4923 1267 5016; x_wconf 88' lang='lat' dir='ltr'><strong>quis</strong></span> <span class='ocrx_word' id='word_1_390' title='bbox 1292 4921 1439 4998; x_wconf 89' lang='lat' dir='ltr'><strong>infidelis</strong></span> <span class='ocrx_word' id='word_1_391' title='bbox 1464 4925 1521 4998; x_wconf 87' lang='lat' dir='ltr'><strong>vel</strong></span> <span class='ocrx_word' id='word_1_392' title='bbox 1537 4923 1653 5008; x_wconf 89' lang='lat' dir='ltr'><strong>idiota,</strong></span> <span class='ocrx_word' id='word_1_393' title='bbox 1681 4943 1766 4994; x_wconf 90' lang='lat' dir='ltr'><strong>oon-</strong></span> 
     </span>
     <span class='ocr_line' id='line_1_38' title="bbox 291 5035 1766 5129; baseline 0.005 -21"><span class='ocrx_word' id='word_1_394' title='bbox 291 5037 435 5111; x_wconf 88' lang='lat' dir='ltr'><strong>vincitur</strong></span> <span class='ocrx_word' id='word_1_395' title='bbox 460 5041 505 5114; x_wconf 92' lang='lat' dir='ltr'><strong>ab</strong></span> <span class='ocrx_word' id='word_1_396' title='bbox 533 5043 700 5129; x_wconf 90' lang='lat' dir='ltr'><strong>omnibus,</strong></span> <span class='ocrx_word' id='word_1_397' title='bbox 728 5042 931 5117; x_wconf 82' lang='lat' dir='ltr'><strong>diiudicatur</strong></span> <span class='ocrx_word' id='word_1_398' title='bbox 957 5041 1003 5114; x_wconf 91' lang='lat' dir='ltr'><strong>ab</strong></span> <span class='ocrx_word' id='word_1_399' title='bbox 1030 5043 1203 5128; x_wconf 90' lang='lat' dir='ltr'><strong>omnibus,</strong></span> <span class='ocrx_word' id='word_1_400' title='bbox 1247 5035 1274 5080; x_wconf 75' lang='lat'><strong>¹⁵</strong></span> <span class='ocrx_word' id='word_1_401' title='bbox 1287 5045 1420 5120; x_wconf 86' lang='lat' dir='ltr'><strong>oeoulta</strong></span> <span class='ocrx_word' id='word_1_402' title='bbox 1448 5047 1564 5120; x_wconf 84' lang='lat' dir='ltr'><strong>cordis</strong></span> <span class='ocrx_word' id='word_1_403' title='bbox 1590 5045 1663 5118; x_wconf 87' lang='lat' dir='ltr'><strong>eins</strong></span> <span class='ocrx_word' id='word_1_404' title='bbox 1690 5064 1766 5115; x_wconf 87' lang='lat' dir='ltr'><strong>ma-</strong></span> 
     </span>
    </p>
   </div>
   <div class='ocr_carea' id='block_1_5' title="bbox 290 5158 1765 5368">
    <p class='ocr_par' dir='ltr' id='par_1_5' title="bbox 290 5158 1765 5368">
     <span class='ocr_line' id='line_1_39' title="bbox 290 5158 1765 5262; baseline 0.003 -32"><span class='ocrx_word' id='word_1_405' title='bbox 290 5158 412 5232; x_wconf 80' lang='lat' dir='ltr'><strong>nifesta</strong></span> <span class='ocrx_word' id='word_1_406' title='bbox 438 5160 536 5248; x_wconf 88' lang='lat' dir='ltr'><strong>liunt,</strong></span> <span class='ocrx_word' id='word_1_407' title='bbox 576 5173 611 5236; x_wconf 89' lang='lat' dir='ltr'><strong>et</strong></span> <span class='ocrx_word' id='word_1_408' title='bbox 644 5164 690 5237; x_wconf 90' lang='lat' dir='ltr'><strong>ita</strong></span> <span class='ocrx_word' id='word_1_409' title='bbox 716 5165 845 5238; x_wconf 85' lang='lat' dir='ltr'><strong>cadens</strong></span> <span class='ocrx_word' id='word_1_410' title='bbox 878 5165 911 5235; x_wconf 93' lang='lat' dir='ltr'><strong>in</strong></span> <span class='ocrx_word' id='word_1_411' title='bbox 944 5161 1065 5235; x_wconf 79' lang='lat' dir='ltr'><strong>faeiem</strong></span> <span class='ocrx_word' id='word_1_412' title='bbox 1092 5163 1251 5238; x_wconf 85' lang='lat' dir='ltr'><strong>adoravit</strong></span> <span class='ocrx_word' id='word_1_413' title='bbox 1276 5165 1396 5253; x_wconf 90' lang='lat' dir='ltr'><strong>deum,</strong></span> <span class='ocrx_word' id='word_1_414' title='bbox 1423 5167 1645 5262; x_wconf 89' lang='lat' dir='ltr'><strong>pronuntians</strong></span> <span class='ocrx_word' id='word_1_415' title='bbox 1672 5163 1765 5258; x_wconf 88' lang='lat' dir='ltr'><strong>quod</strong></span> 
     </span>
     <span class='ocr_line' id='line_1_40' title="bbox 903 5283 1198 5368; baseline 0 -10"><span class='ocrx_word' id='word_1_416' title='bbox 903 5283 983 5368; x_wconf 85' lang='lat' dir='ltr'><strong>xlv,</strong></span> <span class='ocrx_word' id='word_1_417' title='bbox 1014 5287 1028 5354; x_wconf 89' lang='lat' dir='ltr'><strong>t</strong></span> <span class='ocrx_word' id='word_1_418' title='bbox 1061 5323 1112 5338; x_wconf 93' lang='lat'><em>-</em></span> <span class='ocrx_word' id='word_1_419' title='bbox 1138 5288 1198 5360; x_wconf 77' lang='lat'><strong>25.</strong></span> 
     </span>
    </p>
   </div>
   <div class='ocr_carea' id='block_1_6' title="bbox 0 0 2116 6116">
    <p class='ocr_par' dir='ltr' id='par_1_6' title="bbox 0 0 2116 6116">
     <span class='ocr_line' id='line_1_41' title="bbox 0 0 2116 6116; baseline 0 0"><span class='ocrx_word' id='word_1_420' title='bbox 0 0 2116 6116; x_wconf 95' lang='lat' dir='ltr'><strong> </strong></span> 
     </span>
    </p>
   </div>
  </div>
 </body>
</html>
