4146 6120
798 323 979 389 arrarum
1006 327 1115 388 raam
1141 327 1161 388 1.
1650 320 1723 400 att

247 431 416 439 -----—-----
422 430 439 437 --
664 427 1027 438 -n---a---ae——o--u—-u--a

239 531 320 600 mini
347 549 452 622 super
478 529 643 600 lacientes
671 528 769 599 mala.
811 520 897 608 'illl
912 529 989 622 quis
1014 538 1069 600 εει
1091 527 1149 621 qui
1172 524 1273 598 vobis
1291 538 1426 613 noceat,
1454 531 1483 600 si
1501 531 1584 603 boni
1603 511 1726 605 aemu-

239 651 367 721 latores
393 646 548 718 fueritis?
601 637 711 720 ¹*Sed
737 647 828 718 etsi
855 647 936 740 'qnid
965 647 1117 741 patimini
1144 656 1289 740 propter
1315 647 1491 736 iustitiam,
1518 651 1622 722 beati.
1668 653 1726 723 Ti-

239 789 375 839 morem
408 775 523 838 autem
558 786 678 838 eorum
713 787 759 836 ne
792 763 987 851 timueritis,
1023 777 1059 837 et
1091 787 1162 836 non
1196 767 1466 852 conturbemini,
1511 763 1536 808 ¹⁵
1549 769 1726 860 dominum

240 895 355 957 autem
384 885 554 957 Christum
581 883 790 957 sanctificate
816 883 851 954 in
877 884 1043 957 cordibus
1068 885 1212 970 vestris,
1246 887 1356 978 parati
1383 909 1523 982 semper
1550 889 1596 960 ad
1624 892 1726 962 satis-

239 1006 424 1079 factionem
459 1006 552 1077 omni
585 1005 742 1098 poscenti
777 1025 842 1074 vos
876 1004 1045 1076 rationem
1079 1003 1125 1074 de
1146 1024 1202 1074 ea
1240 1023 1331 1097 quae
1366 1005 1400 1076 in
1433 1007 1534 1080 vobis
1567 1019 1621 1080 est
1652 1032 1726 1104 spe,

241 1125 305 1197 sed
334 1148 413 1198 curn
439 1123 612 1196 modestia
639 1135 671 1194 et
700 1124 839 1206 timore,
878 1113 1163 1196 16εοιιεεὶειιιίειιι
1192 1122 1363 1196 habentes
1388 1124 1533 1218 bonam,
1560 1127 1665 1198 utin
1683 1149 1727 1200 eo

241 1246 338 1338 quod
364 1243 546 1317 detrabunt
573 1242 618 1314 de
644 1243 746 1314 vobis
773 1241 1027 1314 contundantur
1053 1242 1110 1334 qui
1139 1243 1387 1316 calumniantur
1415 1255 1564 1316 vestram
1597 1223 1735 1322 bonam·

241 1365 275 1434 in
302 1364 435 1436 Christo
463 1363 774 1436 conversationem.
818 1353 843 1396 Π
857 1352 906 1406 <¹²³
921 1360 1042 1432 illelius
1069 1371 1124 1432 est
1150 1361 1240 1432 enim
1266 1362 1358 1434 bene
1385 1363 1564 1451 facientes,
1592 1368 1621 1438 si
1647 1368 1735 1439 velit

241 1486 401 1556 voluntas
435 1482 509 1568 dei,
544 1483 613 1575 pati
648 1503 753 1573 quam
786 1480 1077 1552 malefacientes.
1130 1471 1156 1516 ¹⁸
1174 1480 1261 1568 Quia
1287 1491 1323 1552 et
1349 1481 1501 1556 Christus
1527 1487 1637 1556 semel
1664 1491 1729 1580 pro

241 1602 394 1695 peccatis
413 1611 568 1672 mortuus
595 1611 657 1684 est,
685 1601 792 1670 iustus
818 1621 883 1692 pro
910 1599 1051 1684 iniustis,
1078 1609 1116 1670 ut
1141 1621 1205 1670 nos
1232 1600 1372 1672 ollerret
1398 1601 1477 1686 deo,
1505 1604 1730 1678 mortificatos

242 1743 364 1805 earne,
400 1715 608 1792 'vivificatos
642 1729 757 1790 autern
793 1719 930 1812 spiritu:
970 1711 1047 1788 19ιιι
1082 1740 1152 1811 quo
1179 1729 1215 1789 et
1240 1717 1293 1789 his
1320 1721 1438 1812 quiin
1464 1743 1605 1796 caraem
1632 1735 1731 1796 erant

235 1839 417 1934 ‚spiritibus
442 1839 588 1910 veniens
615 1838 843 1932 praedicavit,
880 1821 907 1876 ²⁰
925 1838 981 1931 qui
1008 1837 1174 1910 increduli
1199 1838 1334 1908 fuerant
1359 1840 1561 1932 aliquando,
1589 1843 1729 1935 quando

243 1959 454 2053 expectabat
480 1958 538 2029 dei
565 1959 746 2029 clementia
772 1958 807 2027 in
833 1957 957 2029 diebus
983 1957 1076 2041 Noe,
1108 1979 1186 2029 cnm
1213 1957 1439 2030 fabricaretur
1464 1967 1561 2044 arca,
1595 1961 1629 2030 in
1660 1983 1730 2055 qua

242 2079 359 2173 pauci,
387 2076 423 2148 id
450 2085 504 2147 est
531 2085 611 2147 octo
639 2077 775 2147 animae
802 2077 920 2148 salvae
947 2077 1060 2148 sactae
1087 2087 1166 2148 sunt
1191 2099 1256 2171 per
1281 2099 1417 2170 aquam.
1460 2070 1484 2116 ¹⁴
1500 2069 1550 2126 (¹⁸)
1565 2079 1669 2164 Quod
1695 2091 1731 2152 et

241 2220 307 2271 vos
332 2219 423 2296 nunc
450 2196 566 2267 similis
593 2197 727 2268 lormae
755 2195 873 2267 salvos
898 2197 979 2268 lecit
1003 2197 1185 2290 baptisma,
1213 2219 1283 2270 non
1310 2197 1423 2268 carnis
1450 2195 1622 2289 depositio
1650 2220 1729 2270 sor-

241 2318 354 2402 dium,
388 2315 454 2390 scd
480 2315 713 2388 conscientiae
738 2316 855 2388 bonae
881 2315 1104 2409 interrogatio
1131 2317 1166 2386 in
1193 2317 1317 2400 deum,
1351 2336 1414 2409 per
1440 2318 1747 2390 resurrectionem·

240 2439 318 2510 lesu
336 2436 467 2520 Christi,
493 2425 520 2472 ²²
533 2436 592 2528 qui
618 2444 672 2506 est
698 2435 733 2506 in
759 2436 907 2508 dextera
935 2435 1002 2520 dei,
1030 2427 1245 2527 'deglutiens
1272 2442 1421 2506 mortem
1448 2445 1485 2506 ut
1502 2435 1594 2514 vitae
1612 2443 1729 2508 aeter-

241 2577 307 2628 nae
333 2554 485 2628 heredes
512 2553 745 2639 efficeremur,
778 2555 955 2647 proiectus
981 2553 1015 2624 in
1043 2555 1195 2640 caelum,
1230 2553 1394 2626 subiectis
1429 2553 1494 2624 sibl
1528 2556 1661 2648 angelis
1695 2566 1730 2627 et

241 2676 473 2769 potestatibus
500 2682 535 2744 et
560 2673 750 2746 virtutibus.

960 2883 1011 2954 lV.

319 3023 395 3079 '⁰⁴‘
414 3033 548 3104 Christo
581 3034 684 3125 igitur
716 3054 822 3127 passo
858 3035 892 3104 in
925 3055 1030 3106 carne
1061 3044 1096 3106 et
1128 3055 1193 3105 vos
1226 3033 1353 3105 eadem
1367 3033 1587 3124 'cogitatione
1614 3055 1729 3108 arma-

243 3151 334 3236 mini,
362 3152 442 3244 quia
469 3151 527 3244 qui
553 3172 694 3244 passus.
709 3163 764 3224 est
790 3173 894 3224 carne
921 3152 1012 3226 desit
1038 3177 1059 3224 a
1084 3152 1255 3246 peccatis,
1281 3145 1344 3223 'ut
1370 3152 1438 3222 iam
1464 3173 1535 3223 non
1553 3153 1729 3224 hominnm

244 3271 428 3343 desideriis
454 3271 520 3342 sed
546 3271 712 3342 voluntati
738 3269 797 3342 dei
824 3271 920 3363 quod
953 3273 1122 3365 reliquum
1154 3281 1209 3341 est
1241 3272 1276 3342 in
1303 3292 1408 3344 earne
1433 3270 1527 3342 vivat
1552 3273 1729 3365 temporis.

242 3385 403 3464 ³Sufficit
436 3390 528 3462 enim
564 3389 788 3483 praeteritum
823 3399 961 3484 tempus
994 3391 1041 3464 ad
1066 3391 1277 3462 voluntatem
1304 3391 1457 3483 gentium
1484 3411 1729 3464 consumman-

243 3511 335 3606 dam,
363 3511 422 3604 qni
449 3510 711 3582 ambulaverunt
737 3509 773 3580 in
799 3510 952 3595 luxuriis,
979 3511 1015 3581 in
1040 3509 1232 3612 desideriis,
1260 3505 1491 3594 'vinolentiis,
1518 3510 1730 3582 comeeatio-

243 3631 354 3714 nibus,
381 3629 616 3724 potationibus
642 3639 677 3700 et
702 3628 835 3700 inlicitis
860 3629 1032 3702 idolorum
1059 3630 1224 3714 cultibns;
1253 3620 1315 3700 *in
1332 3650 1402 3722 quo
1421 3630 1644 3702 ammirantur
1660 3649 1730 3700 non

243 3749 527 3824 concurrentibus
560 3749 662 3822 vobis
694 3750 730 3820 in
764 3748 913 3821 eandem
944 3749 1103 3822 luxuriae
1137 3749 1391 3834 contusionem,
1426 3733 1729 3844 blasphemantem

241 3864 332 3964 lqui
364 3868 514 3942 reddent
547 3869 717 3942 rationem
752 3869 785 3942 ei
818 3869 893 3962 qui'
909 3879 1051 3963 paratus
1085 3879 1141 3940 est
1159 3867 1328 3942 ¹iudicare
1360 3867 1460 3942 vivos
1494 3878 1530 3940 ει
1563 3878 1739 3954 nonnos,

241 3979 316 4036 “¹⁸³
334 3989 482 4084 Propter
507 3989 576 4062 boc
602 3989 699 4062 enim,
721 3997 757 4062 et
782 3989 927 4062 mortuis
953 3989 1226 4082 evangelizatum
1253 3997 1322 4071 est,
1358 3997 1396 4058 nt
1428 3987 1620 4060 indicentur
1652 3989 1729 4081 qoi-

242 4108 325 4180 dem
353 4109 544 4184 secondum
570 4109 730 4186 homines
755 4109 791 4180 in
817 4129 930 4194 came,
960 4109 1078 4182 vivant
1104 4118 1219 4180 autem
1246 4105 1437 4180 secondum
1464 4107 1570 4180 deum
1595 4107 1631 4178 in
1656 4107 1729 4200 spi-

242 4228 317 4298 ritu.
368 4218 560 4302 'Omnium
587 4239 703 4304 autem
730 4229 807 4302 linis
833 4228 1131 4324 adpropinquabit.
1185 4215 1234 4274 (ω)
1250 4227 1371 4299 Εειοιε
1397 4228 1512 4320 itaque
1538 4226 1729 4321 prudentes

243 4357 278 4418 et
310 4346 449 4439 vigilate
481 4347 516 4418 in
549 4349 782 4436 orationibus,
821 4341 931 4422 ⁸ante
963 4349 1080 4422 omnia
1112 4357 1267 4420 mutuam
1293 4347 1326 4418 in
1351 4355 1490 4418 vosmet
1515 4345 1612 4439 ipsos
1639 4345 1728 4416 cari-

243 4475 350 4548 tatem
382 4467 556 4540 habentes.
585 4469 798 4553 continuam,
833 4469 915 4561 quia
945 4468 1071 4540 caritas
1103 4468 1261 4562 cooperit
1286 4465 1535 4538 multitudinem
1562 4473 1727 4558 peccato-

242 4609 337 4670 rum,
370 4576 590 4681 ⁹hospitales
616 4587 765 4660 invicem
791 4587 865 4660 sine
891 4587 1179 4671 murmuratione,
1218 4577 1494 4678 ⁴⁰unnsquisque
1521 4583 1608 4656 sicut
1629 4583 1727 4655 'aeci-

241 4707 292 4802 pit
321 4707 488 4799 gratiam,
522 4707 557 4778 in
590 4707 789 4780 alterutrum
822 4707 914 4780 illam
940 4707 1218 4782 administrantes
1245 4705 1333 4778 sicut
1357 4704 1443 4776 boni
1469 4703 1731 4798 dispensatores

242 4825 457 4898 mulb‘lormis
482 4828 616 4920 gratiae
643 4827 718 4912 dei;
756 4817 778 4863 ¹¹
800 4826 830 4898 si
856 4828 933 4922 quis
958 4827 1122 4923 loquitur,
1156 4825 1254 4919 quasi
1280 4845 1463 4898 sermones
1491 4823 1563 4909 dei,
1597 4823 1626 4893 si
1654 4822 1731 4916 quis
1849 4880 1851 4886 ,

243 4947 425 5032 ministrat,
453 4957 628 5041 tamquam
656 4970 703 5021 ex
728 4947 853 5020 virtute
880 4969 985 5042 quam
1003 4947 1216 5022 administrat
1242 4945 1346 5032 deus,
1381 4955 1418 5016 ut
1435 4946 1469 5016 in
1487 4943 1646 5017 omnibus
1663 4943 1730 5013 ho-

242 5065 440 5140 norilicetnr
466 5066 555 5140 deus
580 5087 644 5163 per
669 5069 782 5142 lesum
809 5068 988 5152 Christum,
1022 5068 1076 5138 cui
1103 5075 1157 5138 est
1184 5065 1294 5158 gloria
1321 5075 1357 5137 et
1377 5065 1562 5160 ¹imperium
1588 5065 1623 5136 in
1649 5083 1730 5135 sae-

801 5187 851 5273 lll,
883 5189 927 5257 t3
958 5225 1004 5238 -
1032 5185 1083 5270 IV,
1113 5187 1170 5254 ll.
1726 5203 1728 5212 ⁴

1375 5307 1456 5382 ta*
