4146 6120
397 357 470 428 352
520 391 524 404 ·
879 330 1059 418 umerum
1084 353 1135 416 Au
1162 355 1402 417 ruruuuoimu

404 467 466 472 .-—
494 463 690 470 --——.—-.--—-
703 463 894 471 -·-.—-—-——
919 464 1058 470 -----.---
1090 461 1872 470 ——-.--.--——-—--—-.--.-›-.—-—-——--———

341 640 346 653 ι
396 563 431 630 in
457 561 616 644 vinculis,
650 559 829 642 Onesimo,
882 551 903 594 ¹¹
925 561 982 651 qui
1016 560 1076 630 tihi
1112 560 1294 652 aliquando
1327 558 1450 630 inutilis
1477 558 1551 642 fuir,
1585 580 1674 628 nunc
1700 569 1819 629 autem
1848 571 1887 629 ct

398 683 458 752 tibi
485 693 519 752 et
546 655 626 750 mihi
654 679 758 763 utilis,
813 672 837 714 ¹²
855 702 959 772 quem
987 681 1119 752 remisi:
1153 689 1189 750 tu
1216 688 1331 750 autem
1358 680 1459 763 illum,
1487 679 1522 750 id
1550 689 1605 748 est
1631 699 1707 748 mea
1732 680 1885 764 viscera,

400 802 545 894 suscipe.
598 792 623 836 ⁴³
642 802 752 884 Quem
780 820 847 888 ego
874 801 1053 870 volueram
1081 821 1216 870 mecum
1245 799 1416 884 detinere,
1449 809 1485 870 ut
1510 820 1574 893 pro
1602 808 1637 868 te
1671 798 1752 868 mihi
1780 800 1886 869 mini-

399 930 524 992 straret
551 921 584 989 in
610 919 751 990 vinculis
780 920 964 1010 evangelii:
1009 912 1122 990 “sine
1149 920 1291 990 consilio
1319 928 1434 989 autem
1462 929 1520 990 tuo
1546 919 1628 988 nihil
1645 919 1737 989 volui
1755 921 1884 1004 iacere,

398 1042 514 1111 utine
540 1041 633 1110 velut
659 1061 705 1109 ex
731 1039 937 1110 necessitate
964 1041 1093 1111 honum
1120 1049 1214 1110 tuum
1242 1049 1338 1110 esset
1371 1037 1436 1110 sed
1466 1039 1702 1110 voluntarium.
1756 1031 1885 1109 ¹5For-

398 1162 487 1232 sitan
520 1161 610 1229 enim
645 1158 724 1230 ideo
761 1157 922 1229 discessit
955 1158 1001 1229 ad
1035 1160 1155 1231 horam
1190 1181 1210 1230 a
1243 1169 1277 1230 te
1303 1169 1340 1229 ut
1367 1170 1542 1230 aeternum
1574 1160 1666 1230 illum
1692 1161 1884 1253 reciperes

397 1273 424 1316 ⁴⁶
441 1282 509 1351 iam
536 1302 605 1350 non
632 1289 669 1348 ut
695 1301 843 1364 servum,
872 1277 937 1349 sed
965 1279 1041 1372 plus
1068 1303 1173 1351 servo
1200 1279 1414 1350 carissimum
1440 1281 1590 1364 fratrem,
1619 1279 1770 1350 maxime
1788 1281 1883 1364 mihi,

398 1408 525 1491 quanto
553 1409 668 1469 autem
694 1399 805 1491 magis
831 1400 891 1469 tihi
918 1410 953 1470 et
979 1401 1013 1470 iu
1039 1423 1142 1472 carne
1170 1411 1205 1472 et
1230 1401 1264 1470 in
1291 1401 1442 1472 domino.
1483 1393 1507 1436 Π
1521 1400 1555 1470 Si
1584 1421 1669 1492 ergo
1695 1399 1884 1470 habes'me

397 1519 540 1604 socium,
569 1519 706 1612 suscipe
733 1520 825 1590 illum
853 1519 940 1590 sicut
967 1542 1039 1590 me:
1082 1511 1109 1557 ⁴⁸
1127 1523 1156 1592 si
1183 1531 1296 1593 autem
1325 1522 1454 1612 aliquid
1479 1521 1597 1592 nocuit
1614 1520 1673 1590 tihi
1691 1529 1748 1590 aut
1764 1519 1884 1604 dehet,

398 1642 463 1710 hoo
488 1639 570 1708 mihi
596 1639 721 1730 inputa.
775 1631 801 1675 ⁴⁹
817 1639 892 1730 Ego
919 1639 1044 1710 Paulus
1071 1641 1192 1712 scribsi
1219 1663 1299 1712 mea
1325 1662 1438 1725 manu,
1466 1661 1534 1732 ego
1562 1639 1722 1724 reddam;
1749 1650 1786 1710 ut
1811 1662 1885 1710 non

397 1761 510 1832 dicam
538 1759 596 1830 tihi
623 1758 719 1850 quod
751 1769 785 1828 et
811 1769 846 1828 te
873 1759 985 1852 ipsum
1020 1760 1101 1834 mihi
1137 1761 1257 1832 debes.
1310 1752 1336 1796 ⁹⁰
1353 1762 1416 1844 lta,
1451 1763 1572 1846 frater,
1609 1783 1676 1853 ego
1712 1755 1764 1830 'te
1790 1762 1885 1830 fruar

397 1883 430 1950 in
458 1880 616 1952 domino:
644 1878 749 1949 refice
775 1879 909 1950 viscera
943 1902 1020 1951 mea
1046 1881 1080 1950 iu
1106 1880 1258 1954 domiuo.
1309 1873 1332 1917 ²¹
1353 1879 1537 1952 Confidens
1572 1881 1791 1952 oboedientia
1825 1891 1885 1952 tua

398 2000 518 2095 scripsi
544 1999 613 2083 tihi,
641 1999 754 2070 sciens
781 2000 943 2092 quoniam
971 2009 1006 2069 et
1031 2023 1137 2094 super
1162 2003 1198 2074 id
1225 2002 1321 2096 quod
1339 2000 1418 2072 dico
1445 2001 1561 2072 facies.
1596 1994 1740 2072 ”Simul
1766 2013 1885 2073 autem

398 2133 432 2192 et
458 2143 542 2214 para
570 2119 651 2190 mihi
677 2120 877 2214 hospitium:
904 2141 984 2190 nam
1012 2141 1117 2213 spero
1144 2142 1209 2213 per
1237 2115 1411 2192 orationes
1440 2129 1574 2192 vestras
1592 2122 1713 2194 donari
1732 2143 1789 2191 me
1816 2145 1887 2192 vo-

397 2243 460 2313 his.
513 2233 588 2286 Μ)
608 2241 738 2312 Salutat
764 2251 798 2310 te
824 2241 1004 2334 Epaphras
1031 2235 1273 2333 'concaptivus
1300 2263 1400 2312 meus
1427 2241 1461 2312 iu
1488 2242 1621 2314 Christo
1639 2245 1725 2328 lesu,
1752 2233 1888 2314 ”Mar-

272 2413 275 2418 -
399 2385 476 2448 cue,
504 2359 736 2444 Aristarchus,
764 2361 908 2446 Demea,
935 2362 1063 2445 Lucae,
1098 2360 1273 2432 adiutores
1308 2362 1377 2432 mei
1438 2354 1593 2436 horatia
1620 2363 1748 2436 domini
1776 2366 1889 2436 nostri

398 2484 475 2552 iesu
503 2481 624 2550 Christi
651 2503 729 2550 cum
758 2480 878 2572 spiritu
904 2489 1036 2564 vestro,
1083 2502 1193 2550 amen.

883 2623 1053 2711 uxrucrr
1076 2649 1126 2710 rm
1149 2651 1401 2715 PfflLEMONEM.
