4242 6118
484 1186 693 1260 lNClPlUNT
707 1185 932 1286 ,letemus
957 1189 1204 1262 LECTlONUM
1231 1190 1462 1264 SECUNDUM
1486 1191 1678 1267 MARCUM.

445 1427 470 1496 Ι.
496 1425 620 1496 Esaiae
648 1424 841 1496 testimonio
868 1401 1046 1496 'lohannes
1062 1427 1216 1518 angelus
1250 1426 1286 1498 id
1313 1437 1368 1500 est
1392 1428 1528 1499 nuntius
1554 1431 1761 1524 appellatur,
1789 1441 1824 1502 et

494 1541 707 1636 praedicatio
735 1543 809 1614 eius
834 1542 1095 1636 baptismusque
1122 1545 1276 1614 refertur.

313 1725 315 1730 ,
428 1663 465 1735 ll.
493 1661 644 1734 Christro
669 1659 879 1753 praedicans
902 1661 1106 1754 baptizatur,
1132 1661 1191 1732 uhi
1209 1661 1365 1766 trinitatis
1380 1661 1543 1754 panditur
1560 1674 1823 1736 armamentum.

417 1780 467 1854 111.
494 1781 548 1854 lle
572 1779 757 1854 venatione
782 1779 883 1866 Petri,
907 1777 1082 1864 Andreae,
1107 1778 1225 1852 lacohi
1249 1787 1286 1852 et
1309 1779 1469 1852 Iohannis
1494 1779 1716 1873 piscatorum.

405 1899 470 1972 llll.
495 1899 531 1970 ln
558 1918 741 1991 synagoga
767 1897 814 1970 de
838 1897 978 1971 homine
1004 1897 1158 1992 spiritum
1184 1897 1385 1970 inmundum
1411 1907 1621 1974 metuentem
1655 1909 1692 1972 et
1716 1900 1826 1974 eunti-

495 2025 626 2090 teutem
651 2016 831 2109 expellens
858 2037 922 2088 sua
948 2015 994 2088 ab
1021 2015 1217 2088 hominihus
1241 2025 1417 2108 potestate
1442 2017 1613 2094 laudatur.

432 2137 467 2206 ll.
493 2132 525 2206 A
550 2153 655 2208 soeru
679 2133 774 2206 Petri
797 2134 896 2206 lehre
920 2133 1032 2206 verbo
1058 2141 1221 2225 tanturm
1248 2133 1406 2227 depulsa,
1432 2136 1530 2208 varia
1563 2145 1707 2210 onnetos
1731 2135 1825 2209 iufir-

495 2251 615 2325 mitate
640 2251 782 2326 curavit.
1088 2267 1092 2282 ’
1824 2265 1834 2274 ·

419 2369 470 2444 vt
496 2371 672 2464 lepresus
695 2371 807 2444 verbo
830 2390 900 2462 quo
926 2368 974 2440 ait
998 2369 1085 2440 Volo
1111 2369 1303 2454 mundatur,
1330 2379 1366 2443 et
1382 2370 1514 2444 amado
1537 2371 1730 2464 parolyh'eo
1747 2393 1824 2444 eum

495 2487 699 2562 remissione
724 2487 882 2560 tribuitur
906 2495 1139 2580 peecatorum.

407 2607 472 2680 Vll.
498 2607 592 2690 Levi,
619 2606 739 2698 qui'et
762 2605 942 2690 Mattheus,
971 2605 1018 2678 de
1043 2605 1182 2678 teloneo
1213 2616 1376 2692 venatur,
1412 2615 1448 2678 et
1473 2627 1539 2699 pro
1565 2607 1825 2700 publieanorum

497 2724 658 2798 mnvivio
684 2724 837 2818 querella
863 2724 921 2796 vel
945 2723 1096 2804 obiectio
1121 2722 1386 2806 Pharisaeorum
1413 2723 1518 2818 penui
1543 2726 1672 2798 veteris
1698 2726 1827 2799 etvini

494 2843 552 2916 rel
579 2843 701 2916 utrium
728 2842 987 2935 comparatione
1011 2841 1182 2914 refellitur.

394 2960 473 3033 11111.
500 2959 569 3032 Pru
595 2961 768 3054 spirarum
792 2960 828 3033 iu
853 2960 1002 3034 snhbato
1026 2961 1183 3033 versione
1209 2959 1520 3054 reprehensoribus
1545 2957 1739 3052 increpatis,
1766 2977 1826 3028 se-

496 3079 610 3171 quitur
634 3101 757 3154 manus
783 3077 903 3152 undae
928 3078 1107 3152 restitutio.

377 3197 470 3269 llllII.
497 3197 680 3270 Consilium
707 3205 829 3270 eontra
853 3218 934 3269 eum
959 3196 1088 3272 ludunt
1112 3195 1304 3268 Pharisaei:
1331 3196 1552 3270 deserviente
1575 3195 1643 3270 sibi
1659 3191 1825 3277 navierdu,

496 3325 679 3408 tangentes
706 3337 787 3388 eum
813 3315 961 3388 diversis
983 3314 1235 3388 infirmitatibus
1260 3315 1374 3408 egroti
1399 3323 1572 3388 sanantur.

428 3435 470 3506 ll.
496 3435 686 3506 Duodeoim
721 3433 911 3528 discipulos
944 3433 992 3506 ad
1022 3433 1295 3527 praedicandum
1329 3435 1441 3507 verho
1471 3431 1615 3506 nodatis
1648 3430 1828 3504 virtutibus

494 3553 608 3626 mittit:
643 3563 678 3624 et
702 3552 737 3624 in
761 3552 939 3625 Belzehub
965 3573 1045 3624 enm
1071 3571 1179 3645 posse
1204 3551 1360 3625 dieentes
1386 3550 1580 3644 redarguit,
1605 3549 1827 3624 inremissibi-

495 3673 565 3743 tem
592 3691 674 3743 esse
698 3671 819 3744 disens
843 3671 879 3742 in
904 3670 1060 3763 spir-itum
1084 3679 1243 3744 sanetum
1267 3671 1535 3764 blasphemiam:
1563 3679 1598 3744 et
1621 3679 1769 3742 matrem
1786 3688 1829 3738 aa

495 3791 619 3862 tratres
645 3807 709 3861 eos
734 3797 840 3862 vooat
865 3790 924 3881 uni
949 3789 1057 3882 putris
1081 3789 1225 3861 sederint
1248 3791 1473 3862 volumtatem.

412 3907 468 3978 xl
491 3909 631 3980 Doeens
656 3909 820 4002 proponit
845 3907 1048 4000 parabolam
1076 3905 1283 3992 seminantis,
1309 3916 1349 3980 et
1372 3909 1444 3980 suis
1470 3929 1548 3980 eam
1575 3925 1734 3980 seorsum
1761 3924 1816 3974 ex·

496 4025 594 4119 ponit
619 4027 713 4098 ulura
738 4027 1012 4100 manifestatione
1036 4026 1220 4120 disuipulis.

404 4143 474 4215 Xll.
499 4145 691 4232 Luemnam
719 4143 783 4216 suh
810 4145 1026 4218 medionon
1052 4145 1262 4239 ponendam,
1288 4145 1349 4216 vel
1374 4142 1568 4216 dormiente
1593 4141 1734 4214 homine
1752 4149 1828 4212 sata

496 4263 572 4334 eius
597 4284 768 4350 creseere,
795 4273 831 4335 et
856 4263 904 4336 de
928 4285 1038 4358 grano
1065 4261 1195 4356 sinapis
1219 4261 1311 4335 dioit

384 4379 468 4452 Xlll.
494 4381 752 4474 'tempestatem
785 4383 899 4454 verbo
929 4403 1176 4477 compescens,
1209 4390 1246 4452 et
1275 4379 1468 4452 daemones
1501 4378 1628 4452 eieims
1664 4381 1716 4452 ire
1739 4399 1827 4450 oon·-

496 4499 601 4571 eessit
626 4501 662 4571 in
685 4522 825 4594 porcos

375 4616 470 4688 Xllll.
496 4617 637 4690 Vadens
663 4628 834 4690 mortuam
861 4619 1027 4690 suscitare
1053 4619 1157 4691 filiam
1182 4617 1267 4701 lairi,
1295 4616 1478 4690 mulierem
1502 4638 1525 4688 a
1549 4615 1719 4709 profluvio
1746 4636 1827 4688 san-

323 4727 331 4744 '
497 4735 607 4827 guinis
634 4759 770 4823 sanans,
799 4739 940 4809 suscitat
965 4737 1121 4829 protinus
1147 4747 1183 4815 et
1208 4735 1367 4830 puellam.

401 4853 470 4924 XV.
497 4855 659 4926 Mirantes
692 4855 883 4928 doctrinam
917 4865 952 4925 et
983 4855 1126 4926 virtutes
1159 4856 1246 4926 labri
1277 4853 1381 4927 filium
1414 4853 1547 4937 dieunt,
1576 4851 1757 4924 audientes
1783 4849 1827 4920 ab

498 4993 542 5043 eo
568 4995 638 5044 uon
662 4995 744 5046 esse
770 4975 977 5067 prophetam
1003 4975 1077 5044 sine
1103 4973 1237 5044 honore
1263 4973 1327 5044 uisi
1352 4973 1385 5043 in
1412 4973 1523 5065 patria
1551 4991 1625 5042 sua.

386 5087 469 5158 xvi.
495 5091 630 5162 Mittens
657 5091 842 5163 duodecim
870 5091 1131 5185 praedicaturos
1158 5092 1354 5185 praeceptis
1380 5089 1527 5170 instruit,
1556 5089 1692 5160 conlata
1718 5085 1828 5178 gratia

494 5209 684 5281 sanitatum.
