4242 6118
671 385 914 452 nvmonmuu
942 389 1148 454 sacuunuu
1171 391 1296 456 ructu
1665 381 1732 456 ttt
1804 351 1806 356 ’

253 601 368 694 coepit
393 599 512 672 dicere
539 598 585 671 de
612 594 762 668 Iohanne
796 591 842 664 ad
876 593 1002 664 turbas
1038 594 1131 678 Quid
1166 597 1287 668 existis
1321 599 1357 668 in
1390 597 1568 669 desertum
1593 590 1744 664 videre?

253 719 478 793 harundinem
504 727 612 790 vento
638 714 796 787 moveri‘l
835 704 862 748 ¹³
879 712 954 782 Sed
984 711 1072 804 quid
1099 717 1223 788 existis
1250 717 1398 790 videre‘?
1425 717 1605 790 hominem
1631 710 1747 784 molli-

253 843 320 912 bus
345 840 561 912 vestimentis
587 837 765 909 indutum?
794 853 876 903 ecoe
902 831 965 923 qui
996 831 1031 900 in
1059 845 1161 908 veste
1186 838 1340 930 pretiosa
1367 849 1509 912 suntet
1535 835 1688 920 deliciis,
1716 832 1751 902 in

255 961 416 1033 domibus
443 980 568 1051 regum
602 966 688 1030 sunt.
739 945 766 992 ³³
783 950 854 1024 Sed
886 949 979 1042 quid
1013 952 1140 1026 existis
1172 958 1319 1030 videre‘?
1358 960 1593 1056 prophetam?
1632 954 1754 1048 utique

255 1082 333 1152 dico
349 1079 478 1162 vohis,
511 1088 547 1148 et
573 1078 657 1171 plus
678 1095 781 1169 quam
813 1069 1042 1166 prophetam.
1097 1065 1122 1111 ³³
1136 1067 1215 1124 (Μ)
1233 1079 1295 1150 flio
1329 1091 1383 1152 est
1417 1081 1463 1154 de
1492 1102 1563 1174 quo
1590 1078 1756 1173 seriptum

256 1210 310 1272 est
334 1201 423 1270 ileos
450 1197 548 1267 mitto
576 1197 736 1289 angelum
762 1215 876 1264 meum
903 1199 996 1262 ante
1020 1188 1149 1266 faciem
1177 1206 1287 1286 tuam,
1323 1202 1380 1294 qui
1412 1199 1639 1296 praeparabit
1663 1200 1758 1272 viam

256 1331 347 1391 tuam
374 1327 452 1389 ante
479 1325 524 1406 te.
578 1307 699 1362 ’³³³³’
716 1315 798 1388 llioo
825 1313 914 1385 enim
942 1308 1069 1398 vobis,
1097 1316 1208 1387 maior
1232 1319 1321 1390 inter
1346 1331 1449 1394 natos
1469 1321 1653 1392 mulierum
1670 1343 1758 1415 pro-

256 1441 358 1534 pheta
392 1437 543 1508 lohanne
577 1435 731 1528 baptista
767 1455 871 1507 nemo
903 1441 979 1516 est;
1015 1434 1076 1526 qui
1111 1445 1225 1506 autem
1258 1440 1370 1510 minor
1395 1449 1451 1511 cst
1485 1439 1522 1508 in
1549 1461 1659 1532 regno
1686 1441 1755 1528 dei,
1880 1519 1883 1525 ¹

255 1560 363 1630 maior
388 1566 441 1630 est
466 1555 533 1627 illo.
590 1546 719 1602 ”³²³³
732 1556 775 1626 Et
806 1555 916 1627 omnis
946 1553 1102 1647 populus
1134 1555 1277 1628 audiens
1312 1569 1347 1630 et
1378 1557 1559 1652 publicani
1591 1559 1754 1632 iustifica-

256 1689 377 1752 vorunt
403 1677 517 1762 dem,
544 1675 715 1770 baptizati
741 1675 912 1768 baptismo
945 1673 1126 1746 Iohannis:
1178 1669 1206 1714 ³³
1221 1675 1399 1749 Pharisaei
1435 1645 1560 1750 autem
1596 1689 1632 1750 et
1661 1681 1750 1774 legis

255 1799 353 1894 periti
392 1796 574 1870 consilium
611 1794 669 1867 dei
705 1805 908 1887 sprevemnt
944 1794 980 1864 in
1019 1805 1148 1865 semet
1170 1795 1285 1888 ipsos,
1320 1819 1390 1870 non
1423 1798 1595 1891 baptizati
1621 1799 1666 1870 ab
1693 1823 1749 1874 eo.

254 1911 279 1954 ³³
294 1911 373 1966 ³³³³
388 1919 448 1990 Cui
476 1937 565 2009 ergo
593 1915 725 1986 similes
751 1913 863 1985 dicam
889 1913 1049 1985 homines
1074 1915 1307 2005 generationis
1333 1917 1443 2001 huius,
1474 1927 1513 1986 et
1540 1917 1594 1987 uui
1619 1919 1748 1993 similes

255 2040 358 2108 sunt‘l
399 2029 426 2078 ³¹
442 2037 580 2108 Similes
609 2045 691 2107 sunt
716 2035 832 2128 pueris
860 2033 1061 2106 sedentibus
1087 2034 1122 2104 in
1148 2036 1224 2106 loro
1260 2045 1295 2106 et
1328 2035 1560 2129 loquentibus
1586 2038 1632 2111 ad
1657 2040 1746 2112 invi-

256 2179 334 2228 cem
359 2166 394 2227 et
419 2157 616 2229 dicentibus
645 2155 862 2225 Cantavimus
889 2153 990 2225 vobis
1016 2153 1106 2224 tibiis
1133 2163 1168 2224 et
1192 2175 1264 2225 non
1289 2155 1449 2241 saltastis,
1479 2156 1744 2231 lamentavimus

256 2289 293 2348 et
316 2299 384 2349 non
409 2272 579 2372 plorastis.
629 2267 657 2314 ³³
673 2275 771 2345 Venit
797 2273 886 2345 enim
912 2273 1080 2344 lohannes
1104 2273 1254 2367 baptista
1286 2295 1402 2368 neque
1434 2273 1651 2348 manducans
1677 2301 1743 2373 pa-

256 2418 335 2468 nem
365 2419 479 2492 neque
510 2397 641 2470 bibens
674 2394 808 2479 vinum,
836 2404 872 2464 et
904 2392 1015 2466 dicitis
1047 2393 1273 2466 Daemonium
1309 2393 1432 2464 habet:
1483 2383 1512 2432 ³³
1528 2397 1623 2467 venit
1653 2397 1740 2470 lilius

256 2519 402 2590 hominis
428 2517 644 2590 manducans
671 2524 705 2585 et
730 2515 863 2599 bibens,
891 2522 927 2584 et
952 2511 1062 2584 dicitis
1087 2513 1177 2584 Ecce
1203 2513 1308 2584 homo
1335 2511 1530 2586 devorator
1556 2526 1590 2586 et
1615 2517 1739 2589 bibens

257 2638 383 2724 vinum,
410 2639 539 2710 amicus
565 2635 830 2730 publioanomm
857 2643 893 2705 et
918 2641 1150 2726 paccatomm.
1199 2625 1226 2670 ³⁵
1241 2633 1285 2704 Et
1309 2631 1491 2704 iustificata
1519 2646 1573 2706 ast
1599 2637 1739 2731 sapien-

260 2759 305 2828 tia
332 2758 375 2828 ab
402 2759 560 2832 omnibus
586 2755 666 2827 filiis
692 2756 773 2828 suris
823 2741 942 2800 ΜΗ)
959 2752 1116 2844 Rogahat
1142 2761 1255 2824 autem
1283 2751 1376 2822 illurn
1402 2753 1547 2844 quidam
1573 2756 1619 2829 de
1646 2757 1738 2829 Pha-

260 2879 380 2949 risasis
404 2889 441 2950 nt
466 2876 694 2949 manducaret
719 2895 796 2946 cum
822 2874 893 2946 illo:
920 2883 956 2944 et
980 2873 1158 2966 ingressus
1185 2872 1327 2945 domum
1354 2872 1531 2948 Pharisaei
1556 2876 1736 2948 discubuit.

258 2989 285 3036 ³³
302 2998 344 3068 llt
370 3019 453 3070 eece
478 2999 600 3070 mulier
627 3015 717 3088 quae
743 3005 817 3066 erat
842 2995 876 3066 in
902 2993 1038 3064 civitate
1070 2994 1261 3086 peccatrix,
1296 3002 1333 3063 ut
1362 2997 1529 3084 cognovit
1553 2996 1649 3090 quod
1675 3019 1736 3068 ao-

261 3117 377 3188 cubuit
401 3119 435 3189 in
461 3119 569 3191 domo
602 3114 787 3199 Pharisaei,
820 3114 929 3186 attulit
960 3113 1167 3184 alabastmm
1202 3112 1356 3207 ungenti,
1403 3103 1431 3148 ³³
1447 3123 1484 3184 et
1515 3125 1610 3188 stans
1642 3127 1735 3188 retro

261 3257 361 3308 secus
386 3238 497 3331 pedes
524 3239 599 3309 eius
624 3235 772 3306 lacrimis
797 3234 912 3328 coepit
942 3233 1055 3326 rigare
1081 3233 1192 3327 pedes
1219 3235 1293 3306 eius
1319 3241 1354 3302 et
1380 3234 1511 3326 capillis
1537 3237 1657 3329 capitis
1682 3236 1735 3306 sni
1841 3261 1844 3268 ¹

260 3359 427 3452 tergebat,
455 3370 489 3430 et
516 3355 735 3430 osculabatur
760 3353 872 3447 pudes
898 3353 974 3425 eius
1007 3363 1042 3425 et
1074 3363 1225 3446 ungento
1260 3351 1420 3443 ungebat.
1471 3345 1498 3392 ³³
1514 3355 1644 3427 Videns
1671 3375 1733 3424 au-

261 3489 331 3549 tem
357 3477 563 3552 Pharisaeus
589 3475 647 3569 qui
672 3485 860 3546 vocaverat
886 3497 965 3546 eum
993 3475 1039 3545 ait
1063 3475 1150 3544 intra
1177 3496 1217 3545 se
1243 3474 1362 3546 diceus
1387 3471 1450 3544 llic
1475 3474 1505 3546 si
1531 3485 1625 3546 esset
1649 3495 1733 3569 pro-

260 3598 373 3692 pheta,
400 3601 502 3670 sciret
527 3597 643 3690 utique
670 3615 760 3688 quae
792 3605 828 3666 et
861 3595 970 3688 qualis
1003 3595 1124 3665 muler
1155 3604 1250 3667 esset
1283 3613 1372 3686 quae
1398 3593 1506 3686 tangit
1529 3616 1626 3680 sum,
1654 3615 1734 3688 qma

260 3719 435 3810 peccatrix
461 3729 524 3790 est.
575 3706 602 3754 ⁴⁰
616 3717 659 3787 Et
684 3715 900 3808 respondens
926 3717 1020 3788 lesus
1047 3715 1133 3786 dixit
1164 3715 1210 3788 ad
1236 3715 1328 3786 illum
1359 3713 1496 3801 Simon,
1531 3715 1646 3787 habeo
1673 3714 1732 3786 tibi

260 3837 386 3930 aliquid
412 3838 538 3910 dicere.
590 3835 635 3907 m
659 3835 715 3907 ille
742 3835 788 3906 ait
811 3836 981 3928 Magister,
1008 3835 1074 3908 dic.
1123 3825 1147 3872 ³¹
1166 3836 1243 3906 Duo
1271 3833 1449 3908 debitores
1475 3845 1572 3908 erant
1597 3836 1733 3909 cuidam

259 3957 472 4044 faeneratori,
499 3979 587 4029 unus
613 3957 767 4028 debebat
792 3955 954 4029 denarios
972 3957 1186 4051 quingentos,
1214 3956 1300 4027 alius
1318 3955 1576 4049 quinquaginta:
1619 3945 1647 3994 ⁴³
1663 3975 1733 4026 non

258 4075 463 4149 habentibus
490 4078 552 4148 illis
578 4077 672 4150 unde
699 4077 903 4162 redderent,
939 4077 1080 4149 donavit
1111 4077 1274 4170 utrisque.
1328 4075 1411 4161 Quis
1437 4097 1523 4169 crgo
1550 4077 1732 4169 sumplus

258 4197 398 4290 diliget?
440 4189 466 4238 ³³
482 4197 710 4290 Respondens
738 4198 856 4270 Simon
882 4198 969 4270 dixit
994 4196 1148 4268 Aestimo
1175 4196 1254 4292 quia
1280 4194 1309 4266 is
1336 4197 1389 4267 cui
1416 4198 1492 4290 plus
1511 4197 1661 4268 donavit.
1687 4195 1732 4266 At
1788 4279 1790 4284 ¹

257 4317 312 4388 ille
338 4317 424 4390 dixit
449 4319 482 4389 ai
515 4319 621 4389 Recta
652 4315 817 4390 iudicasti.
860 4306 887 4354 ³³
903 4317 945 4388 Et
975 4338 1163 4389 conversus
1197 4317 1243 4390 ad
1274 4317 1452 4388 mulierem
1484 4317 1571 4389 dixit
1602 4315 1730 4387 Simoni

256 4437 362 4510 Vides
387 4437 476 4510 hanc
501 4439 706 4510 mulierem?
732 4437 853 4510 intravi
879 4437 912 4507 in
939 4435 1080 4509 domum
1108 4441 1210 4521 tham,
1238 4457 1363 4529 aquam
1388 4437 1538 4532 pedibus
1555 4435 1644 4507 meis
1661 4455 1732 4506 non

257 4557 400 4630 dedisti:
426 4559 514 4630 haec
539 4568 653 4630 autem
687 4557 835 4628 lacrimis
866 4557 988 4650 rigavit
1021 4557 1134 4652 pedes
1164 4577 1263 4628 meos
1297 4569 1332 4630 st
1358 4559 1488 4652 capillis
1522 4557 1592 4630 suis
1625 4555 1730 4628 tersit.

254 4667 282 4714 ⁴³
297 4679 460 4750 Osculum
485 4675 567 4746 mihi
592 4695 662 4746 non
688 4675 832 4749 dedisti:
867 4677 955 4748 haec
986 4687 1101 4748 autem
1134 4697 1180 4748 ex
1213 4698 1283 4770 quo
1316 4678 1451 4750 intravit
1482 4701 1552 4752 non
1583 4675 1732 4748 cessavit

255 4799 400 4870 oseulari
426 4797 538 4892 pedes
563 4813 672 4868 meos.
723 4784 752 4834 ³³
769 4797 855 4868 Oleo
882 4807 983 4891 caput
1007 4819 1123 4868 meum
1148 4817 1219 4866 non
1244 4798 1384 4868 unxisti:
1411 4798 1499 4868 haec
1525 4808 1639 4868 autem
1665 4817 1730 4867 un·

254 4929 359 5009 ganto
385 4919 482 4990 unxit
507 4915 620 5010 pedes
645 4937 754 4986 meos.
805 4904 832 4954 ⁴⁷
848 4917 993 5010 Propter
1018 4915 1120 5010 quod,
1148 4914 1226 4987 dico
1253 4916 1322 5002 tibi,
1350 4917 1562 4988 remittentur
1587 4917 1620 4988 ei
1643 4937 1729 5011 pec-

78 5107 83 5118 ,
133 5095 137 5104 .
255 5047 330 5110 cata
356 5039 470 5124 multa,
499 5035 660 5130 quoniam
688 5033 808 5106 dilexit
833 5037 994 5108 multum:
1029 5037 1082 5107 oui
1116 5045 1230 5107 autam
1262 5035 1373 5107 minus
1399 5036 1590 5122 dimittitur,
1617 5037 1729 5108 minus

255 5156 370 5251 diligit.
422 5149 449 5195 ³³
464 5157 557 5228 llixit
582 5165 697 5228 autem
725 5155 769 5226 ad
795 5155 887 5228 illam
912 5156 1137 5227 Remittuntur
1162 5155 1221 5228 tibi
1248 5165 1400 5250 peccata.
1445 5145 1472 5192 ³³
1484 5155 1526 5227 Et
1542 5167 1730 5252 coeperunt

832 5275 897 5360 Vll,
925 5277 972 5350 25
1003 5313 1048 5326 —
1078 5274 1137 5346 l9.
1794 5281 1796 5286 ’
