4220 6124
786 405 966 474 nrlsrum
991 407 1043 472 lo
1069 409 1251 474 numeros
1678 400 1753 480 tol

277 619 487 692 constituens
513 611 560 688 ad
586 613 769 688 dexteram
787 633 884 686 suam
912 611 1168 685 incoelestibus
1206 605 1229 650 ¹⁴
1249 633 1354 705 supra
1372 633 1511 684 omnem
1528 612 1754 707 principatum
1833 701 1838 708 .
1967 619 1969 628 '

276 749 312 810 et
338 744 543 833 potestatem
570 743 607 806 et
632 733 793 805 virtutem
820 741 855 804 et
880 731 1148 804 dominationem
1173 741 1209 802 et
1235 751 1339 803 omne
1364 752 1492 804 nomen
1518 731 1759 832 (111οά10111--

275 867 375 930 natur
398 875 469 929 non
489 855 606 932 sollum
632 853 667 926 in
693 853 762 926 hoc
787 853 927 926 succido
954 850 1020 924 sed
1046 861 1082 922 et
1104 851 1138 924 in
1160 852 1291 936 futuro,
1334 843 1410 924 ”et
1443 853 1558 924 omnia
1588 847 1754 926 ’subiecit

276 979 340 1052 suh
367 975 515 1072 pedibus
541 975 631 1060 eius,
665 973 839 1066 elipeum
865 971 962 1046 dedit
986 981 1089 1066 caput
1119 993 1225 1066 supra
1251 970 1367 1043 omniu
1392 971 1579 1057 ecclesiae,
1620 963 1751 1066 ”quae

170 1175 173 1184 ,
275 1107 331 1170 est
355 1103 482 1193 eorpus
506 1095 624 1189 ipsius,
652 1091 828 1188 plenitudo
854 1092 929 1166 eius
955 1091 1035 1186 quia
1061 1091 1175 1167 omniu
1200 1092 1234 1164 in
1261 1091 1421 1166 ommhus
1447 1091 1660 1186 adimpletur.

993 1333 1030 1404 ll.

354 1479 416 1537 Μ)
434 1489 476 1560 Et
502 1511 575 1574 voS,
603 1509 681 1558 oum
708 1485 831 1560 essetis
858 1485 982 1558 mortui
1009 1485 1141 1558 delictis
1167 1485 1319 1578 peccatis
1345 1485 1489 1571 vestris,
1537 1479 1601 1556 ’in
1628 1485 1751 1579 quihus

275 1607 459 1704 aliquando
486 1606 686 1680 ambulastis
711 1605 903 1678 secundum
927 1607 1102 1678 saeculum
1128 1605 1247 1678 mundi
1272 1605 1381 1692 huius,
1408 1605 1597 1679 seeundum
1622 1605 1751 1700 princi-

274 1751 354 1824 pem
382 1723 583 1822 ’potestatis
610 1725 700 1798 aeris
726 1726 835 1811 huius,
862 1725 1000 1821 spiritus
1026 1727 1084 1820 qui
1109 1747 1199 1797 nuno
1225 1735 1389 1821 operatur
1414 1726 1447 1797 in
1473 1725 1561 1799 lilios
1591 1725 1751 1799 diffiden-

275 1853 358 1934 tiae;
401 1842 461 1918 ³in
488 1849 613 1940 quibus
639 1856 674 1917 et
699 1867 764 1918 nos
791 1867 913 1918 omnes
939 1845 1126 1941 aliquando
1152 1847 1346 1920 conversati
1372 1869 1491 1919 sumus
1517 1847 1552 1917 in
1570 1847 1751 1921 desideriis

275 1968 386 2040 carnis
419 1977 574 2051 nostrae,
607 1965 771 2037 iacientes
805 1968 1013 2040 voluntatem
1047 1967 1160 2039 carnis
1194 1975 1231 2038 et
1262 1967 1523 2060 cogitationem,
1550 1979 1585 2038 et
1611 1989 1751 2040 eramus

275 2098 395 2183 natura
420 2085 478 2158 lilii
504 2087 574 2161 irae
601 2086 688 2157 sicut
713 2093 749 2157 et
774 2086 889 2159 ceteri.
939 2075 1002 2134 *(4)
1019 2087 1114 2159 Deus
1140 2097 1255 2160 autern
1287 2086 1345 2182 qui
1371 2085 1471 2159 dives
1503 2087 1615 2160 estin
1642 2089 1751 2160 mise-

251 2205 473 2292 ricordiam,
508 2215 651 2300 propter
683 2205 822 2276 nimiam
855 2207 1032 2279 caritatem
1064 2229 1163 2279 suam
1194 2229 1263 2300 qua
1295 2205 1415 2278 dilexit
1449 2229 1529 2292 nos,
1579 2199 1646 2278 ¹⁵et
1672 2231 1750 2280 cum

274 2349 434 2400 essemus
466 2327 590 2397 mortui
623 2324 792 2419 peccatis,
824 2325 1075 2398 convivificavit
1105 2349 1170 2399 nos
1196 2326 1345 2411 Christo,
1372 2327 1483 2420 gratia
1509 2327 1591 2399 estis
1617 2327 1750 2414 salvati,

272 2441 335 2520 ‘et
361 2445 648 2520 conresuscitavit·
668 2455 705 2516 et
730 2445 925 2518 consedere
951 2445 1030 2517 lecit
1055 2447 1090 2517 in
1115 2447 1321 2520 caelestibus
1347 2445 1381 2516 in
1407 2445 1540 2518 Christo
1566 2448 1661 2533 lesu,
1687 2441 1751 2520 Ἷ111

274 2567 477 2640 ostenderet
502 2567 537 2637 in
563 2549 708 2637 saeculis
741 2565 1062 2660 supervenientibus
1088 2565 1303 2640 abundantes
1335 2563 1471 2637 divilias
1501 2568 1634 2660 gratiae
1664 2589 1750 2640 suae

273 2691 309 2760 in
332 2689 488 2762 bonitale
514 2707 619 2781 super
644 2707 710 2756 nos
735 2683 770 2756 in
796 2685 929 2758 Christo
955 2686 1042 2758 lesu
1091 2675 1151 2734 “⁵³
1175 2687 1290 2760 Gratia
1315 2685 1406 2757 enim
1433 2685 1516 2757 estis
1541 2689 1662 2761 salvati
1687 2709 1752 2783 per

274 2809 394 2896 lidem;
421 2817 458 2880 et
482 2807 550 2878 hoc
578 2825 649 2876 non
675 2827 722 2876 ex
752 2807 869 2894 vobis,
902 2805 961 2879 dei
987 2805 1078 2878 enim
1109 2805 1238 2884 donurn
1265 2815 1331 2878 est:
1374 2797 1470 2876 'non
1496 2825 1543 2878 ex
1576 2807 1749 2902 operibus,

275 2939 312 3000 ut
337 2951 381 3000 ne
408 2927 485 3022 quis
511 2926 689 3020 glorietur:
732 2915 760 2964 ⁴⁰
775 2924 883 3019 ipsius
909 2927 1000 2997 enim
1027 2949 1146 2999 sumus
1172 2929 1311 3012 lactura,
1338 2925 1444 3000 creati
1470 2925 1505 2996 in
1523 2925 1655 2999 Christo
1673 2927 1750 3002 lesu

274 3049 309 3119 in
335 3048 500 3142 operibus
523 3045 635 3130 bonis,
662 3065 753 3136 quae
779 3047 999 3140 praeparavit
1024 3043 1113 3118 deus
1137 3057 1173 3119 ut
1190 3048 1225 3118 in
1240 3047 1304 3120 illis
1321 3044 1547 3118 ambulemus.
1574 3039 1597 3085 ⁴¹
1613 3037 1650 3094 ω)
1663 3047 1749 3120 Pro-

274 3175 352 3260 pter
377 3165 472 3259 quod
498 3184 672 3235 memores
699 3173 812 3236 estote
837 3164 933 3258 quod
959 3165 1143 3260 aliquando
1169 3190 1235 3240 vos
1260 3175 1382 3262 gentes
1407 3163 1443 3234 in
1468 3185 1583 3252 carue,
1610 3167 1667 3260 qui
1694 3168 1749 3240 di-

275 3285 387 3358 cimini
413 3285 629 3379 praeputium
656 3281 701 3352 ab
728 3289 773 3354 ea
798 3305 889 3376 quae
914 3283 1037 3356 dicitur
1067 3285 1280 3359 circumcisio
1315 3288 1350 3358 in
1382 3306 1486 3357 carne
1512 3287 1747 3374 manufacta,

275 3398 300 3444 ⁴¹
316 3405 397 3498 quia
423 3403 528 3476 eratis
553 3403 609 3474 illo
635 3402 669 3472 in
696 3411 852 3497 tempore
878 3403 952 3476 sine
979 3403 1123 3492 Christo,
1151 3405 1286 3478 alienati
1312 3427 1333 3478 a
1368 3407 1595 3478 conversione
1621 3405 1749 3480 israhel

275 3535 311 3598 et
335 3525 490 3620 hospites
516 3529 797 3594 testamentorum
823 3523 1076 3617 promissionis,
1104 3547 1203 3620 spem
1228 3548 1299 3598 non
1324 3525 1492 3598 habentes
1518 3536 1554 3599 et
1579 3527 1653 3598 sine
1678 3529 1749 3602 deo

274 3647 309 3717 in
334 3645 484 3717 mundo:
535 3635 562 3682 ¹³
576 3632 611 3691 (Ὁ
627 3663 718 3714 nunc
749 3651 865 3715 autem
895 3644 930 3716 in
964 3643 1097 3718 Christo
1129 3646 1207 3719 lesu
1237 3669 1304 3720 vos
1337 3647 1396 3742 qui
1429 3646 1613 3742 aliquando
1644 3649 1749 3722 eratis
1869 3641 1874 3652 ³

273 3767 387 3859 longe,
413 3763 492 3836 lacti
518 3765 601 3835 estis
628 3783 740 3857 prope
765 3763 800 3834 in
825 3766 993 3859 sanguine
1019 3765 1151 3838 Christi.
1193 3756 1222 3806 ⁴⁸
1237 3767 1317 3862 lpse
1343 3775 1397 3840 est
1415 3767 1505 3839 enim
1522 3790 1594 3863 pax
1619 3779 1747 3856 nostra,

274 3886 331 3980 qui
358 3885 436 3957 iecit
461 3893 605 3980 utraque
630 3905 745 3970 rmum,
772 3893 809 3956 et
833 3883 985 3957 medium
1010 3885 1177 3980 parietem
1204 3887 1400 3960 machariae
1427 3889 1583 3974 solvens,
1641 3881 1669 3926 ¹⁶
1683 3889 1748 3960 ini-

274 4005 418 4078 micitias
452 4005 486 4076 in
518 4025 623 4078 carne
656 4025 734 4090 sua,
767 4005 882 4098 legem
914 3993 1154 4079 mandatorum
1189 4005 1339 4079 decretis
1372 4027 1561 4093 evacuans,
1596 4017 1634 4080 ut
1658 4007 1748 4080 duos

275 4127 403 4199 condat
427 4127 461 4198 in
488 4133 599 4197 semet
624 4124 735 4218 ipsum
761 4124 796 4196 in
820 4149 925 4198 unum
951 4148 1080 4200 novum
1105 4127 1296 4213 hominem,
1329 4127 1457 4200 iaciens
1482 4149 1621 4222 pacem,
1670 4119 1697 4165 ¹⁶
1713 4133 1749 4200 et
1885 4201 1890 4218 ,

274 4245 472 4317 reconciliet
496 4243 619 4316 ambos
644 4245 679 4314 in
706 4265 773 4317 uno
799 4267 948 4341 corpore
973 4245 1043 4320 deo
1068 4267 1132 4340 per
1148 4267 1296 4332 crucem,
1322 4246 1526 4319 interficiens
1543 4247 1748 4320 inimicitiam

274 4364 309 4434 in
334 4373 447 4434 semet
470 4362 557 4456 ipso.
608 4357 636 4400 ⁴⁷
651 4363 693 4436 Et
717 4367 860 4438 veniens
886 4365 1134 4460 evangelizavit
1158 4387 1283 4461 pacem
1308 4368 1411 4438 vobis
1437 4367 1495 4460 qui
1511 4368 1616 4461 longe
1640 4369 1748 4440 luistis

275 4493 311 4554 et
335 4503 458 4576 pacem
484 4481 537 4553 his
562 4481 620 4576 qui
645 4505 772 4577 prope,
816 4476 1016 4578 ¹⁸qu0niam
1041 4509 1107 4581 per
1130 4486 1242 4581 ipsum
1260 4485 1428 4558 hebemus
1446 4509 1626 4562 accessum
1644 4489 1748 4562 ambo

275 4603 309 4673 in
333 4623 403 4674 uno
429 4601 549 4696 spiritu
575 4601 622 4675 ad
646 4609 790 4697 patrem.
843 4595 918 4652 'm‘
935 4606 1028 4698 Ergo
1061 4606 1129 4677 iam
1159 4607 1339 4678 nonestis
1372 4605 1530 4700 hospites
1557 4620 1592 4682 et
1618 4603 1746 4683 'adve-

274 4745 351 4810 nae,
378 4721 442 4796 sed
469 4721 552 4794 estis
577 4721 671 4794 cives
697 4731 893 4796 sanctorum
919 4735 956 4797 et
980 4725 1160 4797 domestici
1186 4725 1257 4812 dei,
1299 4717 1328 4766 ¹⁰
1343 4725 1620 4821 superaedificati
1645 4749 1750 4822 super

274 4843 532 4944 l'undpmentum
564 4843 801 4938 apostolorum
835 4853 870 4916 et
901 4845 1164 4941 prophetarum,
1191 4845 1268 4939 ipso
1294 4868 1430 4919 summo
1457 4847 1611 4941 angulari
1636 4847 1750 4942 lapide

274 4963 408 5035 Christo
433 4964 526 5049 lesu,
568 4953 592 5002 ¹⁴
612 4964 647 5034 in
673 4985 742 5059 qno
775 4963 885 5038 omnis
912 4963 1104 5038 aedificatio
1139 4975 1334 5040 constructa
1367 4967 1490 5039 crescit
1522 4967 1557 5038 in
1587 4967 1750 5061 templum

274 5093 431 5157 sanetum
456 5084 491 5155 in
517 5081 676 5171 domino,
719 5077 793 5157 ¹'in
819 5107 888 5180 quo
915 5095 951 5157 el
975 5107 1041 5158 vos
1069 5083 1339 5159 coaedificamini
1372 5087 1405 5160 in
1438 5087 1666 5161 habitaculum
1693 5087 1750 5161 dei

274 5206 308 5276 in
335 5205 463 5301 spiritu.

854 5309 944 5394 121
982 5349 1025 5364 -
1053 5309 1090 5397 ll,
1117 5311 1177 5386 22.

1362 5437 1410 5506 39
1426 5435 1448 5480 *
1566 5479 1571 5490 ·
