4102 6128
827 459 1109 527 Pnotncottmvl
1372 465 1373 468 ’
1679 491 1715 539 11

218 663 437 736 comitatus.“
486 661 653 734 Narratur
684 662 720 734 in
751 663 793 734 iis
827 685 917 756 quae
949 677 1154 759 sequuntur,
1180 668 1216 738 S.
1243 669 1489 759 Benedctum,
1518 698 1626 768 quum
1652 700 1717 771 per
1807 747 1815 761 ,

216 794 364 858 noctem
392 781 548 856 Germani
574 782 728 876 Capuani
755 785 911 878 episcopi
939 786 1089 859 animam
1115 789 1150 858 in
1184 788 1338 883 sphaera
1369 791 1474 884 ignea
1507 796 1554 867 ab
1584 799 1716 891 angelis

218 907 253 976 in
281 907 419 978 caelum
445 903 569 977 deferri
595 904 824 997 conspiceret,
851 914 888 976 ut
913 907 996 977 tanti
1021 907 1175 980 miraculi
1200 917 1327 980 testem
1353 911 1518 1002 haberet,
1554 937 1604 990 ex
1629 919 1715 990 inle-

217 1026 315 1096 riore
334 1026 434 1097 turris
458 1032 555 1118 parte
580 1025 616 1096 in
643 1026 860 1118 superiorem
887 1047 1036 1098 vocasse
1062 1028 1109 1100 ad
1127 1049 1168 1098 se
1185 1027 1417 1104 Servandum.
1444 1035 1580 1110 Rursus
1600 1039 1716 1132 paullo

217 1146 308 1216 inira
343 1145 390 1216 de
421 1144 543 1216 eadem
575 1145 661 1215 turri
697 1145 874 1217 Casinensi
907 1167 1087 1241 exponens
1120 1148 1230 1225 hahet
1267 1149 1324 1233 „ln
1356 1153 1432 1224 eius
1453 1158 1644 1229 vestibulo
1671 1157 1718 1230 ad

218 1265 388 1357 angulum
413 1264 511 1336 turris
537 1265 739 1336 orientalem
767 1274 909 1336 exstant
931 1267 1058 1338 mdera
1082 1268 1214 1340 veteris
1245 1267 1334 1340 illius
1359 1269 1551 1347 habitaculi
1585 1277 1715 1370 largio-

218 1385 284 1470 ris,
313 1385 349 1456 in
376 1407 445 1478 quo
469 1383 644 1456 Benedicti
670 1395 705 1456 et
730 1384 900 1457 Servandi
927 1385 1084 1480 discipuli
1110 1387 1329 1482 requievisse
1356 1391 1550 1466 dicuntur.“

315 1533 507 1612 Invenimus
533 1541 634 1634 igitur
661 1540 878 1613 Servandum
906 1541 1110 1635 discipulum
1145 1543 1182 1612 S·
1210 1542 1404 1632 Benedicti,
1439 1533 1610 1620 abbatem
1636 1567 1727 1623 m0-‘

217 1665 363 1736 nasterii
389 1685 410 1734 a
434 1661 567 1734 liberio
594 1663 739 1755 patricio
766 1661 996 1734 inhonorem
1024 1665 1057 1734 S.
1085 1661 1281 1733 Sebastiani
1307 1668 1496 1750 „extremis
1524 1668 1563 1738 in
1590 1667 1714 1743 linibus

217 1785 328 1856 Latii“
353 1783 537 1869 aedificati,
564 1803 654 1854 anno
682 1781 767 1854 544.
793 1782 962 1854 visentem
989 1761 1066 1854 cum
1095 1783 1202 1876 ipsius
1230 1784 1361 1878 aliquot
1393 1769 1576 1880 discipulis
1602 1812 1712 1864 vene·

216 1905 369 1977 rabilem
396 1926 493 1976 suum
526 1903 729 1996 magistrum
764 1902 799 1972 in
825 1900 949 1974 Casino
975 1912 1103 1974 monte.
1154 1904 1314 1976 Eundem
1346 1927 1414 1998 pro
1440 1907 1576 1980 codicis
1604 1915 1712 1985 nostri

218 2003 368 2098 anctore
390 2025 520 2098 habere
545 2025 621 2119 quis
648 2023 841 2095 dubitabili
867 2023 990 2116 Neque
1017 2045 1038 2092 a
1068 2043 1155 2094 vero
1182 2025 1288 2118 longe
1315 2024 1548 2114 aberraverit,
1576 2031 1609 2102 si
1635 2036 1712 2128 quis

217 2169 301 2219 eum
328 2147 419 2218 circa
449 2169 573 2218 annum
601 2144 703 2232 544,
731 2143 878 2216 eundem
911 2143 1080 2236 subque
1106 2144 1141 2214 in
1167 2146 1352 2217 annalibus
1380 2146 1507 2220 ordinis
1534 2151 1570 2222 S.
1596 2153 1710 2228 Bene-

219 2268 303 2341 dicti
331 2267 493 2351 oocurrit,
528 2266 708 2361 scripsisse
742 2263 876 2338 dixerit.
930 2263 1161 2357 Significatum
1190 2267 1283 2337 enim
1313 2275 1371 2337 est
1395 2269 1414 2338 l.
1439 2269 1460 2340 l.
1487 2271 1709 2350 Servandum

217 2389 276 2460 illo
304 2399 462 2481 tempore
487 2387 555 2459 iam
582 2387 695 2480 ipsum
722 2385 912 2478 discipulos
940 2383 1112 2456 habuisse.

313 2543 497 2614 Praeterea
527 2543 646 2614 nescio
681 2563 726 2613 au
761 2563 839 2612 curn
869 2538 1035 2611 Bandinio
1062 2541 1198 2626 faciam,
1232 2563 1282 2613 ex
1310 2545 1461 2619 carmine
1488 2549 1708 2630 dedicatorio

219 2663 437 2748 coniiciente,
465 2663 679 2736 Servandum
705 2662 774 2732 iam
800 2681 920 2731 senem
945 2661 1070 2731 iactum
1097 2661 1212 2734 audita
1239 2661 1399 2758 Gregorii
1431 2659 1607 2762 pontificis
1634 2681 1706 2752 ele-

219 2785 332 2856 ctione
372 2807 460 2856 anno
496 2787 580 2857 590.
614 2783 705 2855 hunc
741 2781 925 2852 bibliorum
959 2780 1116 2852 codicem
1150 2783 1182 2853 ei
1215 2782 1311 2884 dono
1343 2787 1491 2862 misisse.
1545 2795 1705 2894 Namque

218 2903 287 2975 boc
314 2905 453 2998 quidem
479 2907 540 2978 vix
567 2903 708 2977 dubium
736 2912 804 2988 est,
831 2904 951 2971 culmen
974 2903 1148 2972 omercbilc
1173 2907 1277 2990 Petri,
1313 2905 1409 2998 quod
1440 2907 1477 2980 in
1504 2916 1620 3006 primo
1648 2919 1701 2992 (ᾗ.

218 3023 329 3096 sticho
357 3035 418 3112 est,
446 3025 492 3097 de
519 3025 709 3118 apostolica
736 3021 822 3094 sede
848 3022 932 3108 dici;
960 3021 1253 3116 quemadmodum
1279 3025 1314 3094 in
1332 3027 1484 3100 carmine
1507 3032 1542 3103 in
1561 3035 1701 3112 laudem

218 3145 400 3217 Caelestini
425 3147 447 3216 l.
474 3143 644 3240 pontificis
676 3143 822 3214 Romani
855 3143 1047 3237 composito
1081 3143 1281 3238 Romaeque
1322 3145 1357 3216 in
1389 3149 1540 3224 ecclesia
1572 3157 1606 3226 S.
1635 3161 1698 3229 Sa·
1733 3189 1735 3199 ’

216 3267 319 3338 binae
344 3266 485 3337 musivo
507 3287 617 3359 opere
649 3285 821 3358 expresso
854 3263 977 3356 legitur
1017 3265 1143 3332 Galmcn
1175 3266 1380 3355 apostolicum
1418 3290 1491 3338 cum
1529 3276 1698 3348 celestinus

217 3387 343 3456 moeret
367 3396 430 3458 etc.
441 3381 462 3477 1)
516 3385 626 3456 Ninus
660 3393 793 3456 certum
825 3393 892 3468 est,
927 3382 973 3454 ad
1009 3382 1211 3476 Gregorium
1245 3385 1407 3478 Magnum
1434 3412 1540 3482 quum
1572 3395 1695 3466 sedem

217 3507 441 3600 apostolicam
477 3515 685 3600 occupasset
718 3525 739 3574 a
773 3503 952 3576 Servando
985 3525 1070 3576 sene
1103 3503 1258 3576 codicem
1291 3506 1434 3578 missum
1467 3530 1557 3581 esse.
1610 3513 1694 3586 lnde

216 3627 307 3697 enim
333 3627 427 3719 qnod
454 3625 499 3698 de
525 3627 602 3720 ipso
628 3613 800 3720 pontifice,
828 3623 1003 3717 adquam
1030 3623 1116 3696 liber
1141 3625 1346 3713 mitteretur,
1374 3627 1454 3700 nihil
1479 3632 1513 3700 in
1541 3635 1693 3706 carmine

216 3746 378 3840 scriptum
413 3755 481 3830 est,
516 3746 615 3818 facile
656 3745 861 3819 concluserit
901 3745 1021 3838 aliquis
1057 3745 1117 3816 vix
1159 3747 1380 3840 cogitandum
1412 3771 1495 3822 esse
1535 3750 1583 3822 de
1615 3753 1691 3825 viro

215 3875 309 3938 tanto
335 3875 454 3960 totque
481 3869 667 3960 conspicuo
700 3867 898 3952 virtutibuS,
934 3865 1061 3960 quippe
1093 3887 1180 3960 quas
1215 3877 1356 3960 poetam
1389 3880 1558 3943 tacturum
1584 3873 1690 3946 luisse

213 3987 394 4080 probabile
421 3987 473 4058 sit.
528 3988 631 4072 Quod
658 3987 819 4082 equidem
852 4010 922 4059 non
956 3987 1070 4079 magni
1102 3985 1235 4058 faciam.
1286 3987 1318 4059 Α
1343 3975 1503 4084 persona
1527 3993 1618 4064 enim
1643 3995 1692 4087 pii

214 4105 315 4191 senis,
344 4107 553 4201 cogitatione
578 4109 700 4180 mortis
724 4109 832 4202 pleni,
860 4107 998 4178 minime
1025 4107 1190 4180 abhorret
1213 4109 1326 4203 ipsum
1353 4111 1509 4198 Petrum,
1538 4122 1689 4199 „tantum

211 4237 346 4320 patrem
372 4228 406 4298 in
433 4228 536 4301 caelis
544 4234 574 4314 ,“
601 4251 704 4322 quarn
729 4228 925 4323 pontificem
952 4231 1109 4322 quamvis
1144 4230 1332 4323 gloriosum
1365 4232 1467 4302 malle
1499 4233 1686 4305 celebrare.

211 4350 330 4441 Neque
356 4350 468 4442 magis
502 4349 651 4443 opinioni
677 4339 933 4421 nostrae'illud
966 4348 1082 4420 obstat
1108 4349 1203 4442 quod
1230 4373 1320 4422 anno
1348 4353 1432 4424 590.
1487 4353 1687 4426 Servandus

213 4477 391 4541 senectute
418 4468 608 4542 admodum
633 4481 797 4564 provecta
823 4468 1027 4564 cogitandus
1054 4478 1117 4542 est.
1169 4471 1327 4543 Monachi
1362 4472 1453 4544 enim
1485 4494 1685 4566 nonagena-

211 4591 251 4661 rii
276 4611 390 4683 neque
415 4599 488 4662 tum
514 4611 628 4684 neque
654 4589 770 4664 hodie¹
786 4591 863 4663 reri.
902 4589 1054 4676 Accedit,
1082 4589 1187 4684 idque
1213 4615 1321 4686 grave
1348 4602 1409 4678 est,
1438 4594 1533 4687 quod
1558 4616 1684 4688 perve-

211 4719 265 4782 tus
292 4709 427 4783 traditio
452 4709 523 4796 illa,
551 4733 598 4782 ex
622 4734 690 4804 qua
713 4713 830 4784 codex
855 4713 996 4806 propria
1021 4734 1125 4784 manu
1152 4713 1309 4806 Gregorii
1332 4714 1446 4803 Magni
1473 4715 1685 4809 conscriptus
1709 4764 1711 4774 .

209 4831 404 4916 dicebatur,
437 4832 535 4904 facile
566 4832 646 4903 inde
673 4833 753 4904 oriri
784 4843 922 4927 poterat
954 4831 1050 4927 quod
1092 4843 1186 4905 certe
1220 4833 1266 4907 ad
1300 4833 1447 4906 eundem
1483 4835 1684 4928 Gregorium

210 4953 305 5024 dono
332 4952 457 5023 missus
484 4961 579 5023 esset
603 4962 858 5049 proptereaque
886 4953 1013 5025 abillo
1046 4953 1126 5026 inde
1160 4962 1317 5050 tempore
1349 4955 1497 5048 aliquam
1524 4956 1682 5028 celeber-

208 5075 283 5148 rimi
308 5073 455 5145 nominis
482 5071 639 5166 Gregorii
663 5075 939 5146 communionem
965 5073 1119 5145 haberet.

295 5353 322 5428 4)
343 5349 448 5414 lielert
468 5349 661 5430 Giampini
683 5349 715 5412 in
736 5349 802 5412 Vet.
824 5351 957 5412 Nonum.
979 5352 1092 5414 Romae
1108 5349 1200 5415 4690.
1223 5350 1243 5412 l.
1266 5367 1334 5433 cap.
1349 5347 1433 5414 XXl.¹
1450 5372 1482 5434 p.
1507 5353 1575 5415 490.

1362 5464 1381 5525 b
1394 5463 1410 5500 1
