4220 6124
731 443 913 510 EPISTULA
938 445 991 509 An
1018 444 1246 510 CORINTHIOS
1271 445 1291 506 1.
1426 513 1430 520 ,
1678 443 1744 517 281

266 674 337 726 non
362 653 422 730 out
451 652 610 725 voluntas
640 661 679 722 ut
710 673 800 722 nunc
834 651 979 738 veniret,
1011 651 1126 724 veniet
1158 659 1274 722 autem
1307 669 1385 720 cum
1412 649 1444 718 ei
1470 671 1618 722 vacuum
1644 650 1753 722 suerit.

266 765 293 810 ¹³
306 763 360 822 ΨΒ)
374 773 537 866 Vigilate,
573 778 662 842 state
687 769 721 842 iu
747 769 827 855 fide,
854 770 996 843 uiriliter
1022 770 1114 864 agita
1141 780 1176 842 et
1202 769 1449 842 confortamini.
1501 761 1528 808 ⁴*
1541 771 1664 843 Omnia
1689 793 1754 843 ve-

268 903 339 965 stra
372 893 407 962 in
436 891 578 963 caritate
610 891 701 962 fiant.
746 882 772 928 ⁴⁵
785 880 836 938 (ω)
855 889 1012 962 Obsecro
1049 901 1162 962 autem
1194 913 1276 978 vos,
1303 892 1447 962 fratres:
1474 891 1584 963 nostis
1612 891 1754 964 domum

268 999 464 1108 Stephanae
497 1021 533 1082 at
560 1005 603 1082 'F
605 1011 767 1095 ortunati,
801 1010 964 1102 quoniam
1000 1021 1079 1082 sunt
1104 1011 1275 1106 primitiae
1300 1009 1453 1083 Achaiae
1480 1020 1515 1082 et
1539 1010 1586 1082 in'
1600 1013 1755 1084 ministe-

267 1133 353 1204 rium
390 1141 587 1205 sanctorum
623 1131 870 1204 ordinaverunt
905 1153 945 1202 se
979 1131 1091 1225 ipsos;
1135 1123 1162 1168 ¹⁶
1179 1141 1215 1203 ut
1250 1141 1286 1204 et
1311 1153 1376 1204 vos
1403 1131 1530 1204 subditi
1557 1131 1629 1203 sitis
1661 1134 1754 1204 aius-

268 1253 364 1326 modi
389 1263 425 1324 et
451 1252 544 1324 omni
569 1251 771 1346 cooperanti
798 1261 834 1324 et
859 1251 1039 1324 laboranti.
1092 1244 1118 1287 ⁴⁷
1131 1242 1187 1300 (ω)
1201 1252 1347 1326 Gaudeo
1382 1260 1498 1324 autem
1523 1252 1560 1322 in
1584 1274 1754 1347 praesen-

268 1375 314 1444 tia
346 1371 543 1466 Stephanae
576 1383 612 1444 et
645 1369 820 1444 Fortunati
853 1381 888 1442 et
920 1369 1077 1458 Achaici,
1113 1371 1278 1466 quoniam
1312 1373 1349 1445 id
1375 1373 1472 1466 quod
1503 1373 1605 1445 vohis
1632 1373 1770 1448 deerat

268 1493 334 1586 ipsi
375 1495 635 1588 suppleverunt:
690 1483 924 1562 ⁴⁸retecerunt
961 1493 1052 1564 enim
1093 1502 1128 1564 et
1166 1515 1284 1566 meum
1324 1493 1479 1587 spiritum
1515 1503 1551 1567 et
1588 1503 1754 1568 vestrum.
1828 1479 1833 1508 ¹

269 1613 475 1707 Cognoscite
508 1635 594 1706 ergo
629 1612 686 1706 qui
719 1611 889 1684 eiusmodi
916 1619 1003 1683 sunt.
1055 1603 1083 1650 ¹⁹
1099 1602 1146 1658 ‘⁷¹'
1164 1615 1319 1686 Salutant
1349 1633 1415 1686 vos
1441 1613 1611 1686 moloniae
1637 1615 1754 1689 Asiae.

269 1734 424 1804 Salutant
447 1753 513 1804 vos
540 1732 574 1802 in
600 1731 741 1804 domiuo
767 1731 910 1802 multum
936 1729 1060 1824 Aquita
1085 1743 1121 1804 et
1145 1733 1264 1808 Prisca
1290 1755 1368 1805 carm
1393 1731 1586 1808 domestica
1611 1757 1674 1808 sua
1693 1759 1755 1809 ec·
1854 1795 1857 1806 .

269 1853 384 1925 clesia.
427 1843 455 1890 ¹⁰
471 1853 624 1924 Salutant
648 1873 714 1923 vos
739 1853 862 1924 iratres
888 1871 1021 1924 omnes.
1058 1833 1217 1927 'Salutate
1243 1853 1391 1926 invicem
1416 1853 1451 1926 in
1478 1857 1598 1928 osculo
1623 1869 1753 1932 sancto.

267 1965 291 2011 ²⁴
308 1963 359 2018 (τ’)
378 1973 542 2046 Salutatio
577 1993 658 2044 mea
692 1995 797 2045 manu
830 1972 933 2044 Pauli.
976 1965 1004 2012 Ἠ
1020 1973 1056 2044 Si
1087 1973 1163 2068 quis
1195 1995 1266 2046 non
1301 1983 1395 2047 amat
1429 1973 1605 2051 dominum
1640 1978 1752 2052 lesum

269 2091 454 2179 Christum,
494 2093 539 2166 sit
572 2091 765 2166 anathema.
803 2087 1034 2168 'timonatha
1097 2085 1124 2132 ¹³
1138 2093 1253 2166 Gratia
1285 2093 1416 2168 domini
1448 2097 1527 2170 lesu
1559 2098 1751 2174 vobiscum.

267 2203 295 2252 ’⁸
312 2212 443 2286 Caritas
470 2235 550 2286 mea
577 2235 655 2286 cum
683 2211 842 2285 omnihus
868 2211 971 2285 vohis
998 2214 1033 2284 in
1058 2213 1194 2287 Christo
1220 2215 1306 2287 lesu.
1346 2214 1469 2288 Amen.

916 2379 1091 2448 EXPLICIT
