4254 6130
689 1093 847 1172 INCIPIT
883 1103 1009 1180 LIBER
1041 1109 1220 1182 AC'IUUII
1252 1109 1581 1182 APOSTOLOIIUIII.

466 1307 494 1378 l·
524 1313 598 1392 Ubi
635 1329 766 1410 dicitur
793 1342 991 1440 Theophila
1021 1351 1170 1444 prImum
1204 1372 1401 1423 sermonem
1436 1351 1505 1423 iam
1539 1351 1665 1422 lactum
1700 1352 1808 1423 baisse
1834 1349 1880 1424 de

527 1449 711 1535 <tuentius
739 1471 776 1531 et
803 1465 961 1542 doctrina
989 1470 1120 1544 Christi.

460 1549 497 1624 ll·
528 1559 601 1638 Ubi
629 1593 833 1675 exsurgens
860 1588 982 1662 Petrus
1007 1590 1043 1662 iu
1068 1588 1186 1661 medio
1212 1590 1353 1662 fratrum
1387 1590 1475 1664 dixit
1501 1591 1549 1663 da
1579 1592 1678 1663 turba
1705 1589 1879 1663 bominum

532 1683 613 1762 lere
641 1696 744 1773 CXX,

451 1796 506 1874 Ul·
533 1805 605 1945 Ubi
634 1826 822 1918 eompletis
848 1828 973 1902 diebus
998 1839 1225 1924 pentecosten
1250 1832 1380 1926 pariter
1405 1841 1503 1903 erant
1526 1832 1728 1924 congregati
1754 1841 1790 1902 et
1807 1832 1878 1926 spi·
1915 1869 1921 1882 x

537 1944 629 2010 ntus
656 1955 800 2019 sanctus
826 1950 1025 2043 supervenit
1050 1949 1086 2020 in
1111 1971 1184 2022 eoa.

444 2045 512 2122 IIII
539 2053 610 2132 Ubi
638 2073 734 2140 stans
760 2069 882 2142 Petrus
908 2092 990 2142 curn
1013 2070 1057 2140 XI
1082 2071 1211 2143 levavit
1236 2093 1362 2144 vocem
1388 2094 1486 2144 suam
1514 2083 1550 2143 et
1573 2072 1708 2144 locutus
1734 2083 1797 2144 est.

472 2173 514 2246 V.
541 2177 612 2255 Ubi
638 2189 874 2262 testimonium
899 2189 1021 2262 Petrus
1047 2189 1094 2264 de
1119 2193 1197 2264 lesu
1221 2193 1404 2265 Nazareno
1431 2193 1513 2266 dicit
1538 2193 1585 2266 ad
1611 2193 1785 2287 populum.

457 2294 516 2368 Vl.
543 2299 612 2376 Ubi
639 2307 803 2382 dixerunt
828 2308 875 2381 ad
900 2310 1038 2382 Petrum
1064 2321 1101 2384 et
1125 2312 1172 2384 ad
1197 2313 1348 2406 reiquae
1375 2315 1555 2408 apostolos
1582 2312 1673 2399 Quid
1704 2313 1877 2400 faciemus

548 2425 613 2498 viri
639 2430 779 2503 fratres:
806 2440 843 2502 et
867 2430 988 2504 Petrus
1014 2432 1062 2504 ad
1087 2431 1163 2506 illos
1188 2433 1444 2519 Paenitentiam,
1471 2435 1587 2528 inquit,
1615 2433 1715 2526 agite.

453 2543 519 2616 Vll.
546 2545 611 2620 Ubi
636 2551 697 2644 qui
721 2559 929 2644 receperunt
955 2573 1152 2624 sermonem
1179 2555 1254 2626 eius
1279 2554 1443 2648 baptizati
1468 2566 1557 2627 aunt.

446 2667 525 2740 IIII
552 2668 619 2742 Ubi
643 2669 765 2744 Petrus
792 2681 828 2743 at
852 2671 1022 2744 Iohannes
1048 2672 1286 2748 ascendebant
1317 2675 1352 2746 in
1377 2675 1542 2766 templum
1575 2672 1622 2745 ad
1647 2673 1770 2750 horam
1795 2693 1877 2746 ora-

549 2792 652 2864 tionis
678 2811 821 2863 nonam:
849 2801 885 2863 et
910 2791 956 2864 de
981 2793 1095 2866 alodo.

466 2913 519 2984 lX.
546 2912 612 2984 Ubi
637 2912 758 2984 Petrus
784 2921 821 2984 et
844 2912 1014 2986 lohannes
1039 2915 1221 3006 loquentes
1248 2911 1294 2986 ad
1310 2915 1493 3008 populum:
1519 2923 1791 3008 supervenerunt
1817 2935 1877 2986 sa·

552 3032 715 3106 oerdotes
740 3041 777 3104 et
801 3033 1021 3126 magistratus
1047 3033 1175 3127 templi,
1201 3041 1383 3106 tenuerunt
1407 3033 1547 3106 Petrum
1572 3044 1608 3105 et
1631 3033 1816 3106 Iohannem
1844 3035 1878 3104 in

553 3152 745 3228 custodiam
770 3175 817 3226 eo
843 3153 939 3247 quod
965 3153 1202 3230 armunbareut
1224 3153 1259 3224 in
1284 3154 1361 3226 Iesu
1386 3157 1683 3228 resurrectionem.

485 3276 525 3346 X.
552 3275 617 3348 Ubi
649 3285 889 3368 coguoverunt
919 3274 1014 3368 quod
1046 3275 1167 3347 Petrus
1200 3283 1237 3344 et
1267 3273 1436 3346 lohannes
1469 3275 1627 3347 homines
1661 3284 1779 3345 essent.
1805 3274 1877 3346 siue

552 3396 669 3467 litteris
696 3405 732 3467 et
756 3393 894 3480 idiotae,
921 3405 957 3468 et
982 3394 1198 3468 admirabant
1223 3416 1296 3466 eos.

468 3518 521 3588 XI.
548 3517 612 3588 Ubi
639 3516 769 3588 dimissi
800 3515 921 3588 Petrus
954 3525 990 3587 et
1022 3516 1192 3588 Iohannes
1225 3527 1393 3588 venerunt
1425 3516 1473 3588 ad
1506 3539 1605 3602 suos,
1639 3516 1802 3588 dixerunt
1827 3513 1877 3584 eis

551 3646 678 3729 quanta
704 3635 750 3709 ud
777 3653 840 3708 eos
867 3636 1039 3730 principes
1065 3633 1285 3710 sacerdotum
1312 3647 1349 3708 et
1373 3637 1530 3709 seniores
1556 3635 1734 3707 dixissent

457 3757 523 3827 Xll.
550 3757 613 3828 Ubi
640 3756 819 3830 multitudo
852 3755 1065 3830 credentium
1098 3765 1174 3830 erut
1207 3777 1268 3828 cor
1303 3767 1338 3829 et
1372 3757 1486 3830 anima
1518 3776 1603 3841 una,
1631 3765 1667 3828 et
1692 3763 1790 3826 eraut
1814 3753 1876 3824 illia

552 3877 668 3949 omnia
695 3877 898 3949 communia.

382 3977 387 3994 ’
443 3999 521 4069 XIII.
550 3998 613 4068 Ubi
646 3997 818 4070 rlnnanias
851 4006 886 4068 et
919 3996 1062 4090 Saphira
1093 3996 1339 4069 fraudaverunt
1371 3997 1415 4068 de
1442 3995 1552 4092 pretio
1585 3992 1681 4086 quud
1708 3992 1875 4066 vendide-

551 4127 628 4190 rant
655 4129 689 4189 et
714 4117 839 4189 mortui
865 4125 952 4188 sunt.

431 4239 524 4309 XIIII.
553 4239 617 4310 Ubi
647 4261 710 4333 per
745 4259 866 4309 manus
900 4239 1136 4332 apostolorum
1170 4235 1299 4309 fiebant
1329 4237 1427 4330 signa
1460 4247 1494 4308 et
1527 4235 1686 4330 prodigia
1713 4234 1818 4304 multa
1844 4231 1877 4302 in

551 4359 666 4453 plebe.

456 4481 524 4550 XV.
551 4479 615 4550 Ubi
642 4475 835 4572 exsurgens
862 4479 1022 4574 princeps
1049 4477 1270 4550 sacerdotum
1303 4487 1338 4548 et
1363 4477 1420 4570 qui
1455 4499 1532 4548 cum
1558 4497 1602 4548 eo
1635 4485 1733 4548 erant
1758 4474 1878 4569 repleti

552 4601 628 4672 zelo
655 4609 835 4675 tenuerunt
867 4601 1047 4693 apostolos
1082 4609 1117 4670 et
1150 4611 1340 4692 posuerunt
1371 4598 1446 4668 illos
1477 4597 1511 4667 in
1545 4596 1701 4668 custodia
1730 4593 1876 4688 publica,

552 4721 598 4792 illi
624 4731 739 4794 autem
767 4719 881 4793 educti
907 4719 952 4791 ab
979 4719 1104 4813 angelo
1130 4717 1379 4814 praedicabant
1404 4719 1516 4789 lesum
1544 4715 1722 4788 Christum.

446 4841 527 4912 XVI.
554 4842 619 4914 Ubi
645 4851 880 4915 convocantes
907 4841 1085 4935 apostolos
1113 4837 1398 4912 denuntiaverunt
1430 4839 1480 4910 eis
1514 4859 1557 4908 ne
1583 4837 1805 4930 loquerentur
1830 4833 1876 4905 de

553 4963 691 5036 nomine
716 4963 793 5034 lesu
820 4969 855 5033 et
881 4959 1081 5032 dimiserunt
1106 4981 1178 5032 eos.

431 5081 524 5152 XVII.
554 5085 603 5153 De
627 5105 771 5156 numero
799 5081 1024 5154 crescentium
1051 5081 1306 5176 discipulorum,
1334 5090 1369 5150 et
1394 5099 1546 5150 murmur
1572 5077 1784 5150 Graecorum
1810 5071 1875 5144 ad-

552 5223 674 5275 versus
700 5203 868 5290 Hebreos,
896 5214 932 5276 et
957 5203 1124 5274 electione
1152 5212 1285 5297 septem
1312 5200 1545 5272 diaconorum.
