4242 6118
334 473 338 480 .
368 420 440 491 tlt
797 379 1037 485 svnnosuun
1067 419 1269 482 sucunnun
1295 416 1420 480 iucnu

1322 525 1424 532 ...—---
1452 523 1474 530 --
1493 519 1854 530 -ή--η--ο--α-ι-η-

365 628 407 697 Et
434 625 574 716 contigit
600 623 683 694 dum
710 625 783 708 iret,
813 646 833 694 a
860 625 960 694 turba
987 622 1289 715 comprimebatur.
1341 610 1422 691 ‘lm
1449 620 1571 692 mulier
1589 617 1762 712 quaedam
1782 629 1857 688 erat

366 747 401 816 in
428 746 523 815 lluxu
542 743 718 833 sanguinis
738 743 782 812 ab
802 744 901 815 annis
919 742 1116 827 duodecim,
1145 763 1236 833 quae
1255 742 1289 812 in
1308 739 1467 812 medicos
1486 747 1697 832 erogaverat
1715 758 1855 808 omnem

369 861 596 936 substantiam
625 882 724 933 suam
752 883 817 932 nec
846 863 891 935 ab
918 863 988 934 ullo
1014 862 1126 956 potuit
1152 862 1281 934 curari:
1326 849 1353 898 ⁴⁴
1367 860 1517 932 accessit
1551 869 1645 930 retro
1682 867 1717 928 et
1749 857 1857 948 tetigit

369 983 539 1056 fimbriam
567 981 762 1052 vestimenti
790 982 876 1066 eius,
904 992 939 1052 at
965 982 1146 1054 confestim
1173 982 1266 1052 stetit
1292 981 1406 1052 fluxus
1433 978 1610 1070 sanguinis
1637 977 1721 1048 eius.
1773 965 1801 1012 *⁵
1816 977 1858 1046 Et

371 1105 417 1176 ait
442 1105 540 1173 lesus
567 1099 652 1184 Quis
679 1102 817 1193 estqui
845 1123 901 1172 me
929 1101 1305 1194 tetigit‘l'Negantibus
1331 1109 1447 1171 aulem
1481 1098 1642 1171 omnibus
1676 1095 1763 1167 dixit
1788 1095 1856 1166 Pa-

372 1235 443 1294 trus
471 1231 506 1292 et
533 1220 695 1312 quicum
722 1220 779 1291 illo
806 1231 906 1292 erant
931 1221 1151 1314 Praeceptor,
1179 1219 1301 1292 turbae
1328 1231 1362 1290 te
1387 1219 1618 1312 comprimunt
1644 1225 1679 1286 et
1697 1214 1856 1307 affligunt,

373 1351 408 1413 et
434 1341 520 1412 dicis
549 1339 634 1424 Quis
660 1359 717 1410 me
743 1339 879 1430 tetigit?
931 1328 958 1378 ⁴⁰
974 1339 1016 1410 Et
1043 1339 1130 1411 dixit
1154 1341 1252 1412 lesus
1285 1339 1409 1432 Tetigit
1440 1361 1497 1409 me
1531 1337 1669 1430 aliquis:
1698 1357 1778 1406 nam
1805 1329 1859 1404 'et

373 1481 440 1552 ego
468 1460 548 1530 novi
575 1459 736 1528 virtutem
765 1458 895 1530 deme
923 1459 1051 1530 exisse.
1103 1449 1130 1498 ⁴⁷
1147 1459 1278 1532 Videns
1305 1469 1420 1530 autem
1448 1457 1571 1528 mulier
1603 1456 1684 1548 quia
1709 1476 1780 1526 non
1806 1454 1857 1524 la-

372 1580 447 1664 tuit,
477 1589 631 1649 tremens
664 1577 759 1647 venit
793 1589 829 1648 et
860 1578 1009 1672 procidit
1049 1589 1128 1650 ante
1162 1577 1276 1672 pedes
1307 1579 1411 1663 illius,
1447 1587 1483 1648 et
1509 1575 1556 1647 ob
1584 1597 1689 1667 quam
1717 1595 1858 1646 causam

373 1684 523 1791 tetigerit
540 1719 630 1776 ,eum
657 1697 819 1769 indicavit
844 1719 964 1768 coram
992 1699 1085 1768 omni
1113 1697 1254 1792 populo,
1282 1709 1317 1768 et
1343 1695 1652 1791 quemammodum
1679 1693 1859 1766 confestim

374 1827 494 1889 sanata
521 1817 573 1888 sit.
625 1803 653 1852 ⁴⁸
671 1814 714 1886 At
739 1816 816 1908 ipse
844 1815 931 1887 dixit
956 1817 999 1886 illi
1027 1818 1123 1902 Filia,
1153 1817 1240 1890 fides
1268 1829 1387 1890 tuate
1415 1818 1548 1889 salvam
1576 1815 1670 1886 lecit:
1707 1813 1800 1886 vade
1826 1814 1859 1882 in

375 1960 471 2030 pace.
525 1928 688 2006 ”Adhuc
709 1921 771 2005 illo
799 1937 964 2028 loquente
990 1938 1086 2008 venit
1112 1959 1132 2008 a
1160 1938 1315 2031 principe
1342 1957 1546 2031 synagogae
1573 1935 1695 2008 dicens
1722 1934 1754 2004 ei
1781 1933 1861 2025 quia
1923 2013 1929 2022 ⁸

329 2081 337 2094 ⁸
375 2067 511 2128 mortua
538 2065 592 2126 cst
619 2053 687 2125 ulia
714 2063 780 2138 tua,
808 2055 877 2126 noli
902 2077 1035 2126 vexare
1062 2057 1164 2127 illum.
1208 2049 1345 2128 ⁵⁰lasus
1373 2065 1491 2129 autem
1518 2055 1636 2128 audito
1663 2053 1732 2126 hoc
1751 2053 1859 2123 verbo

375 2174 556 2269 respondit
581 2175 670 2268 patri
696 2173 833 2266 puellae
861 2175 937 2245 Noli
963 2174 1102 2246 timere:
1136 2177 1241 2248 crede
1274 2187 1424 2260 tantum,
1458 2185 1494 2246 et
1528 2177 1626 2246 salva
1653 2173 1726 2245 erit.
1777 2165 1800 2212 ⁵¹
1821 2172 1862 2242 Et

378 2317 457 2365 cum
483 2295 640 2365 venisset
667 2293 820 2378 domum,
847 2316 918 2365 non
944 2294 1101 2387 permisit
1118 2295 1245 2367 intrare
1265 2317 1384 2366 secum
1403 2315 1614 2388 quemquam
1632 2293 1697 2366 nisi
1723 2291 1860 2364 Petrum

376 2415 539 2485 lacobum
567 2423 603 2484 et
629 2413 815 2484 lobannem
849 2423 885 2484 et
919 2398 1053 2506 patrem
1086 2425 1122 2484 et
1154 2425 1302 2486 matrem
1337 2415 1483 2508 puellae.
1535 2405 1562 2452 ⁵²
1577 2412 1722 2484 Flebant
1747 2423 1861 2484 autem

376 2553 501 2603 omnes
529 2541 565 2602 et
590 2533 801 2625 plangebant
827 2532 927 2603 illam.
980 2533 1026 2603 At
1050 2533 1105 2604 ille
1133 2533 1220 2604 dixit
1253 2536 1366 2607 Nolite
1399 2535 1504 2604 llere:
1539 2555 1609 2604 non
1641 2542 1696 2606 est
1727 2541 1862 2604 mortua

377 2650 443 2722 sed
470 2650 605 2721 dormit.
657 2645 685 2690 ⁵³
701 2652 744 2721 Et
770 2651 978 2723 deridebant
1003 2674 1093 2738 eum,
1121 2655 1271 2726 scientes
1305 2655 1385 2747 quia
1418 2663 1554 2725 mortua
1587 2663 1692 2724 esset.
1745 2643 1863 2745 5‘lpse

377 2781 493 2841 autem
521 2781 642 2842 tenens
669 2793 808 2842 manum
836 2771 911 2842 eius
937 2772 1097 2844 clamavit
1123 2773 1244 2844 dicens
1270 2774 1397 2859 Puella,
1425 2795 1539 2864 surge.
1593 2765 1675 2842 ΕὖΕι
1700 2793 1863 2844 reversus

378 2899 433 2962 est
460 2889 599 2983 spiritus
626 2891 710 2976 cius,
739 2901 775 2962 et
802 2891 952 2961 srurexit
979 2893 1159 2964 continuo:
1188 2904 1224 2963 et
1249 2895 1348 2965 iussit
1366 2893 1410 2964 illi
1428 2892 1503 2964 dari
1523 2891 1744 2965 manducare.
1783 2883 1865 2961 “Et

379 3019 581 3104 stupuerunt
607 3020 772 3104 parentes
799 3010 894 3094 eius;
922 3011 1047 3102 quibus
1082 3013 1251 3106 praecipit
1285 3033 1330 3084 ne
1363 3013 1463 3083 alicui
1498 3011 1655 3084 dicerent
1688 3011 1785 3103 quod
1812 3012 1872 3081 la-'

379 3139 470 3200 ctum
499 3140 583 3200 erat.

1098 3407 1151 3476 lx.

455 3597 557 3652 “ml
572 3607 780 3680 Convocatis
814 3617 929 3680 autem
963 3608 1150 3681 duodecim
1191 3610 1359 3704 apostolis
1400 3609 1499 3681 dedit
1537 3608 1602 3678 illis
1639 3608 1800 3678 virtutem
1833 3615 1868 3676 et

379 3735 589 3818 potestatem
617 3731 865 3819 superomnia
899 3727 1085 3800 daemonia
1116 3739 1152 3800 et
1178 3739 1215 3800 ut
1240 3731 1427 3821 languores
1458 3737 1634 3813 curarent,
1684 3719 1751 3796 'et
1777 3724 1867 3795 misit

378 3843 455 3914 illos
491 3846 694 3936 praedicare
729 3866 874 3938 regnum
908 3847 967 3919 dei
1002 3857 1038 3918 et
1070 3869 1195 3920 sanare
1229 3847 1394 3933 infirmos,
1457 3839 1561 3896 ΜΨ)
1575 3857 1611 3917 et
1643 3846 1690 3916 ait
1716 3844 1763 3916 ad
1788 3845 1867 3917 illos

380 3962 469 4032 Nihil
494 3965 636 4035 tuleritis
663 3966 697 4035 in
729 3966 796 4051 via,
822 3987 938 4058 neque
972 3967 1104 4058 virgam
1139 3988 1253 4060 neque
1287 3987 1409 4062 peram
1442 3987 1556 4059 neque
1592 3985 1718 4059 panem
1750 3985 1867 4056 neque

380 4084 563 4175 pecuniam
588 4105 705 4177 neque
733 4084 822 4156 duas
848 4085 979 4156 tunicas
1006 4085 1182 4169 habeatis,
1220 4075 1284 4158 ⁴et
1308 4087 1343 4156 in
1369 4105 1623 4178 quamcumque
1649 4083 1791 4157 domum
1812 4085 1867 4154 in·-

381 4203 563 4286 traveritis,
591 4203 637 4274 ibi
665 4212 804 4274 manete
831 4213 867 4275 et
892 4204 974 4276 inde
1000 4225 1044 4275 ue
1077 4206 1223 4276 exeatis.
1273 4195 1378 4251 ΝΜ)
1395 4203 1438 4274 Et
1470 4204 1680 4297 quicumque
1711 4225 1781 4276 nou
1808 4225 1868 4274 re-

381 4323 536 4416 ceperint
562 4341 638 4405 vos,
666 4333 837 4394 exeuntes
864 4323 911 4394 de
938 4324 1075 4395 civitate
1102 4325 1158 4396 illa
1184 4325 1288 4396 etiam
1315 4325 1495 4417 pulverem
1522 4323 1654 4416 pedum
1671 4331 1868 4394 vestrormn

381 4443 532 4513 excutite
571 4439 605 4511 in
640 4441 871 4513 testimonium
907 4463 1011 4536 supra
1045 4443 1146 4514 illos..
1183 4435 1291 4490 ΗΜ)
1308 4443 1451 4536 Egressi
1494 4453 1610 4514 autem
1644 4441 1870 4514 circumibant

380 4581 446 4654 per
472 4561 614 4632 castella
642 4561 919 4653 evangelizantes
946 4571 981 4632 et
1007 4571 1169 4634 curantes
1194 4562 1333 4654 ubique.
1372 4554 1475 4610 'lm’
1489 4561 1630 4634 Audiuit
1655 4571 1771 4634 autem
1797 4561 1869 4632 lle-

380 4679 487 4752 rodes
515 4679 684 4752 tetrarcha
711 4679 827 4752 omnia
854 4701 946 4779 quae
972 4679 1105 4753 fiebant
1131 4681 1175 4752 ab
1202 4701 1258 4765 eo,
1286 4691 1322 4752 el
1347 4682 1519 4754 hesitabat
1544 4704 1590 4754 eo
1615 4681 1712 4774 quod
1731 4680 1868 4752 dicere-

380 4807 435 4870 tur
478 4788 530 4870 8θ
557 4799 764 4894 quibusdam
792 4799 872 4893 quia
898 4800 1069 4873 lohannes
1094 4801 1246 4873 surrexit
1271 4821 1293 4872 a
1317 4801 1472 4886 mortuis,
1500 4823 1521 4872 a
1548 4799 1756 4894 quibusdam
1783 4817 1869 4868 vero

382 4919 462 5008 quia
488 4920 604 4994 Helias
631 4921 798 5015 apparuit,
827 4919 872 4992 ab
899 4921 974 4994 aliis
1001 4930 1117 4992 autem
1135 4921 1216 5013 quia
1242 4920 1413 5014 pmpbcta
1430 4941 1519 4994 unus
1545 4921 1592 4993 de
1617 4917 1765 5012 antiquis
1791 4937 1870 4986 sur-

381 5038 482 5107 rexit.
532 5031 606 5112 llll
631 5041 677 5112 ait
702 5039 863 5113 Herodes
889 5039 1077 5112 Iohannem
1104 5061 1173 5133 ego
1200 5039 1386 5114 decollavi:
1414 5042 1491 5134 quis
1517 5051 1634 5112 autem
1661 5047 1715 5110 est
1740 5039 1805 5108 isle
1823 5033 1870 5106 de

259 5227 264 5238 ,
381 5177 452 5250 quo
480 5157 584 5229 audio
612 5181 681 5250 ego
707 5160 813 5231 talia?
839 5159 881 5230 Et
908 5159 1100 5250 quaerebat
1123 5157 1246 5229 videre
1274 5179 1364 5230 erun.
1417 5151 1531 5208 ΝΜ)
1549 5159 1592 5230 Et
1618 5156 1752 5228 reversi
1780 5175 1869 5248 apo-

924 5279 1001 5366 vm,
1030 5277 1077 5349 ra
1105 5315 1157 5329 -
1182 5277 1235 5362 rx,
1267 5281 1323 5348 ro.
