4146 6120
760 1275 970 1350 INCIPIUNT
1004 1276 1223 1352 CAPITULA.

346 1515 368 1583 l.
395 1513 447 1584 De
473 1514 689 1586 inimIoorum
717 1515 967 1586 imitationibus
995 1519 1080 1588 risui
1107 1517 1325 1611 deputandis.

334 1633 368 1702 ll.
395 1634 448 1703 De
476 1633 757 1726 temptationibus
780 1633 981 1720 adversarii,
1009 1658 1098 1728 quae
1116 1636 1247 1708 domini
1271 1637 1345 1708 iore
1363 1637 1498 1729 plurimi
1518 1639 1730 1712 arbitrantur.

321 1748 370 1822 III.
396 1754 449 1822 be
476 1751 616 1823 homine
643 1771 739 1837 vero,
768 1751 865 1846 quod
892 1755 935 1824 sit
962 1756 1079 1848 operis
1105 1756 1268 1829 dominici
1294 1755 1552 1827 documentum.

307 1871 367 1941 IIII.
395 1873 448 1943 De
475 1891 637 1944 sermons
664 1871 790 1956 divino,
820 1872 916 1966 quod
942 1873 986 1944 sit
1012 1875 1130 1968 operis
1158 1875 1286 1948 indicio
1311 1875 1577 1969 praedicandus.

332 1991 370 2061 V.
397 1992 450 2062 De
476 1992 608 2063 cultura
633 1991 809 2084 rongonIs
838 2004 873 2063 et
898 1993 1086 2065 ministerio
1113 1995 1259 2089 pietatis.

315 2111 367 2180 VI.
393 2112 446 2181 De
473 2109 683 2182 caelestibus
701 2110 827 2182 dlvitiis
845 2121 881 2184 et
898 2111 1052 2198 tenende,
1080 2135 1171 2207 quac
1190 2116 1322 2187 animas
1341 2123 1499 2208 egestate
1517 2125 1732 2186 consumunt.

305 2231 369 2300 Vll.
396 2231 449 2302 De
476 2231 554 2322 lege
581 2230 747 2301 libertatis
766 2252 870 2323 quam
897 2231 1041 2323 Implere
1061 2234 1239 2306 omnifaria
1257 2235 1461 2308 exhortatur
1479 2245 1514 2306 et
1533 2235 1727 2306 severitate.
1811 2247 1815 2260 ’

244 2415 252 2424 .
292 2349 369 2420 VIII.
397 2350 449 2420 De
476 2349 578 2421 nudis
605 2350 824 2422 sermonibus
851 2359 887 2420 et
913 2347 983 2421 fide
1010 2351 1084 2422 siue
1111 2353 1284 2447 operibus.

316 2467 370 2538 [Χ.
397 2471 450 2540 De
477 2467 548 2541 fide
575 2489 667 2561 quae
693 2491 763 2540 non
789 2478 908 2562 potest
935 2489 1044 2562 opere
1070 2482 1209 2544 remoto
1236 2472 1373 2543 firmari.

330 2583 370 2656 X.
397 2589 450 2658 De
478 2588 652 2682 magistris
678 2589 737 2680 qni
764 2587 849 2659 citra
876 2597 982 2660 totarn
1010 2591 1259 2682 perfectionem
1287 2611 1367 2664 esse
1394 2611 1464 2662 uon
1492 2603 1646 2684 possunt.

192 2763 201 2772 .
316 2706 369 2776 ru.
397 2709 449 2780 ue
475 2707 591 2799 lingua
615 2706 677 2778 vix
704 2690 891 2779 comaclu(

305 2825 372 2895 XII.
398 2829 448 2898 De
475 2827 645 2919 sapientia
671 2826 810 2896 caelesti
837 2836 872 2896 et
898 2836 1044 2900 terrena.

291 2941 372 3014 xm.
399 2946 452 3014 De
479 2945 599 3014 amicis
626 2943 693 3028 dei,
721 2943 816 3036 quod
843 2946 961 3017 mundi
987 2959 1162 3040 nequeant
1189 2950 1263 3019 lore
1291 2955 1476 3018 amatores.

151 3107 159 3123 ι
278 3060 370 3130 lIlIIl.
398 3062 450 3131 De
477 3060 530 3130 bis
557 3063 615 3153 qui
642 3081 726 3134 vera
752 3057 939 3134 locuntur'.

302 3179 370 3250 XV.
398 3179 451 3250 De
477 3180 609 3251 incerto
636 3180 730 3250 vitae
757 3190 793 3251 et
817 3179 963 3272 prolixis
990 3181 1289 3274 disputationibus.

285 3295 368 3370 XVI.
395 3299 447 3369 De
474 3297 650 3393 suppliciis
676 3296 829 3370 diuitum.

272 3417 368 3490 XVII.
395 3419 447 3490 De
474 3415 703 3490 adversorum
731 3416 933 3489 tolerantiae
959 3419 1193 3491 retributione.

260 3537 369 3609 XVIII.
396 3539 448 3610 De
474 3539 639 3632 passione
665 3546 855 3631 martyrum
882 3546 917 3606 et
943 3536 1082 3609 domini.
1143 3527 1150 3538 “

283 3655 369 3728 ΧΙΧ.
397 3659 449 3728 De
475 3655 640 3728 remediis
666 3655 759 3727 vitae
786 3655 989 3750 praesentis.

293 3777 363 3848 XX.
394 3777 443 3847 De
477 3777 658 3848 virtutibus
698 3787 896 3848 sanctorum
939 3786 974 3846 et
1008 3777 1329 3850 conversationibus
1361 3799 1483 3850 eorum
1516 3781 1573 3873 qui
1608 3779 1730 3851 luerint

393 3897 545 3991 peccatis
573 3895 735 3970 adstricti.

545 4047 771 4114 EXPLICIUNI'
798 4043 982 4113 GAPI'IULA
1004 4047 1054 4110 DE
1077 4047 1261 4112 EPISTULA
1283 4047 1417 4113 meost.
