4102 6128
613 409 856 476 EVANGELIUM
883 407 1093 470 SECUNDUM
1119 410 1330 476 MATTHEUM
1690 425 1738 496 25

346 519 530 528 ...ff-..0—

218 643 296 694 sum
325 619 449 712 dignus
480 625 519 686 ut
543 615 654 686 intres
689 615 752 684 sub
781 623 914 684 tectum
943 631 1078 682 mcum:
1113 616 1182 686 sed
1211 624 1347 690 tantum
1376 621 1434 693 dic
1462 625 1591 712 verbo,
1620 639 1656 700 et
1681 653 1740 704 sa-

217 741 356 814 nabitur
381 759 468 832 puer
495 757 608 808 meus,
654 725 768 806 ⁹Nam
795 743 832 804 et
858 752 932 824 ego
959 731 1066 802 homo
1094 727 1267 805 sumsuh
1295 749 1483 832 potestate,
1512 745 1646 820 habens
1674 752 1739 821 sub

217 885 277 934 me
305 859 442 945 milites,
466 869 502 930 et
528 856 612 928 dico
640 854 719 926 huic
744 855 852 938 Vade,
882 863 921 924 et
949 853 1050 939 vadit,
1078 854 1220 924 etalio
1248 855 1344 945 Veni,
1373 873 1408 944 et
1433 867 1545 953 venit,
1574 879 1609 940 et
1634 893 1738 942 semro

217 985 311 1056 meo
329 983 397 1054 Fac
423 979 500 1063 boc,
529 988 567 1047 et
594 976 686 1048 iacit.
736 967 763 1012 ⁴⁰
779 974 940 1046 Audiens
966 988 1081 1046 autem
1108 975 1220 1044 Iesus
1249 978 1388 1054 miratus
1415 995 1470 1056 est
1497 989 1535 1058 et
1560 992 1736 1083 sequenti-

219 1107 288 1176 bus
322 1125 361 1174 sc
393 1099 480 1172 dixit
513 1097 633 1168 Arnen
667 1095 747 1167 dico
763 1102 764 1110 ’
783 1096 906 1180 nobie,
951 1117 1021 1168 non
1054 1093 1174 1167 inveni
1217 1105 1344 1172 tantam
1378 1103 1485 1176 fidem
1529 1108 1564 1178 in
1595 1109 1733 1180 Israhel.

220 1216 244 1262 ⁴¹
261 1215 337 1270 (Μ)
355 1222 439 1294 Dico
471 1229 591 1292 autem
625 1215 732 1288 vobis
765 1217 862 1310 quod
889 1215 984 1288 multi
1011 1218 1056 1289 ab
1084 1215 1227 1288 oriente
1260 1231 1295 1290 et
1321 1223 1504 1296 occidente
1531 1227 1671 1298 venient
1697 1241 1732 1299 et

219 1343 426 1416 recumbent
458 1363 537 1412 cum
571 1335 757 1410 Abrabam
792 1347 828 1408 et
861 1337 960 1408 Isaac
987 1347 1023 1408 et
1047 1336 1154 1409 Iacob
1191 1335 1224 1406 in
1252 1360 1361 1432 regno
1388 1343 1589 1429 caelorum
1634 1340 1730 1417 ''filii

221 1473 341 1536 autem
374 1463 479 1558 regni
502 1461 676 1532 eicientur
700 1459 742 1528 ¹in
776 1457 942 1530 tenebras
975 1457 1188 1529 exteriores:
1224 1458 1285 1564 ibi
1303 1459 1367 1529 erit
1398 1461 1502 1532 ssetus
1537 1473 1573 1534 et
1599 1465 1729 1536 stridor

219 1585 387 1657 dentium.
438 1574 464 1620 ¹³
477 1573 554 1628 ‘Mi
568 1581 613 1651 Et
647 1577 735 1648 dixit
772 1579 871 1650 iesus
904 1578 1092 1650 centurioni
1124 1575 1237 1662 Vade,
1269 1588 1305 1650 et
1336 1580 1424 1651 sicut
1459 1582 1641 1654 credidisti
1666 1583 1726 1657 fiat

223 1705 295 1776 tibi.
346 1705 388 1774 Et
413 1714 555 1775 sanatus
583 1709 638 1772 est
664 1700 814 1792 puer'iu
838 1699 926 1770 bora
951 1700 1017 1770 iila.
1070 1687 1349 1768 14(Μηῑιοιιιῐι
1376 1701 1536 1773 venisset
1568 1703 1665 1776 lesus
1691 1706 1724 1776 in

211 1826 367 1918 ,domum
394 1823 494 1908 Petri,
520 1820 610 1892 vidit
636 1839 777 1890 socrum
807 1819 881 1890 eius
913 1819 1084 1890 iacentem
1117 1827 1152 1888 et
1184 1817 1451 1891 febricitantem:
1505 1813 1534 1858 ¹⁵
1547 1833 1584 1894 et
1616 1824 1725 1915 tetigit

225 1943 365 2017 manum
393 1944 474 2027 eius,
502 1952 538 2012 et
564 1940 698 2013 dimisit
722 1959 802 2036 eam
828 1939 943 2024 febris,
973 1949 1008 2010 et
1033 1937 1184 2016 surrexit
1209 1947 1244 2009 et
1260 1939 1477 2012 ministrabat
1495 1941 1559 2012 eis.
1574 2005 1578 2012 .
1596 1935 1723 2016 ¹⁶Ves-
1806 2028 1809 2034 ,

227 2085 313 2159 pere
347 2072 461 2134 autem
494 2063 585 2133 tacto
620 2059 822 2154 optulemut
847 2060 888 2130 ei
920 2060 1047 2130 multos
1081 2057 1267 2130 daemonia
1292 2059 1478 2132 habentes:
1508 2072 1546 2133 et
1575 2063 1721 2138 eiciebat
1857 2069 1862 2096 ¹

228 2185 367 2278 spiritus
391 2183 510 2267 verbo,
538 2191 574 2252 et
601 2201 729 2251 omnes
755 2181 846 2250 male
873 2179 1041 2251 habentes
1068 2178 1214 2262 curavit;
1255 2171 1328 2248 Πιιι
1346 2179 1601 2274 adimpleretur
1628 2189 1721 2278 quod

227 2305 358 2378 dictum
385 2313 439 2374 eet
463 2325 527 2396 per
551 2302 694 2373 Esaiam
721 2299 929 2393 prophetam
957 2300 1128 2371 dicentem
1154 2301 1232 2394 lpse
1257 2298 1470 2372 infirmitates
1496 2313 1641 2377 nostras
1660 2330 1720 2379 ao—

230 2425 324 2520 cepit
349 2434 385 2496 et
409 2424 645 2515 egrotatiunes
679 2421 835 2515 portavit.
888 2411 1055 2490 '¹⁸Videns
1081 2429 1195 2492 autern
1221 2422 1317 2492 iesus
1341 2421 1461 2491 turbas
1494 2425 1626 2497 multas
1652 2429 1719 2500 cir·
1837 2411 1842 2418 ¹

230 2569 310 2618 cum
338 2567 386 2628 se,
414 2543 586 2616 iussitire
613 2543 868 2614 transfretum.
920 2532 947 2576 ⁴⁹
960 2531 1037 2586 (Μ)
1049 2539 1093 2609 Et
1119 2539 1292 2610 accedens
1327 2561 1413 2610 unus
1449 2543 1569 2616 scriba
1604 2547 1651 2619 ait
1675 2549 1718 2620 illi

231 2669 405 2760 Magdster,
432 2685 559 2758 sequar
585 2676 620 2733 te
647 2683 867 2755 quocumque
893 2659 984 2732 ieris.
1034 2650 1116 2730 ”Et
1141 2657 1223 2730 dicit
1254 2659 1284 2728 ei
1317 2661 1412 2732 lesus
1438 2661 1572 2756 Vulpes
1598 2669 1719 2742 foveas

232 2790 365 2862 babent
389 2795 424 2856 et
449 2781 611 2856 v‘olucres
638 2781 726 2853 caeli
751 2781 867 2852 nidos:
894 2780 982 2851 tilius
1010 2790 1124 2852 arrtem
1157 2779 1305 2851 hominis
1338 2801 1408 2852 non
1434 2780 1543 2855 babet
1569 2789 1630 2862 ubi
1655 2813 1717 2864 ca-

232 2920 295 3003 put
320 2907 470 2980 reclinet.
521 2895 544 2942 ²¹
565 2903 661 2974 Alius
695 2911 809 2974 autem
841 2901 888 2972 de
921 2900 1095 2994 disciprdie
1129 2899 1202 2971 eius
1229 2900 1274 2971 ait
1299 2899 1343 2972 iili
1368 2901 1527 2989 Domine,
1556 2914 1717 3000 permitte

234 3051 292 3100 me
317 3028 464 3122 primum
490 3025 542 3096 ire
559 3033 595 3094 et
622 3023 770 3117 sepelire
796 3031 930 3118 patrem
957 3012 1247 3093 merm.²²1esns
1273 3031 1389 3094 autem
1416 3023 1462 3095 ait
1486 3023 1532 3096 illi
1560 3030 1716 3124 Sequere

231 3171 300 3234 me,
328 3157 363 3220 et
390 3146 520 3220 dimitte
546 3153 704 3216 mortuos
731 3141 878 3235 sepelire
905 3151 1062 3213 mortuos
1089 3163 1180 3213 suos.
1232 3131 1349 3186 mm)
1362 3143 1405 3215 Et
1430 3147 1646 3224 ascendente
1672 3175 1716 3225 eo

232 3272 269 3342 in
293 3269 486 3342 naviculam
518 3263 629 3336 secuti
662 3271 741 3334 sunt
765 3285 844 3334 eum
873 3261 1029 3354 discipuli
1054 3261 1136 3334 eine.
1189 3250 1269 3332 2*Et
1301 3281 1387 3334 ecce
1421 3273 1536 3336 motus
1568 3293 1715 3366 magnus

234 3393 345 3463 iactus
380 3399 435 3460 est
466 3387 500 3456 in
534 3385 637 3469 mari,
672 3383 719 3454 ita
745 3393 783 3454 ut
807 3381 963 3454 navicula
995 3383 1186 3475 operiretur
1210 3381 1385 3468 fluctibus3
1413 3383 1489 3477 ipse
1514 3409 1602 3462 vero
1630 3393 1714 3464 dur-

234 3511 375 3583 miebat.
425 3499 507 3578 25Et
538 3512 761 3578 accesserunt
792 3513 827 3574 et
861 3502 1112 3574 suscitaverunt
1145 3524 1224 3573 eum
1257 3501 1412 3575 dicentes
1443 3505 1591 3580 Domine
1617 3513 1713 3583 salva

234 3653 317 3716 nos,
351 3629 513 3724 perimus.
567 3617 595 3664 ’ὅ
610 3627 650 3696 Ει
680 3624 762 3697 dicit
793 3624 843 3696 eis
880 3622 970 3710 Quid
1002 3623 1110 3694 timidi
1143 3623 1241 3708 estis,
1276 3624 1437 3696 modicae
1471 3624 1579 3700 fidei?
1620 3632 1714 3704 Tunc

234 3773 381 3844 surgens
407 3747 596 3842 increpavit
612 3753 718 3818 ventu
745 3754 780 3816 et
804 3745 900 3831 mari,
927 3755 963 3816 et
980 3745 1069 3816 sacta
1088 3754 1142 3816 est
1158 3743 1537 3840 tranquillitas'magnu.
1563 3741 1590 3786 ’ἵ
1603 3751 1712 3830 Porro

237 3871 395 3944 homines
412 3869 524 3940 mirati
550 3877 628 3938 sunt
644 3865 800 3938 dicentes
828 3866 944 3952 Qualis
962 3873 1017 3936 est
1042 3864 1114 3951 bic,
1147 3865 1225 3958 quia
1253 3875 1287 3936 et
1312 3866 1405 3938 venti
1424 3877 1459 3938 et
1483 3889 1581 3940 mare
1599 3873 1712 3944 oboe-

234 3991 331 4064 diunt
364 3989 421 4060 ei‘?
473 3979 555 4058 ”Et
588 4009 665 4060 cum
702 3987 853 4059 venisset
883 3997 978 4060 trans
1014 3987 1137 4057 fretum
1170 3986 1204 4056 in
1236 3985 1413 4078 regionem
1448 3987 1711 4080 Gerasenorum,

236 4117 460 4184 occurrerunt
485 4107 518 4178 ei
551 4108 623 4180 duo
656 4108 826 4182 babentes
860 4106 1043 4180 daemonia
1071 4105 1116 4178 de
1143 4107 1373 4178 monumentis
1399 4117 1586 4195 exeuntes,
1615 4113 1710 4184 saevi

235 4232 342 4316 nimis,
369 4229 416 4301 ita
441 4237 479 4299 ut
504 4249 608 4300 nemo
635 4237 757 4322 posset
782 4227 926 4302 transire
953 4249 1016 4322 per
1041 4226 1132 4299 viam
1163 4226 1264 4297 ittam.
1315 4218 1343 4264 ²⁹
1358 4227 1401 4300 Et
1425 4249 1510 4300 ecce
1536 4231 1711 4304 clamave-

234 4362 313 4442 runt
338 4351 493 4422 dicentes
520 4347 610 4434 Quid
636 4349 737 4422 nobis
763 4359 798 4419 et
829 4348 898 4434 tibi,
925 4347 981 4419 filii
1007 4347 1088 4420 dei‘?
1114 4346 1241 4419 Venisti
1275 4347 1341 4418 buc
1367 4358 1447 4422 ante
1472 4359 1610 4444 tempus
1637 4361 1711 4422 tor-

235 4493 344 4566 quere
370 4472 460 4542 nos?
511 4461 538 4508 ³⁰
555 4469 637 4540 Erat
662 4479 777 4540 autem
804 4490 874 4540 non
905 4470 1009 4562 longe
1036 4469 1081 4540 ab
1112 4468 1174 4540 illis
1200 4489 1289 4564 grex
1315 4491 1513 4563 porcorum,
1526 4471 1709 4542 multorum

236 4571 396 4688 pascens.
447 4581 470 4628 ³¹
486 4591 684 4661 Daemones
710 4599 827 4662 autem
854 4592 1026 4684 rogabant
1051 4611 1131 4661 eum
1157 4587 1313 4660 dicentes
1346 4589 1381 4661 Si
1407 4589 1489 4662 eicis
1514 4613 1589 4675 nos,
1615 4591 1709 4664 mitte

237 4735 303 4786 nce
328 4714 362 4784 in
388 4731 533 4804 gregem
559 4730 756 4802 porcorum.
808 4703 835 4748 ³²
851 4711 894 4782 Et
919 4710 965 4782 ait
989 4709 1053 4780 iltis
1085 4711 1142 4782 lte.
1194 4709 1240 4780 At
1274 4709 1518 4782 interemtos
1554 4711 1710 4784 abierunt

237 4837 272 4906 in
305 4853 455 4928 porcos,
483 4838 519 4900 et
551 4849 636 4900 ecce
670 4829 800 4924 impetu
831 4830 913 4902 abiit
945 4840 1036 4901 totus
1069 4851 1158 4922 grex
1183 4849 1246 4921 per
1272 4851 1444 4923 praeceps
1469 4831 1504 4900 in
1529 4851 1641 4918 mare,
1675 4845 1710 4904 et

237 4954 363 5027 mortui
380 4959 458 5024 sunt
482 4949 515 5019 in
533 4949 639 5041 aquis.
654 4957 659 4962 '
692 4942 719 4987 ³³
735 4953 897 5022 Paetores
915 4959 1029 5022 autem
1047 4951 1212 5042 fugerunt,
1239 4958 1276 5020 et
1291 4951 1468 5023 venientes
1485 4951 1519 5022 in
1537 4951 1709 5025 civitatem
1824 4941 1829 4952 ’

236 5073 474 5146 nuntiaverunt
500 5069 615 5141 omnia
641 5078 677 5140 et
702 5068 748 5140 de
774 5070 827 5140 his
853 5069 916 5163 qui'
936 5069 1120 5142 daemonia
1146 5067 1357 5141 habuerunt
1399 5060 1425 5108 ³*
1441 5073 1483 5144 Et
1501 5093 1592 5145 ¹ecce
1619 5061 1709 5146 'tota
1786 5051 1789 5058 Δ

237 5194 356 5266 civitas
381 5191 464 5263 exiit
489 5189 625 5262 obviam
652 5189 737 5274 lesu,
765 5201 801 5262 et
828 5190 900 5262 viso
919 5213 963 5263 eo
980 5191 1153 5282 rogabant
1170 5199 1208 5262 ut
1224 5191 1381 5266 transiret
1398 5183 1560 5266 a‘iinibus
1577 5215 1707 5266 eorum.

801 5311 928 5396 vnto
986 5351 1029 5364 -
1085 5311 1143 5383 32.
