4254 6130
366 431 436 501 496
807 434 913 495 LIBER
938 431 1090 496 nuuuttu
1117 432 1396 496 APOSTOLORUM

1076 670 1126 740 Vl.

438 871 498 948 'ln
533 877 655 948 diebus
699 885 814 946 autern
856 876 920 946 illis
955 886 1134 948 crescente
1166 899 1310 948 numero
1349 877 1594 972 discipulorum
1629 879 1754 949 lactum
1789 889 1842 950 cst

361 1021 514 1070 murmur
540 996 728 1067 Grecorum
756 996 923 1068 adversus
949 997 1122 1082 Hebraea,
1156 1019 1198 1070 eo
1232 997 1327 1090 quod
1353 997 1602 1092 dispicerent'ur
1627 997 1661 1068 in
1688 998 1840 1070 ministe-

360 1119 412 1188 rio
439 1117 610 1188 cotidiano
644 1114 769 1186 viduae
796 1136 926 1186 eorum.
980 1108 1248 1190 ²Convocantes
1283 1127 1397 1190 autem
1435 1117 1621 1190 duodecim
1654 1117 1840 1189 multitudi-
1962 1157 1963 1162 =

361 1257 439 1306 nem
474 1235 718 1328 discipulorum
754 1234 914 1306 dixerunt
945 1237 1023 1306 Non
1057 1247 1111 1308 est
1142 1260 1291 1332 aequum
1324 1261 1389 1310 nos
1422 1237 1663 1330 derelinquere
1694 1238 1839 1310 verbum

361 1357 419 1428 dei
450 1367 485 1428 ct
518 1337 710 1428 ministrare
744 1356 883 1426 mensis.
935 1347 1187 1430 ³C0nsiderate
1220 1380 1323 1450 argu,
1354 1360 1495 1442 iratres,
1533 1357 1627 1427 viros
1662 1378 1709 1427 ex
1738 1357 1839 1429 vobis

360 1475 442 1548 boni
468 1475 651 1570 testimonii
677 1486 811 1570 septem
839 1476 960 1568 plenos
987 1477 1106 1571 spiritu
1132 1487 1168 1548 et
1193 1478 1370 1572 sapientia,
1398 1499 1487 1572 quos
1514 1477 1761 1550 constituamus
1779 1500 1838 1548 su-

360 1619 424 1690 per
449 1597 517 1668 hoc
544 1617 646 1691 opus:
689 1587 780 1668 *nos
806 1617 891 1668 vero
918 1596 1063 1668 orationi
1097 1606 1132 1668 et
1157 1596 1343 1669 ministerio
1378 1597 1478 1670 verbi
1510 1599 1674 1696 instantes
1700 1599 1837 1668 erimus.

358 1708 428 1788 ⁵Et
453 1717 580 1811 placuit
605 1737 721 1788 sermo
748 1737 865 1787 coram
893 1716 986 1786 omni
1011 1715 1234 1800 multitudine,
1262 1727 1297 1788 et
1323 1718 1502 1810 elegerunt
1528 1716 1757 1810 Stephanum,
1783 1719 1836 1789 vi-

360 1861 435 1908 rum
461 1839 600 1931 plenum
626 1836 695 1908 fide
722 1846 758 1908 et
783 1836 901 1930 spiritu
928 1846 1058 1921 sancto,
1087 1845 1122 1906 et
1147 1835 1338 1930 Philippum
1369 1850 1404 1910 et
1429 1837 1642 1909 Prochorum
1674 1847 1710 1908 et
1734 1838 1837 1909 Nica-

358 1979 480 2029 norem
510 1967 546 2030 et
579 1958 757 2029 Timonem
791 1967 827 2027 et
858 1956 1061 2028 Parmcnam
1095 1964 1130 2028 et
1162 1957 1340 2030 Nicolaum
1373 1955 1545 2032 advenam
1570 1957 1836 2030 Antiochenam:

358 2068 375 2158 ὓ,
388 2077 455 2150 hos
482 2086 671 2150 statuerunt
697 2085 776 2148 ante
803 2086 1026 2170 conspectum
1053 2077 1299 2170 apostolorum,
1327 2088 1363 2149 et
1390 2087 1530 2150 orantes
1548 2078 1771 2172 inposuerunt
1788 2076 1838 2150 eis

359 2220 489 2271 manus.
542 2190 609 2268 'lit
634 2197 779 2269 verbum
806 2195 862 2268 dei
890 2197 1088 2281 crescebat,
1123 2206 1158 2268 et
1184 2197 1470 2291 multiplicabatur
1494 2222 1659 2272 numerus
1685 2198 1837 2292 discipu-

235 2400 239 2408 .
358 2321 469 2392 lonnn
496 2319 530 2390 in
563 2318 774 2390 llierusalem
811 2316 930 2388 valde:
963 2317 1069 2388 multa
1102 2317 1205 2388 etiam
1237 2318 1335 2390 turba
1369 2318 1591 2391 sacerdotum
1625 2318 1838 2390 oboediebat

359 2438 449 2512 fidei.
501 2431 726 2532 8Stephanus
759 2445 875 2510 aulem
901 2437 1023 2530 plenus
1055 2437 1165 2529 gratia
1199 2446 1234 2508 et
1267 2438 1462 2512 fortitudine
1497 2439 1645 2510 iaciebat
1678 2439 1835 2533 prodigia

360 2569 397 2631 ct
428 2560 525 2652 signa
560 2579 688 2650 magna
718 2557 753 2627 in
784 2557 924 2652 populo.
975 2548 1238 2629 ⁹Surrexerunt
1268 2569 1383 2630 autem
1417 2559 1556 2653 quidam
1583 2561 1629 2632 de
1655 2579 1834 2654 synagoga

291 2696 296 2709 ’
360 2699 451 2771 quae
477 2678 667 2772 appellatur
692 2677 940 2748 Libertinorum
968 2685 1002 2746 et
1032 2676 1277 2769 Cyrenensium
1304 2689 1339 2749 et
1364 2677 1675 2752 Alexandrinorum
1709 2687 1745 2749 et
1769 2699 1833 2750 eo·
1945 2686 1950 2700 '

359 2821 436 2869 rum
471 2799 529 2891 qui
562 2807 660 2870 erant
691 2819 712 2869 a
747 2795 858 2869 Cilicia
893 2805 929 2866 et
958 2793 1055 2881 Asia,
1083 2797 1297 2890 disputantes
1324 2821 1400 2870 oum
1428 2800 1619 2894 Stephane,
1663 2790 1689 2835 ⁴⁰
1706 2808 1741 2869 et
1764 2819 1835 2870 non

360 2927 520 3013 poterant
545 2919 708 2989 resistere
733 2917 922 3011 sapientiae
948 2925 984 2988 et
1010 2917 1140 3010 spiritui
1166 2917 1224 3009 qui
1248 2912 1480 3010 loquebatur.’
1528 2911 1550 2955 ¹¹
1571 2920 1664 2990 Tunc
1691 2917 1833 2988 summi-

361 3048 478 3111 serunt
510 3039 604 3109 viros
637 3038 695 3130 qui
726 3038 882 3110 dicerent
914 3057 953 3108 se
988 3037 1127 3109 audisse
1160 3059 1239 3110 eum
1266 3039 1437 3111 dicentem
1463 3040 1572 3112 verba
1596 3037 1834 3132 blasphemiae

328 3161 330 3168 ’
359 3158 394 3229 in
418 3157 538 3230 Mosen
565 3168 599 3228 st
625 3157 738 3230 deum.
790 3149 815 3196 ⁴²
833 3159 1100 3230 Commoverunt
1124 3157 1240 3252 itaque
1265 3160 1404 3253 plebem
1431 3169 1466 3231 et
1500 3160 1654 3231 seniores
1687 3167 1722 3230 et
1747 3161 1833 3230 sori-

359 3281 433 3364 bas,
462 3287 497 3349 et
522 3288 765 3350 concurrentes
797 3287 984 3372 rapuerunt
1018 3299 1097 3349 eum
1130 3285 1164 3348 et
1195 3278 1415 3352 adduxerunt
1447 3281 1482 3352 in
1514 3279 1710 3363 concilium,
1757 3270 1784 3316 ⁴³
1801 3286 1836 3348 et

360 3409 549 3471 statuerunt
579 3409 685 3470 testes
718 3399 823 3471 salsus
855 3398 912 3492 qui
944 3398 1097 3470 dicerent
1127 3398 1240 3469 Homo
1271 3398 1339 3470 iste
1364 3422 1434 3472 non
1468 3411 1583 3474 cessat
1607 3399 1701 3493 loqui
1726 3399 1834 3470 verba

361 3519 528 3592 adversus
563 3521 677 3591 locum
711 3529 867 3592 sanctum
907 3529 943 3590 et
978 3519 1111 3610 legem:
1168 3507 1398 3592 “audivimus
1430 3521 1520 3592 enim
1553 3545 1629 3592 eurn
1663 3520 1833 3593 dicentem

290 3632 292 3640 ’
361 3640 523 3732 quoniam
548 3641 643 3710 lesus
668 3640 867 3712 Nazarenus
893 3639 948 3712 hio
974 3640 1128 3712 destruet
1152 3639 1267 3710 locum
1293 3639 1394 3711 istum
1415 3652 1449 3713 et
1474 3642 1617 3714 mutavit
1634 3640 1833 3712 traditiones

361 3783 446 3853 quas
474 3759 612 3832 tradidit
636 3759 737 3831 nobis
768 3761 891 3832 Moses.
944 3749 971 3795 ⁴⁵
986 3759 1029 3828 Et
1060 3759 1229 3831 intuentes
1256 3782 1482 3834 comumnes
1513 3763 1570 3856 qui
1602 3761 1771 3834 sedebant
1800 3759 1832 3830 in

360 3881 504 3952 concilio
528 3881 686 3954 viderunt
711 3880 834 3952 laniem
860 3879 934 3950 eius
959 3888 1132 3971 tamquam
1160 3881 1280 3972 angeli.

1066 4157 1127 4226 Vll.

308 4427 313 4440 .
437 4356 554 4436 'Dixit
579 4373 694 4438 antem
719 4363 879 4458 princeps
906 4361 1126 4436 sacerdotum
1153 4363 1182 4433 si
1207 4363 1294 4435 haec
1320 4363 1367 4435 ita
1393 4385 1432 4436 se
1458 4363 1617 4436 habeant.
1669 4359 1761 4450 ’Qui
1787 4363 1832 4436 ait

361 4485 429 4556 Viri
453 4487 575 4557 fratres
601 4495 636 4556 et
662 4495 787 4579 patres,
815 4484 938 4556 audite.
989 4483 1083 4554 Deus
1110 4483 1240 4575 gloriae
1267 4485 1425 4578 apparuit
1456 4484 1545 4577 patri
1570 4493 1690 4556 nostro
1717 4483 1824 4558 Abra·

260 4635 261 4638 ¹
360 4605 457 4691 ham,
493 4629 570 4678 cum
605 4619 700 4702 esset
732 4601 784 4676 'in
813 4603 1063 4698 Mesopotamia
1095 4603 1189 4696 prius
1227 4625 1331 4696 quam
1362 4614 1554 4693 moraretur
1585 4604 1619 4674 in
1659 4605 1831 4688 charram,

359 4717 421 4796 ³et
446 4725 532 4798 dixit
558 4726 604 4799 ad
638 4725 729 4798 illum
754 4726 820 4798 Exi
851 4725 896 4798 de
929 4734 1020 4796 terra
1053 4733 1110 4794 tua
1141 4733 1176 4794 et
1201 4722 1246 4824 dc
1280 4726 1485 4816 cognatione
1511 4735 1585 4810 tua,
1619 4735 1655 4796 et
1685 4726 1763 4796 veni
1798 4724 1832 4794 in

359 4855 486 4918 terram
519 4870 623 4941 quarn
655 4847 714 4919 tibi
746 4855 993 4918 monstravero.
1045 4833 1164 4914 ‘Tunc
1197 4843 1280 4948 exit
1311 4845 1357 4917 de
1390 4855 1482 4918 terra
1514 4841 1765 4918 Chaldaeorum
1798 4853 1833 4916 et

358 4965 525 5038 habitavit
549 4968 583 5038 in
610 4967 782 5040 Charram.
825 4968 868 5038 Et
893 4965 982 5050 inde,
1009 4973 1193 5057 postquam
1219 4973 1373 5036 mortuus
1400 4975 1453 5038 cst
1479 4975 1577 5060 pater
1604 4965 1692 5050 eius,
1720 4973 1831 5036 trans-

359 5087 430 5156 tulit
454 5087 545 5158 illum
572 5087 606 5158 in
632 5098 758 5160 terram
784 5089 883 5160 istam
909 5087 942 5157 in
969 5107 1037 5178 qua
1062 5107 1152 5156 nunc
1178 5107 1241 5156 vos
1268 5085 1444 5170 habitatis,
1487 5078 1548 5157 ⁵et
1572 5107 1642 5158 non
1667 5083 1764 5156 dedit
1788 5083 1832 5154 illi
1935 5187 1937 5194 X

358 5207 585 5280 hereditatem
617 5208 651 5280 in
686 5231 729 5281 ea
761 5231 827 5280 nec
859 5229 1001 5303 passum
1033 5205 1148 5300 pedis,
1186 5205 1250 5276 sed
1281 5206 1476 5300 repromisit
1511 5205 1596 5278 darc
1624 5205 1667 5276 illi
1694 5227 1771 5276 eam
1798 5203 1831 5274 in

927 5329 978 5411 Vl,
1009 5329 1022 5395 l
1060 5367 1104 5378 —
1132 5327 1195 5408 vll,
1225 5329 1256 5394 5.

2108 1217 2113 1252 t
