4146 6120
716 421 973 488 nrocnnvrsvs
999 422 1175 487 tonsurus
1319 513 1321 520 ἲ
1605 420 1670 494 let

209 614 363 730 potestas
393 635 428 704 in
458 629 597 704 saecula
627 627 853 732 saeculorum.
897 617 977 700 “Et
1001 637 1160 724 quattuor
1186 603 1341 697 animalia
1371 621 1530 702 dicebant
1555 629 1675 716 Amen,

211 765 245 826 et
271 755 425 826 seniores
453 749 649 824 ceciderunt
675 757 711 818 et
736 745 977 858 adoraverunt.

916 1025 964 1093 Vl.

285 1231 357 1307 'Et
381 1235 452 1307 vidi
478 1233 573 1327 quod
599 1231 791 1326 aperuisset
817 1251 926 1322 agnus
952 1252 1057 1302 unum
1083 1231 1129 1303 de
1155 1240 1288 1324 septem
1321 1232 1519 1324 signaculis,
1554 1243 1590 1304 ct
1614 1255 1678 1306 au-

211 1355 281 1426 divi
306 1379 410 1428 unum
442 1353 488 1424 de
522 1359 683 1447 quattuor
716 1349 918 1422 animalibus
950 1349 1122 1422 dicentem
1157 1359 1328 1447 tamquam
1361 1373 1487 1424 vocem
1520 1352 1678 1426 thonitrui
1737 1429 1741 1452 Ι

210 1475 307 1546 Veni.
356 1467 425 1545 'Et
448 1473 529 1558 vidi,
556 1484 591 1544 ct
616 1491 700 1544 ecce
726 1489 836 1562 cquus
863 1471 971 1556 albus,
999 1471 1119 1564 etqui
1145 1471 1290 1544 sedebat
1320 1494 1425 1567 snper
1449 1473 1541 1544 illum
1566 1474 1678 1547 habe-

210 1597 271 1668 bat
297 1617 431 1680 arcum,
458 1604 493 1665 et
519 1593 599 1665 data
632 1599 685 1662 est
717 1589 749 1660 ei
782 1611 921 1674 corana,
959 1599 994 1660 et
1020 1591 1127 1661 exivit
1158 1591 1312 1680 vincens,
1338 1602 1376 1666 nt
1399 1594 1562 1668 vinceret.
1612 1588 1681 1666 3Ει

211 1738 290 1787 cum
316 1715 508 1808 aperuisset
534 1711 680 1805 sigillum
707 1709 905 1794 secundnm,
933 1711 1050 1784 andivi
1076 1711 1266 1784 secundnm
1292 1714 1414 1786 animal
1440 1713 1559 1787 dicens
1585 1717 1678 1788 Veni.

210 1828 279 1905 ‘Et
303 1834 410 1906 exivit
435 1833 520 1904 alius
546 1853 656 1926 equus
682 1830 784 1914 ruius,
813 1829 931 1922 etqui
969 1830 1117 1903 sedebat
1148 1852 1252 1925 super
1284 1831 1397 1932 illum„
1423 1834 1542 1907 datum
1568 1847 1621 1909 est
1647 1839 1678 1909 ei

211 1963 249 2025 ut
275 1963 427 2026 sumeret
459 1973 582 2046 pacem
615 1951 660 2023 dc
693 1960 801 2033 terra,
836 1959 870 2020 et
895 1960 933 2022 ut
957 1951 1103 2022 invicem
1131 1971 1170 2022 se
1196 1951 1411 2040 interficiant,
1438 1965 1473 2027 et
1499 1955 1599 2028 datus
1625 1969 1681 2030 cst

210 2075 256 2145 illi
281 2073 416 2168 gladius
441 2094 596 2166 magnus.
646 2063 720 2141 ⁵Et
745 2090 824 2140 cum
851 2071 1043 2162 aperuisset
1068 2071 1213 2166 sigillum
1238 2074 1384 2158 tertium,
1411 2073 1527 2148 andivi
1544 2077 1679 2150 tertium

213 2195 336 2267 animal
361 2193 482 2266 dicens
507 2192 600 2265 Veni.
643 2191 684 2260 Et
709 2189 788 2275 vidi,
815 2199 851 2260 et
876 2211 959 2261 ecce
985 2211 1095 2284 equus
1120 2193 1232 2286 niger,
1260 2193 1379 2296 etqui
1404 2193 1551 2268 sedebat
1576 2217 1680 2292 super

211 2337 291 2386 eum
323 2313 474 2386 habebat
507 2320 669 2383 stateram
700 2311 734 2380 in
769 2329 872 2380 manu
904 2331 977 2382 sua.
1028 2303 1099 2382 6Ει
1135 2312 1250 2385 audivi
1283 2322 1457 2407 tamquam
1489 2337 1613 2389 vocem
1644 2317 1679 2388 in

211 2433 327 2506 madio
354 2443 514 2528 quattuor
539 2407 732 2504 animalium
763 2429 934 2501 dicentem
965 2431 1098 2503 llilibris
1130 2431 1243 2504 trittici
1269 2407 1429 2521 denario,
1462 2445 1498 2506 et
1528 2445 1599 2508 tres
1623 2437 1678 2509 bi-

210 2554 315 2626 libres
342 2552 441 2626 crdei
467 2550 624 2624 denario:
652 2561 688 2622 et
711 2548 826 2622 vinum
851 2559 889 2620 et
914 2551 1028 2622 oleum
1053 2573 1118 2623 nec
1134 2553 1265 2625 laseris.
1307 2545 1376 2624 7llt
1393 2576 1470 2652 cum
1488 2557 1679 2650 aperuisset

211 2674 358 2768 sigillum
384 2681 558 2768 quartum,
586 2671 851 2744 audivivocem
877 2670 988 2763 quarti
1013 2671 1167 2745 animalis
1193 2673 1337 2746 dicentis
1363 2673 1457 2746 Veni.
1506 2667 1573 2748 ⁸Et
1596 2677 1676 2766 vidi,

211 2804 247 2865 et
272 2816 357 2867 ecce
383 2816 493 2888 equus
518 2789 673 2887 pallidus,
700 2801 736 2861 et
762 2791 819 2884 qui
845 2789 991 2862 sedebat
1016 2814 1121 2888 super
1147 2813 1242 2878 eum,
1276 2813 1403 2866 nomen
1427 2795 1472 2866 illi
1498 2819 1609 2884 mors,
1643 2809 1679 2870 et

210 2913 336 2985 inferus
362 2915 572 3008 sequebatur
599 2933 695 2996 eum,
735 2921 769 2981 et
795 2910 874 2986 data
908 2921 962 2982 est
988 2911 1032 2982 illi
1057 2921 1213 3006 potestas
1246 2934 1350 3006 super
1376 2926 1535 3008 quattuor
1559 2927 1676 3012 partes

211 3041 333 3118 terrae,
359 3033 550 3104 interficere
577 3030 691 3123 gladic
717 3031 808 3101 lame
834 3040 870 3101 et
894 3041 1005 3102 morte
1032 3041 1067 3102 et
1091 3032 1220 3103 besteis
1247 3041 1368 3104 terrae.
1412 3029 1479 3106 ⁹}tt
1495 3057 1573 3109 cum
1591 3059 1675 3132 ape-

211 3151 336 3224 ruisset
362 3153 514 3244 quintum
541 3149 695 3241 sigillum,
721 3148 792 3220 vidi
818 3149 936 3220 subtus
963 3144 1124 3222 'altarem
1150 3151 1280 3222 animas
1312 3151 1566 3228 interfectorum
1591 3177 1675 3250 pro-

212 3279 290 3365 pter
313 3270 460 3343 verbum
486 3269 544 3344 dei
570 3277 605 3339 et
630 3277 772 3362 propter
797 3268 1027 3340 testimonium
1053 3269 1148 3362 quod
1168 3268 1350 3341 habebant.
1383 3264 1410 3310 ⁴⁰
1424 3274 1467 3345 Et
1484 3275 1676 3347 clamabant

210 3411 301 3463 voce
325 3413 452 3484 magna
476 3389 631 3464 dicentes
657 3387 771 3483 Usque
798 3409 877 3482 qno,
904 3387 1042 3462 domine
1069 3398 1206 3461 sanctus
1237 3398 1271 3460 ct
1304 3411 1422 3479 verus,
1448 3413 1519 3466 non
1542 3393 1675 3467 iudicas

211 3520 247 3582 et
269 3511 426 3584 vindicas
452 3509 653 3604 sanguinem
678 3519 833 3582 nostrum
859 3508 904 3581 de
930 3508 982 3580 bis
1004 3509 1066 3603 qui
1091 3507 1244 3582 habitant
1269 3532 1374 3604 super
1399 3498 1555 3585 terram?
1594 3506 1617 3550 ⁴¹
1632 3514 1674 3585 llt

211 3631 314 3704 datae
340 3641 418 3704 sunt
433 3632 493 3703 «eis
519 3631 672 3724 singulae
697 3633 807 3703 stolae
833 3629 1005 3718 albae'et
1030 3629 1157 3702 dictum
1183 3639 1236 3702 est
1260 3629 1324 3700 illis
1359 3639 1394 3702 ut
1418 3633 1673 3728 requiescerent

211 3760 346 3846 tempus
379 3751 493 3824 adhuc
525 3751 715 3837 modicum,
742 3751 854 3824 donec
888 3745 1107 3846 'impleantur
1140 3751 1298 3823 conservi
1332 3773 1451 3824 corum
1484 3763 1519 3824 et
1551 3755 1672 3828 iratres

211 3893 332 3946 eorum
358 3872 415 3966 qui
440 3871 662 3944 interficiendi
686 3882 763 3944 sunt
788 3873 875 3945 sicut
900 3881 934 3944 et
967 3871 1020 3942 illi.
1071 3864 1098 3910 ⁴²
1113 3869 1155 3942 Et
1183 3870 1267 3957 vidi,
1300 3881 1335 3942 et
1373 3893 1451 3944 cum
1484 3875 1673 3968 aperuisset

210 3995 354 4088 sigillum
379 4003 525 4080 sextum,
552 4003 587 4064 et
610 4003 724 4065 terrae
749 4001 863 4065 motus
888 3994 996 4064 factus
1021 4001 1076 4062 est
1100 4013 1252 4084 magnus,
1279 4001 1315 4062 et
1339 3992 1391 4063 sol
1416 3994 1525 4066 lactus
1550 4005 1604 4067 est
1620 3996 1670 4066 ni-

210 4135 273 4206 ger
297 4123 473 4208 tamquam
500 4135 622 4186 saccus
649 4113 813 4200 cilicinus,
840 4121 876 4184 et
900 4114 979 4184 luna
1004 4121 1075 4184 tcta
1101 4112 1189 4184 iacta
1214 4121 1268 4183 est
1293 4111 1379 4184 sicut
1404 4113 1555 4206 sanguis,
1597 4107 1625 4152 ⁴³
1638 4127 1672 4187 et

210 4235 328 4305 stellae
354 4234 441 4305 caeli
466 4235 661 4308 ceciderunt
686 4242 950 4330 superterram,
978 4232 1063 4304 sicut
1087 4229 1171 4303 ficus
1197 4231 1295 4303 mittit
1313 4233 1462 4324 ¹grossos
1488 4255 1570 4306 suos
1594 4256 1671 4308 cum

210 4363 313 4424 vento
353 4373 479 4444 magno
510 4363 683 4440 movetur,
726 4344 753 4392 ⁴⁴
770 4363 805 4426 ct
838 4355 970 4426 caelum
1008 4352 1151 4424 recessit
1188 4353 1274 4424 sicut
1302 4351 1389 4423 liber
1419 4353 1603 4440 involutus,
1637 4365 1672 4426 et

211 4469 321 4542 onrm's
346 4493 447 4543 mons
473 4481 509 4542 et
532 4472 662 4545 insulae
690 4473 735 4547 de
759 4475 844 4546 locis
870 4473 939 4546 suis
964 4482 1080 4546 motae
1106 4481 1191 4544 sunt.
1244 4463 1323 4542 ⁴⁵ltt
1355 4493 1459 4566 reges
1492 4481 1605 4544 terrae
1637 4484 1671 4544 et

209 4591 381 4686 principes
407 4601 443 4663 et
468 4591 590 4662 tribuni
616 4603 651 4664 ct
676 4593 799 4664 divites
824 4601 859 4663 ct
883 4593 988 4664 lortes
1014 4603 1049 4663 et
1074 4593 1185 4664 omnis
1210 4613 1333 4662 servus
1359 4602 1394 4664 ct
1418 4594 1504 4664 liber
1520 4593 1669 4665 abscon-

210 4711 333 4783 derunt
365 4734 405 4783 se
437 4711 470 4781 in
504 4713 672 4805 speluncis
699 4723 733 4784 et
763 4713 797 4782 in
829 4713 935 4806 petris
967 4712 1153 4797 montium,
1196 4701 1270 4783 ⁴⁶et
1302 4711 1417 4784 dicunt
1441 4713 1610 4786 montibus
1637 4725 1671 4785 et

210 4833 315 4926 petris
342 4831 470 4904 Cadete
496 4853 689 4926 supernos
716 4843 751 4905 et
777 4833 979 4904 abscondite
1005 4853 1070 4904 nos
1096 4853 1117 4903 a
1143 4831 1230 4904 iacie
1261 4833 1412 4906 sedentis
1444 4855 1548 4928 snper
1573 4835 1669 4905 thro-

210 4975 291 5024 num
324 4963 359 5022 et
391 4953 436 5025 ab
469 4953 518 5022 ira
551 4955 649 5046 agni,
698 4945 724 4989 ⁴⁷
742 4953 900 5046 quoniam
933 4953 1026 5024 venit
1058 4951 1133 5024 dics
1167 4975 1311 5046 magnus
1341 4955 1412 5026 irae
1444 4953 1608 5048 ipsorum,
1636 4964 1671 5024 et

211 5073 286 5166 quis
312 5074 437 5168 poterit
463 5076 580 5145 stare?

770 5197 806 5281 V,
837 5193 880 5265 ll
912 5235 956 5246 -
984 5195 1034 5278 Vl,
1065 5189 1120 5266 ⁴7.
