4220 6124
363 297 436 375 278
823 305 1004 370 urrsruun
1029 304 1081 369 tn
1109 307 1334 372 comurruos
1360 309 1379 372 r.

231 547 233 554 ·
361 529 446 580 vere
474 509 561 580 deus
587 510 621 579 in
646 509 746 582 vohis
773 509 823 580 sit.
875 501 903 547 ἥ
921 509 1011 595 Quid
1037 533 1122 606 ergo
1148 497 1209 598 est,
1236 514 1383 584 iratres‘.i
1410 534 1489 584 cum
1507 511 1705 596 convenitis,
1732 535 1838 585 unus-

319 722 321 730 Α
363 631 508 723 quisque
538 639 690 701 vestrum
723 629 893 724 psalmum
925 629 1048 716 hahet,
1083 630 1274 706 doctrinam
1307 633 1430 716 hahet,
1464 631 1688 726 apocalypsin
1721 632 1834 716 hahet,

361 751 510 842 linguam
545 750 664 834 hahet,
699 749 1014 843 interpretationem
1046 749 1166 822 habet:
1202 753 1316 824 omnia
1353 751 1399 824 ad
1437 751 1712 824 aedificationem
1745 747 1835 824 fiant.

360 863 387 908 ²⁷
401 869 480 940 Sive
506 871 620 962 lingua
646 871 722 963 quis
754 870 916 962 loquitur,
950 871 1140 942 secundum
1173 869 1262 946 duos
1288 881 1347 943 aut
1371 881 1408 942 ut
1434 873 1575 942 multum
1601 881 1684 956 tres,
1712 881 1748 942 et
1773 890 1836 966 per

361 999 487 1083 partes,
518 1001 553 1061 et
577 1010 664 1060 unus
690 991 944 1084 interpretetur:
986 980 1014 1026 ²⁸
1030 988 1060 1060 si
1086 999 1200 1063 autem
1226 1013 1298 1064 non
1322 991 1422 1063 suerit
1446 991 1629 1086 interpres,
1664 1001 1778 1063 occat
1802 993 1836 1064 in

363 1109 524 1194 ecclesia,
552 1111 618 1182 sihi
644 1121 759 1182 autem
785 1111 944 1203 loquatur
969 1121 1005 1181 et
1030 1109 1109 1182 deo.
1161 1104 1189 1149 ²⁹
1207 1101 1259 1158 ‘⁸⁸¹
1277 1111 1470 1206 Prophetae
1496 1111 1566 1183 duo
1593 1121 1652 1182 aut
1683 1121 1755 1184 tres
1781 1112 1834 1184 di·-

362 1240 449 1314 cant,
476 1241 511 1301 et
538 1232 644 1302 ceteri
670 1230 872 1303 diiudicent:
915 1223 942 1268 ³⁰
958 1230 1054 1324 quod
1080 1231 1109 1302 si
1135 1231 1190 1302 alii
1215 1233 1405 1303 revelatum
1431 1232 1531 1303 tuerit
1556 1231 1705 1314 sedenti,
1741 1232 1835 1324 prior

362 1359 482 1422 taceat.
526 1343 549 1388 ³⁴
569 1352 716 1424 Potestis
742 1351 972 1422 enimomnes
992 1356 1063 1444 'per
1088 1351 1240 1444 singulos
1257 1353 1475 1458 prophetare,
1501 1362 1539 1423 ut
1556 1371 1677 1422 omues
1703 1351 1837 1424 discant

362 1481 409 1541 et*
422 1491 544 1543 omnes
571 1467 800 1543 'exortentun
852 1464 933 1542 3Ἐι
959 1471 1095 1566 spiritus
1113 1472 1359 1565 prophetarum
1385 1471 1564 1566 prophetis
1581 1472 1726 1544 subiecti
1743 1483 1834 1544 suut:

360 1585 387 1630 ³³
404 1613 473 1663 non
500 1593 591 1663 enirn
618 1603 672 1664 est
696 1590 920 1664 dissensionis
946 1591 1033 1662 deus
1060 1587 1144 1663 'sed
1171 1593 1281 1685 pacis,
1311 1591 1398 1664 sicut
1422 1592 1457 1662 in
1488 1591 1646 1662 omnibus
1679 1593 1835 1665 ecclesiis

362 1723 568 1784 sanctorum.
619 1701 712 1759 W)
730 1713 889 1784 hiuheres
915 1711 948 1781 in
974 1711 1130 1783 ecclesiis
1157 1719 1306 1784 taceant:
1339 1731 1407 1784 nou
1441 1712 1532 1783 euim
1557 1713 1761 1804 permittitur
1787 1715 1837 1784 cis

361 1835 463 1927 loqui,
490 1834 554 1906 sed
581 1831 735 1904 subditas
762 1851 852 1916 esse,
880 1832 967 1902 sicut
991 1841 1027 1902 et
1052 1833 1108 1902 lex
1136 1832 1227 1904 dicit.
1278 1825 1305 1870 ³⁵
1322 1834 1357 1903 Si
1382 1831 1465 1926 quid
1497 1841 1611 1904 autem
1641 1833 1756 1906 volunt
1782 1834 1835 1905 di-

362 1973 472 2039 scere,
500 1953 595 2026 domi
620 1954 714 2025 viros
741 1973 824 2024 suos
849 1953 1073 2044 interrogent:
1108 1962 1209 2047 turpe
1236 1964 1290 2024 est
1315 1953 1404 2024 enim
1439 1952 1570 2024 mulieri
1595 1953 1689 2047 loqui
1715 1954 1750 2024 in
1775 1973 1835 2024 oc-

361 2075 475 2146 clesia.
526 2066 617 2144 ³sshu
645 2095 666 2145 a
691 2073 794 2144 vohis
825 2071 971 2144 verbum
997 2071 1055 2145 dei
1080 2073 1267 2167 processit,
1300 2082 1360 2144 aut
1383 2072 1418 2142 in
1442 2089 1508 2143 vos
1533 2072 1629 2146 solos
1655 2075 1836 2168 pervenit?

360 2187 386 2231 ³7
404 2195 438 2268 Si
465 2195 541 2288 quis
566 2193 703 2267 videtur
728 2193 899 2287 propheta
925 2213 1005 2263 esse
1031 2203 1090 2265 aut
1116 2193 1284 2289 spiritalis,
1310 2203 1502 2286 cognoscat
1528 2214 1618 2286 quae
1637 2195 1753 2266 scribo
1770 2217 1835 2266 vo-

359 2315 429 2396 his,
464 2315 543 2406 quia
575 2314 704 2386 domini
736 2324 815 2384 sunt
846 2313 1024 2385 mandata:
1072 2305 1140 2386 ³⁸si
1172 2315 1248 2408 quis
1282 2323 1397 2384 autem
1430 2312 1582 2405 ignorat,
1615 2313 1835 2408 ignorabitru.

359 2426 387 2471 ³⁹
401 2436 528 2527 itaque,
555 2436 686 2520 iratres,
713 2433 930 2505 aemulamini
947 2433 1167 2527 prophetare,
1195 2445 1231 2506 ct
1256 2434 1349 2526 ioqui
1371 2433 1494 2525 linguis
1511 2435 1615 2506 nolite
1633 2435 1834 2528 prohibere:

359 2541 387 2588 ⁴⁰
403 2557 518 2626 omnia
544 2564 659 2626 autern
686 2555 833 2625 honeste
860 2563 895 2624 et
921 2553 1111 2625 secundum
1137 2552 1294 2626 ordinem
1321 2553 1411 2624 haut.

1062 2829 1131 2899 XV.

343 3087 347 3096 .
436 3023 513 3083 W)
531 3036 656 3106 Notum
690 3043 805 3108 autem
838 3035 941 3107 vohis
971 3035 1076 3120 facio,
1111 3037 1249 3120 iratres,
1277 3035 1493 3128 evangelium
1519 3035 1615 3128 quod
1641 3034 1837 3128 praedicavi

359 3157 469 3240 vobis,
497 3153 592 3249 quod
618 3167 653 3228 et
679 3155 870 3249 accepistis,
896 3156 931 3226 in
957 3175 1026 3248 quo
1053 3165 1089 3226 et
1114 3156 1226 3241 statis,
1269 3149 1362 3250 'per
1381 3154 1477 3248 quod
1502 3163 1538 3225 et
1554 3155 1740 3240 salvamini,
1768 3177 1837 3248 qua

361 3277 494 3348 ratione
520 3275 795 3370 praedicaverim
819 3277 921 3348 vobis
948 3275 977 3347 si
995 3277 1128 3361 tenetis,
1154 3276 1218 3346 nisi
1236 3276 1266 3346 si
1282 3278 1406 3347 haustra
1424 3273 1627 3348 credidistis.
1672 3267 1836 3348 3Ττεᾱίἀί

360 3393 482 3468 ‘vobis
509 3397 600 3468 euim
633 3397 826 3490 inprimis,
860 3397 956 3490 quod
990 3407 1025 3468 et
1056 3395 1193 3489 accepi,
1224 3395 1386 3488 quomam
1420 3393 1570 3467 Christus
1603 3405 1759 3468 mortuus
1784 3405 1838 3468 est

360 3537 424 3608 pro
450 3516 755 3610 peccatisnostris
781 3518 971 3590 secuudum
997 3515 1191 3610 scripturas,
1235 3503 1296 3586 *et
1322 3517 1403 3610 quia
1428 3517 1583 3611 sepuhus
1609 3525 1672 3601 est,
1698 3526 1734 3587 et
1759 3517 1839 3610 qnia

360 3637 509 3708 surrexit
533 3637 633 3709 tertia
658 3637 931 3710 dissecandum
958 3637 1159 3730 scripturas,
1202 3627 1313 3727 5(ιιιὶιι
1338 3638 1434 3710 usus
1460 3649 1515 3710 est
1532 3638 1672 3731 Cephae
1698 3647 1838 3730 etpost

360 3756 448 3826 haec
473 3755 644 3829 undecim.
693 3749 859 3830 ⁶Deinde
884 3758 981 3828 meus
1006 3767 1060 3828 est
1084 3753 1162 3850 plus
1188 3775 1291 3849 quam
1325 3758 1518 3850 quingentis
1543 3758 1702 3829 nauibus
1727 3757 1835 3842 simul,
1895 3767 1900 3784 ·

329 3863 330 3870 '
360 3897 406 3946 ex
433 3877 557 3967 quihus
582 3879 676 3950 multi
702 3887 842 3950 manent
866 3897 976 3971 usque
1002 3877 1124 3960 adhuc,
1151 3875 1293 3970 quidam
1320 3887 1436 3948 autem
1449 3878 1683 3950 dormierunt.
1733 3861 1862 3949 7De-n

359 3994 440 4066 inde
465 3996 560 4069 visus
586 4007 640 4069 est
665 4008 701 4069 et
725 3997 864 4082 Iacobo,
892 3992 1040 4069 ‘deinde
1065 3997 1233 4091 apostolis
1260 3997 1429 4068 omnibus.
1471 3989 1696 4070 ⁸Novissimc
1721 4007 1836 4068 autem

359 4117 511 4188 ommum
537 4125 712 4210 tamquam
740 4118 900 4190 abortivo
925 4119 1020 4190 meus
1045 4127 1100 4188 est
1125 4127 1161 4188 et
1184 4117 1276 4187 mihi.
1327 4109 1433 4210 ”Ego
1460 4118 1551 4189 enim
1577 4141 1654 4190 sum
1679 4117 1837 4190 minimus

359 4238 606 4330 apostotorum,
634 4237 786 4330 quinon
813 4259 889 4310 sum
916 4237 1041 4330 diguus
1066 4238 1183 4309 vocari
1211 4238 1404 4331 apostolus,
1438 4239 1601 4330 quomam
1633 4247 1837 4332 persecutus

359 4379 433 4429 sum
469 4358 652 4430 ecclesiam
686 4357 760 4430 dei:
812 4351 839 4396 ¹⁰
855 4359 964 4451 gratia
998 4369 1114 4430 autem
1149 4357 1205 4430 dei
1240 4377 1316 4428 sum
1349 4357 1386 4430 id
1418 4357 1514 4451 quod
1547 4379 1641 4444 sum,
1668 4369 1702 4430 et
1726 4360 1837 4451 gratia

358 4479 434 4550 eius
465 4479 498 4548 in
535 4497 594 4550 me
624 4499 735 4550 vacua
766 4499 836 4550 uon
870 4479 943 4566 fuit,
980 4479 1045 4552 sed
1074 4475 1345 4551 'habundantius
1374 4477 1438 4549 iilis
1472 4477 1632 4551 omnihus
1665 4479 1834 4563 laborare

359 4621 428 4670 non
454 4619 523 4691 ogo
550 4607 681 4683 antem,
717 4600 783 4672 sed
809 4601 919 4694 gratia
954 4581 1012 4674 dei
1037 4619 1183 4671 mecum.
1236 4590 1258 4634 ⁴¹
1279 4599 1362 4670 Sive
1386 4600 1478 4670 edim
1511 4619 1581 4690 ego
1606 4599 1682 4670 sive
1706 4599 1760 4684 ihi,
1787 4597 1837 4670 sic

358 4719 603 4814 praedicamus
637 4731 673 4791 et
705 4722 755 4793 sic
789 4721 991 4795 credidistis.
1043 4712 1070 4757 ⁴¹
1082 4719 1117 4790 Si
1144 4729 1259 4791 autern
1286 4718 1440 4790 Christus
1470 4719 1705 4812 praedicatur,
1741 4719 1836 4812 quod

358 4841 549 4912 resurrexit
579 4863 601 4912 a
626 4843 785 4930 mortuis,
822 4843 1001 4937 quomodo
1028 4839 1168 4934 quidam
1194 4839 1310 4910 dicunt
1342 4839 1377 4910 in
1403 4840 1504 4912 uobis
1530 4839 1692 4932 quomam
1718 4839 1835 4911 resur-

358 4961 467 5032 rectio
493 4971 707 5033 mortuorum
732 4985 802 5034 non
828 4965 907 5034 est‘?
951 4954 977 5000 ¹³
994 4963 1029 5034 Si
1055 4972 1170 5034 autem
1196 4961 1401 5032 resurrectio
1436 4969 1649 5032 mortuorum
1677 4981 1747 5033 non
1774 4969 1835 5044 est,

358 5101 472 5173 neque
499 5081 651 5152 Christus
677 5085 879 5154 resurrexit:
930 5070 956 5118 ¹⁸
970 5083 999 5152 si
1034 5092 1148 5154 autem
1183 5079 1336 5152 Christus
1367 5077 1456 5153 'nou
1492 5081 1694 5166 resurrexit,
1729 5081 1836 5154 inanis

674 5195 680 5204 ⁶
894 5201 976 5285 XIV,
1004 5203 1052 5274 26
1079 5241 1130 5252 -
1156 5200 1223 5285 XV,
1255 5203 1310 5271 dh.
