<?xml version="1.0" encoding="UTF-8"?>
<!DOCTYPE html PUBLIC "-//W3C//DTD XHTML 1.0 Transitional//EN"
    "http://www.w3.org/TR/xhtml1/DTD/xhtml1-transitional.dtd">
<html xmlns="http://www.w3.org/1999/xhtml" xml:lang="en" lang="en">
 <head>
  <title>
</title>
<meta http-equiv="Content-Type" content="text/html;charset=utf-8" />
  <meta name='ocr-system' content='tesseract 3.04.00' />
  <meta name='ocr-capabilities' content='ocr_page ocr_carea ocr_par ocr_line ocrx_word'/>
</head>
<body>
  <div class='ocr_page' id='page_1' title='image "./novumtestamentu02tiscgoog_0386.png"; bbox 0 0 4146 6120; ppageno 0'>
   <div class='ocr_carea' id='block_1_1' title="bbox 518 1185 1550 1282">
    <p class='ocr_par' dir='ltr' id='par_1_1' title="bbox 518 1185 1550 1282">
     <span class='ocr_line' id='line_1_1' title="bbox 518 1185 1550 1282; baseline 0.001 -3"><span class='ocrx_word' id='word_1_1' title='bbox 518 1207 667 1279; x_wconf 79' lang='lat' dir='ltr'><strong>moran</strong></span> <span class='ocrx_word' id='word_1_2' title='bbox 697 1205 997 1280; x_wconf 72' lang='lat' dir='ltr'><strong>incommota</strong></span> <span class='ocrx_word' id='word_1_3' title='bbox 1030 1203 1090 1278; x_wconf 77' lang='lat' dir='ltr'><strong>ln</strong></span> <span class='ocrx_word' id='word_1_4' title='bbox 1126 1207 1417 1282; x_wconf 81' lang='lat' dir='ltr'><strong>rnnaoruaun.</strong></span> <span class='ocrx_word' id='word_1_5' title='bbox 1547 1185 1550 1191; x_wconf 83' lang='lat'>&#39;</span> 
     </span>
    </p>
   </div>
   <div class='ocr_carea' id='block_1_2' title="bbox 236 1447 1708 1696">
    <p class='ocr_par' dir='ltr' id='par_1_2' title="bbox 236 1447 1708 1696">
     <span class='ocr_line' id='line_1_2' title="bbox 338 1447 1708 1580; baseline 0.003 -31"><span class='ocrx_word' id='word_1_6' title='bbox 338 1447 568 1556; x_wconf 78' lang='lat' dir='ltr'><strong>Timotheum</strong></span> <span class='ocrx_word' id='word_1_7' title='bbox 592 1483 723 1556; x_wconf 80' lang='lat' dir='ltr'><strong>instruit</strong></span> <span class='ocrx_word' id='word_1_8' title='bbox 749 1493 785 1554; x_wconf 91' lang='lat' dir='ltr'><strong>et</strong></span> <span class='ocrx_word' id='word_1_9' title='bbox 810 1483 915 1555; x_wconf 88' lang='lat' dir='ltr'><strong>docet</strong></span> <span class='ocrx_word' id='word_1_10' title='bbox 941 1483 986 1554; x_wconf 93' lang='lat' dir='ltr'><strong>de</strong></span> <span class='ocrx_word' id='word_1_11' title='bbox 1013 1483 1228 1557; x_wconf 90' lang='lat' dir='ltr'><strong>ordinatione</strong></span> <span class='ocrx_word' id='word_1_12' title='bbox 1254 1487 1476 1580; x_wconf 84' lang='lat' dir='ltr'><strong>episcopatus</strong></span> <span class='ocrx_word' id='word_1_13' title='bbox 1502 1493 1537 1554; x_wconf 90' lang='lat' dir='ltr'><strong>et</strong></span> <span class='ocrx_word' id='word_1_14' title='bbox 1562 1483 1708 1556; x_wconf 88' lang='lat' dir='ltr'><strong>diaconii</strong></span> 
     </span>
     <span class='ocr_line' id='line_1_3' title="bbox 236 1603 1448 1696; baseline -0.004 -18"><span class='ocrx_word' id='word_1_15' title='bbox 236 1617 272 1678; x_wconf 90' lang='lat' dir='ltr'><strong>et</strong></span> <span class='ocrx_word' id='word_1_16' title='bbox 297 1606 407 1679; x_wconf 90' lang='lat' dir='ltr'><strong>omnis</strong></span> <span class='ocrx_word' id='word_1_17' title='bbox 434 1606 665 1678; x_wconf 89' lang='lat' dir='ltr'><strong>ecclesiastice</strong></span> <span class='ocrx_word' id='word_1_18' title='bbox 691 1603 897 1696; x_wconf 88' lang='lat' dir='ltr'><strong>disciplinae,</strong></span> <span class='ocrx_word' id='word_1_19' title='bbox 924 1605 1080 1676; x_wconf 89' lang='lat' dir='ltr'><strong>scribens</strong></span> <span class='ocrx_word' id='word_1_20' title='bbox 1107 1607 1139 1676; x_wconf 90' lang='lat' dir='ltr'><strong>ei</strong></span> <span class='ocrx_word' id='word_1_21' title='bbox 1166 1628 1187 1677; x_wconf 89' lang='lat' dir='ltr'><strong>a</strong></span> <span class='ocrx_word' id='word_1_22' title='bbox 1212 1605 1448 1681; x_wconf 86' lang='lat' dir='ltr'><strong>Machedonia.</strong></span> 
     </span>
    </p>
   </div>
   <div class='ocr_carea' id='block_1_3' title="bbox 738 1739 1202 1803">
    <p class='ocr_par' dir='ltr' id='par_1_3' title="bbox 738 1739 1202 1803">
     <span class='ocr_line' id='line_1_4' title="bbox 738 1739 1202 1803; baseline 0.006 -3"><span class='ocrx_word' id='word_1_23' title='bbox 738 1739 911 1802; x_wconf 80' lang='lat' dir='ltr'><strong>EXPLlClT</strong></span> <span class='ocrx_word' id='word_1_24' title='bbox 932 1739 1202 1803; x_wconf 79' lang='lat' dir='ltr'><strong>ARGUMENTUM.</strong></span> 
     </span>
    </p>
   </div>
   <div class='ocr_carea' id='block_1_4' title="bbox 743 1995 1198 2070">
    <p class='ocr_par' dir='ltr' id='par_1_4' title="bbox 743 1995 1198 2070">
     <span class='ocr_line' id='line_1_5' title="bbox 743 1995 1198 2070; baseline 0.002 -4"><span class='ocrx_word' id='word_1_25' title='bbox 743 1997 951 2068; x_wconf 86' lang='lat' dir='ltr'><strong>lNClPlUNT</strong></span> <span class='ocrx_word' id='word_1_26' title='bbox 980 1995 1198 2070; x_wconf 78' lang='lat' dir='ltr'><strong>CAPITULA.</strong></span> 
     </span>
    </p>
   </div>
   <div class='ocr_carea' id='block_1_5' title="bbox 268 2184 1707 5401">
    <p class='ocr_par' dir='ltr' id='par_1_5' title="bbox 337 2184 1707 2399">
     <span class='ocr_line' id='line_1_6' title="bbox 337 2184 1707 2278; baseline 0.001 -24"><span class='ocrx_word' id='word_1_27' title='bbox 337 2186 358 2255; x_wconf 95' lang='lat' dir='ltr'><strong>l.</strong></span> <span class='ocrx_word' id='word_1_28' title='bbox 385 2186 437 2256; x_wconf 90' lang='lat' dir='ltr'><strong>De</strong></span> <span class='ocrx_word' id='word_1_29' title='bbox 463 2184 585 2256; x_wconf 82' lang='lat' dir='ltr'><strong>sabulis</strong></span> <span class='ocrx_word' id='word_1_30' title='bbox 611 2194 646 2254; x_wconf 87' lang='lat' dir='ltr'><strong>et</strong></span> <span class='ocrx_word' id='word_1_31' title='bbox 671 2185 882 2278; x_wconf 78' lang='lat' dir='ltr'><strong>genealogiis</strong></span> <span class='ocrx_word' id='word_1_32' title='bbox 910 2195 945 2258; x_wconf 90' lang='lat' dir='ltr'><strong>et</strong></span> <span class='ocrx_word' id='word_1_33' title='bbox 961 2187 1160 2258; x_wconf 91' lang='lat' dir='ltr'><strong>doctoribus</strong></span> <span class='ocrx_word' id='word_1_34' title='bbox 1186 2187 1284 2258; x_wconf 85' lang='lat' dir='ltr'><strong>vanis</strong></span> <span class='ocrx_word' id='word_1_35' title='bbox 1302 2207 1345 2257; x_wconf 89' lang='lat' dir='ltr'><strong>ac</strong></span> <span class='ocrx_word' id='word_1_36' title='bbox 1369 2206 1534 2278; x_wconf 81' lang='lat' dir='ltr'><strong>perversa</strong></span> <span class='ocrx_word' id='word_1_37' title='bbox 1552 2185 1707 2256; x_wconf 83' lang='lat' dir='ltr'><strong>doctrina</strong></span> 
     </span>
     <span class='ocr_line' id='line_1_7' title="bbox 389 2303 1001 2399; baseline 0 -23"><span class='ocrx_word' id='word_1_38' title='bbox 389 2315 424 2376; x_wconf 87' lang='lat' dir='ltr'><strong>et</strong></span> <span class='ocrx_word' id='word_1_39' title='bbox 449 2303 658 2399; x_wconf 91' lang='lat' dir='ltr'><strong>plenitudine</strong></span> <span class='ocrx_word' id='word_1_40' title='bbox 685 2325 790 2375; x_wconf 90' lang='lat' dir='ltr'><strong>sanae</strong></span> <span class='ocrx_word' id='word_1_41' title='bbox 816 2305 1001 2378; x_wconf 87' lang='lat' dir='ltr'><strong>doctrinae.</strong></span> 
     </span>
    </p>

    <p class='ocr_par' dir='ltr' id='par_1_6' title="bbox 325 2423 1707 2757">
     <span class='ocr_line' id='line_1_8' title="bbox 325 2423 1707 2519; baseline 0 -23"><span class='ocrx_word' id='word_1_42' title='bbox 325 2427 361 2496; x_wconf 94' lang='lat' dir='ltr'><strong>ll.</strong></span> <span class='ocrx_word' id='word_1_43' title='bbox 388 2425 440 2496; x_wconf 88' lang='lat' dir='ltr'><strong>De</strong></span> <span class='ocrx_word' id='word_1_44' title='bbox 465 2425 553 2516; x_wconf 80' lang='lat' dir='ltr'><strong>lege,</strong></span> <span class='ocrx_word' id='word_1_45' title='bbox 580 2423 676 2518; x_wconf 91' lang='lat' dir='ltr'><strong>quod</strong></span> <span class='ocrx_word' id='word_1_46' title='bbox 701 2424 796 2496; x_wconf 90' lang='lat' dir='ltr'><strong>iustis</strong></span> <span class='ocrx_word' id='word_1_47' title='bbox 821 2426 934 2519; x_wconf 90' lang='lat' dir='ltr'><strong>posita</strong></span> <span class='ocrx_word' id='word_1_48' title='bbox 959 2449 1029 2498; x_wconf 94' lang='lat' dir='ltr'><strong>non</strong></span> <span class='ocrx_word' id='word_1_49' title='bbox 1055 2428 1097 2498; x_wconf 88' lang='lat' dir='ltr'><strong>sit</strong></span> <span class='ocrx_word' id='word_1_50' title='bbox 1123 2426 1189 2498; x_wconf 91' lang='lat' dir='ltr'><strong>sed</strong></span> <span class='ocrx_word' id='word_1_51' title='bbox 1214 2427 1345 2498; x_wconf 86' lang='lat' dir='ltr'><strong>iniustis</strong></span> <span class='ocrx_word' id='word_1_52' title='bbox 1376 2435 1411 2498; x_wconf 89' lang='lat' dir='ltr'><strong>et</strong></span> <span class='ocrx_word' id='word_1_53' title='bbox 1443 2427 1600 2498; x_wconf 88' lang='lat' dir='ltr'><strong>omnibus</strong></span> <span class='ocrx_word' id='word_1_54' title='bbox 1628 2447 1707 2498; x_wconf 90' lang='lat' dir='ltr'><strong>sce-</strong></span> 
     </span>
     <span class='ocr_line' id='line_1_9' title="bbox 388 2544 1707 2641; baseline 0.002 -27"><span class='ocrx_word' id='word_1_55' title='bbox 388 2545 517 2616; x_wconf 90' lang='lat' dir='ltr'><strong>leratis:</strong></span> <span class='ocrx_word' id='word_1_56' title='bbox 544 2555 578 2614; x_wconf 88' lang='lat' dir='ltr'><strong>ot</strong></span> <span class='ocrx_word' id='word_1_57' title='bbox 604 2544 650 2616; x_wconf 92' lang='lat' dir='ltr'><strong>de</strong></span> <span class='ocrx_word' id='word_1_58' title='bbox 676 2545 823 2637; x_wconf 88' lang='lat' dir='ltr'><strong>apostoli</strong></span> <span class='ocrx_word' id='word_1_59' title='bbox 846 2546 916 2618; x_wconf 85' lang='lat' dir='ltr'><strong>vita</strong></span> <span class='ocrx_word' id='word_1_60' title='bbox 942 2547 1091 2641; x_wconf 88' lang='lat' dir='ltr'><strong>pristina,</strong></span> <span class='ocrx_word' id='word_1_61' title='bbox 1119 2557 1154 2618; x_wconf 94' lang='lat' dir='ltr'><strong>et</strong></span> <span class='ocrx_word' id='word_1_62' title='bbox 1180 2547 1226 2620; x_wconf 93' lang='lat' dir='ltr'><strong>de</strong></span> <span class='ocrx_word' id='word_1_63' title='bbox 1252 2546 1488 2619; x_wconf 87' lang='lat' dir='ltr'><strong>misericordia</strong></span> <span class='ocrx_word' id='word_1_64' title='bbox 1519 2548 1576 2619; x_wconf 94' lang='lat' dir='ltr'><strong>dei</strong></span> <span class='ocrx_word' id='word_1_65' title='bbox 1602 2568 1707 2640; x_wconf 90' lang='lat' dir='ltr'><strong>super</strong></span> 
     </span>
     <span class='ocr_line' id='line_1_10' title="bbox 388 2664 847 2757; baseline 0 -22"><span class='ocrx_word' id='word_1_66' title='bbox 388 2664 613 2757; x_wconf 81' lang='lat' dir='ltr'><strong>ignorantiam</strong></span> <span class='ocrx_word' id='word_1_67' title='bbox 639 2685 704 2757; x_wconf 92' lang='lat' dir='ltr'><strong>pro</strong></span> <span class='ocrx_word' id='word_1_68' title='bbox 730 2665 847 2757; x_wconf 78' lang='lat' dir='ltr'><strong>gratia.</strong></span> 
     </span>
    </p>

    <p class='ocr_par' dir='ltr' id='par_1_7' title="bbox 311 2785 1707 2999">
     <span class='ocr_line' id='line_1_11' title="bbox 311 2785 1707 2880; baseline 0 -24"><span class='ocrx_word' id='word_1_69' title='bbox 311 2785 359 2856; x_wconf 90' lang='lat'>111.</span> <span class='ocrx_word' id='word_1_70' title='bbox 386 2785 439 2870; x_wconf 90' lang='lat' dir='ltr'><strong>De</strong></span> <span class='ocrx_word' id='word_1_71' title='bbox 465 2785 615 2870; x_wconf 85' lang='lat' dir='ltr'><strong>domino,</strong></span> <span class='ocrx_word' id='word_1_72' title='bbox 642 2785 737 2877; x_wconf 91' lang='lat' dir='ltr'><strong>quod</strong></span> <span class='ocrx_word' id='word_1_73' title='bbox 763 2785 896 2856; x_wconf 88' lang='lat' dir='ltr'><strong>salvare</strong></span> <span class='ocrx_word' id='word_1_74' title='bbox 928 2796 1132 2880; x_wconf 84' lang='lat' dir='ltr'><strong>peccatores</strong></span> <span class='ocrx_word' id='word_1_75' title='bbox 1159 2787 1193 2856; x_wconf 95' lang='lat' dir='ltr'><strong>in</strong></span> <span class='ocrx_word' id='word_1_76' title='bbox 1219 2789 1394 2858; x_wconf 90' lang='lat' dir='ltr'><strong>saeculum</strong></span> <span class='ocrx_word' id='word_1_77' title='bbox 1420 2786 1571 2858; x_wconf 89' lang='lat' dir='ltr'><strong>venerit:</strong></span> <span class='ocrx_word' id='word_1_78' title='bbox 1600 2795 1634 2856; x_wconf 89' lang='lat' dir='ltr'><strong>et</strong></span> <span class='ocrx_word' id='word_1_79' title='bbox 1660 2785 1707 2856; x_wconf 90' lang='lat' dir='ltr'><strong>de</strong></span> 
     </span>
     <span class='ocr_line' id='line_1_12' title="bbox 389 2904 1602 2999; baseline 0 -24"><span class='ocrx_word' id='word_1_80' title='bbox 389 2906 549 2999; x_wconf 88' lang='lat' dir='ltr'><strong>apostolo</strong></span> <span class='ocrx_word' id='word_1_81' title='bbox 576 2904 622 2977; x_wconf 91' lang='lat' dir='ltr'><strong>ad</strong></span> <span class='ocrx_word' id='word_1_82' title='bbox 648 2905 845 2997; x_wconf 85' lang='lat' dir='ltr'><strong>exemplum</strong></span> <span class='ocrx_word' id='word_1_83' title='bbox 871 2905 1083 2978; x_wconf 89' lang='lat' dir='ltr'><strong>credentium</strong></span> <span class='ocrx_word' id='word_1_84' title='bbox 1110 2906 1381 2979; x_wconf 89' lang='lat' dir='ltr'><strong>misericordiam</strong></span> <span class='ocrx_word' id='word_1_85' title='bbox 1407 2915 1602 2988; x_wconf 87' lang='lat' dir='ltr'><strong>consecuto.</strong></span> 
     </span>
    </p>

    <p class='ocr_par' dir='ltr' id='par_1_8' title="bbox 294 3019 1279 3117">
     <span class='ocr_line' id='line_1_13' title="bbox 294 3019 1279 3117; baseline 0 -23"><span class='ocrx_word' id='word_1_86' title='bbox 294 3025 356 3094; x_wconf 91' lang='lat' dir='ltr'><strong>llll.</strong></span> <span class='ocrx_word' id='word_1_87' title='bbox 383 3025 436 3095; x_wconf 92' lang='lat' dir='ltr'><strong>De</strong></span> <span class='ocrx_word' id='word_1_88' title='bbox 461 3019 659 3117; x_wconf 77' lang='lat' dir='ltr'><strong>’Hymeneo</strong></span> <span class='ocrx_word' id='word_1_89' title='bbox 686 3033 721 3096; x_wconf 89' lang='lat' dir='ltr'><strong>et</strong></span> <span class='ocrx_word' id='word_1_90' title='bbox 746 3023 945 3097; x_wconf 82' lang='lat' dir='ltr'><strong>Alexandro</strong></span> <span class='ocrx_word' id='word_1_91' title='bbox 973 3025 1104 3097; x_wconf 88' lang='lat' dir='ltr'><strong>traditis</strong></span> <span class='ocrx_word' id='word_1_92' title='bbox 1130 3034 1279 3096; x_wconf 88' lang='lat' dir='ltr'><strong>satanae.</strong></span> 
     </span>
    </p>

    <p class='ocr_par' dir='ltr' id='par_1_9' title="bbox 317 3141 1706 3334">
     <span class='ocr_line' id='line_1_14' title="bbox 317 3141 1706 3236; baseline 0.001 -26"><span class='ocrx_word' id='word_1_93' title='bbox 317 3143 354 3210; x_wconf 91' lang='lat' dir='ltr'><strong>V.</strong></span> <span class='ocrx_word' id='word_1_94' title='bbox 380 3143 432 3213; x_wconf 91' lang='lat' dir='ltr'><strong>De</strong></span> <span class='ocrx_word' id='word_1_95' title='bbox 457 3143 668 3214; x_wconf 89' lang='lat' dir='ltr'><strong>orationibus</strong></span> <span class='ocrx_word' id='word_1_96' title='bbox 694 3164 758 3236; x_wconf 94' lang='lat' dir='ltr'><strong>pro</strong></span> <span class='ocrx_word' id='word_1_97' title='bbox 785 3143 978 3215; x_wconf 90' lang='lat' dir='ltr'><strong>hominibus</strong></span> <span class='ocrx_word' id='word_1_98' title='bbox 1005 3144 1187 3215; x_wconf 91' lang='lat' dir='ltr'><strong>universis:</strong></span> <span class='ocrx_word' id='word_1_99' title='bbox 1215 3155 1251 3214; x_wconf 91' lang='lat' dir='ltr'><strong>et</strong></span> <span class='ocrx_word' id='word_1_100' title='bbox 1276 3144 1371 3236; x_wconf 93' lang='lat' dir='ltr'><strong>quod</strong></span> <span class='ocrx_word' id='word_1_101' title='bbox 1398 3163 1518 3214; x_wconf 92' lang='lat' dir='ltr'><strong>omnes</strong></span> <span class='ocrx_word' id='word_1_102' title='bbox 1550 3141 1706 3212; x_wconf 83' lang='lat' dir='ltr'><strong>hominos</strong></span> 
     </span>
     <span class='ocr_line' id='line_1_15' title="bbox 387 3259 831 3334; baseline -0.005 -2"><span class='ocrx_word' id='word_1_103' title='bbox 387 3259 468 3332; x_wconf 90' lang='lat' dir='ltr'><strong>velit</strong></span> <span class='ocrx_word' id='word_1_104' title='bbox 494 3262 610 3333; x_wconf 92' lang='lat' dir='ltr'><strong>salvos</strong></span> <span class='ocrx_word' id='word_1_105' title='bbox 631 3261 709 3332; x_wconf 86' lang='lat' dir='ltr'><strong>¹lieri</strong></span> <span class='ocrx_word' id='word_1_106' title='bbox 736 3261 831 3334; x_wconf 92' lang='lat' dir='ltr'><strong>deus.</strong></span> 
     </span>
    </p>

    <p class='ocr_par' dir='ltr' id='par_1_10' title="bbox 312 3375 1706 3586">
     <span class='ocr_line' id='line_1_16' title="bbox 312 3375 1706 3474; baseline -0.001 -25"><span class='ocrx_word' id='word_1_107' title='bbox 312 3379 361 3450; x_wconf 91' lang='lat' dir='ltr'><strong>Vl.</strong></span> <span class='ocrx_word' id='word_1_108' title='bbox 388 3381 440 3451; x_wconf 89' lang='lat' dir='ltr'><strong>De</strong></span> <span class='ocrx_word' id='word_1_109' title='bbox 473 3375 560 3452; x_wconf 80' lang='lat' dir='ltr'><strong>&#39;deo</strong></span> <span class='ocrx_word' id='word_1_110' title='bbox 595 3381 690 3473; x_wconf 87' lang='lat' dir='ltr'><strong>quod</strong></span> <span class='ocrx_word' id='word_1_111' title='bbox 723 3404 811 3452; x_wconf 92' lang='lat' dir='ltr'><strong>unus</strong></span> <span class='ocrx_word' id='word_1_112' title='bbox 843 3391 911 3466; x_wconf 89' lang='lat' dir='ltr'><strong>est,</strong></span> <span class='ocrx_word' id='word_1_113' title='bbox 946 3392 981 3453; x_wconf 89' lang='lat' dir='ltr'><strong>et</strong></span> <span class='ocrx_word' id='word_1_114' title='bbox 1013 3383 1058 3454; x_wconf 90' lang='lat' dir='ltr'><strong>de</strong></span> <span class='ocrx_word' id='word_1_115' title='bbox 1094 3382 1233 3454; x_wconf 91' lang='lat' dir='ltr'><strong>domino</strong></span> <span class='ocrx_word' id='word_1_116' title='bbox 1266 3383 1361 3474; x_wconf 89' lang='lat' dir='ltr'><strong>quod</strong></span> <span class='ocrx_word' id='word_1_117' title='bbox 1393 3382 1562 3453; x_wconf 85' lang='lat' dir='ltr'><strong>mediator</strong></span> <span class='ocrx_word' id='word_1_118' title='bbox 1588 3377 1645 3448; x_wconf 92' lang='lat' dir='ltr'><strong>dei</strong></span> <span class='ocrx_word' id='word_1_119' title='bbox 1671 3387 1706 3448; x_wconf 92' lang='lat' dir='ltr'><strong>et</strong></span> 
     </span>
     <span class='ocr_line' id='line_1_17' title="bbox 388 3497 1224 3586; baseline 0.005 -18"><span class='ocrx_word' id='word_1_120' title='bbox 388 3498 563 3571; x_wconf 93' lang='lat' dir='ltr'><strong>hominum</strong></span> <span class='ocrx_word' id='word_1_121' title='bbox 588 3523 675 3570; x_wconf 93' lang='lat' dir='ltr'><strong>unus</strong></span> <span class='ocrx_word' id='word_1_122' title='bbox 702 3511 763 3586; x_wconf 77' lang='lat' dir='ltr'><strong>est</strong></span> <span class='ocrx_word' id='word_1_123' title='bbox 791 3501 896 3572; x_wconf 93' lang='lat' dir='ltr'><strong>homo</strong></span> <span class='ocrx_word' id='word_1_124' title='bbox 923 3502 1074 3574; x_wconf 89' lang='lat' dir='ltr'><strong>Christus</strong></span> <span class='ocrx_word' id='word_1_125' title='bbox 1100 3497 1224 3574; x_wconf 85' lang='lat' dir='ltr'><strong>lesus&#39;.</strong></span> 
     </span>
    </p>

    <p class='ocr_par' dir='ltr' id='par_1_11' title="bbox 294 3619 1705 3810">
     <span class='ocr_line' id='line_1_18' title="bbox 294 3619 1705 3704; baseline -0.001 -14"><span class='ocrx_word' id='word_1_126' title='bbox 294 3619 357 3690; x_wconf 90' lang='lat' dir='ltr'><strong>Vll.</strong></span> <span class='ocrx_word' id='word_1_127' title='bbox 384 3619 436 3690; x_wconf 91' lang='lat' dir='ltr'><strong>De</strong></span> <span class='ocrx_word' id='word_1_128' title='bbox 462 3619 620 3690; x_wconf 87' lang='lat' dir='ltr'><strong>libertate</strong></span> <span class='ocrx_word' id='word_1_129' title='bbox 647 3621 796 3692; x_wconf 92' lang='lat' dir='ltr'><strong>virorum</strong></span> <span class='ocrx_word' id='word_1_130' title='bbox 823 3643 864 3692; x_wconf 93' lang='lat' dir='ltr'><strong>ac</strong></span> <span class='ocrx_word' id='word_1_131' title='bbox 890 3623 1068 3694; x_wconf 88' lang='lat' dir='ltr'><strong>mulierum</strong></span> <span class='ocrx_word' id='word_1_132' title='bbox 1096 3623 1216 3696; x_wconf 91' lang='lat' dir='ltr'><strong>orandi</strong></span> <span class='ocrx_word' id='word_1_133' title='bbox 1242 3624 1276 3692; x_wconf 96' lang='lat' dir='ltr'><strong>in</strong></span> <span class='ocrx_word' id='word_1_134' title='bbox 1303 3621 1394 3692; x_wconf 95' lang='lat' dir='ltr'><strong>omni</strong></span> <span class='ocrx_word' id='word_1_135' title='bbox 1412 3621 1500 3704; x_wconf 89' lang='lat' dir='ltr'><strong>loco,</strong></span> <span class='ocrx_word' id='word_1_136' title='bbox 1528 3631 1562 3690; x_wconf 90' lang='lat' dir='ltr'><strong>et</strong></span> <span class='ocrx_word' id='word_1_137' title='bbox 1588 3621 1705 3692; x_wconf 89' lang='lat' dir='ltr'><strong>habitu</strong></span> 
     </span>
     <span class='ocr_line' id='line_1_19' title="bbox 387 3739 597 3810; baseline 0 -2"><span class='ocrx_word' id='word_1_138' title='bbox 387 3739 597 3810; x_wconf 85' lang='lat' dir='ltr'><strong>seminarum.</strong></span> 
     </span>
    </p>

    <p class='ocr_par' dir='ltr' id='par_1_12' title="bbox 283 3855 1706 4079">
     <span class='ocr_line' id='line_1_20' title="bbox 283 3855 1706 3956; baseline 0 -24"><span class='ocrx_word' id='word_1_139' title='bbox 283 3859 359 3932; x_wconf 90' lang='lat' dir='ltr'><strong>Vlll.</strong></span> <span class='ocrx_word' id='word_1_140' title='bbox 386 3860 438 3931; x_wconf 91' lang='lat' dir='ltr'><strong>De</strong></span> <span class='ocrx_word' id='word_1_141' title='bbox 465 3859 706 3954; x_wconf 91' lang='lat' dir='ltr'><strong>episcoporum</strong></span> <span class='ocrx_word' id='word_1_142' title='bbox 732 3871 766 3934; x_wconf 90' lang='lat' dir='ltr'><strong>et</strong></span> <span class='ocrx_word' id='word_1_143' title='bbox 792 3863 972 3956; x_wconf 76' lang='lat' dir='ltr'><strong>coniugum</strong></span> <span class='ocrx_word' id='word_1_144' title='bbox 985 3855 1205 3950; x_wconf 79' lang='lat' dir='ltr'><strong>‘&#39;formulam,</strong></span> <span class='ocrx_word' id='word_1_145' title='bbox 1232 3872 1267 3934; x_wconf 95' lang='lat' dir='ltr'><strong>et</strong></span> <span class='ocrx_word' id='word_1_146' title='bbox 1292 3863 1530 3934; x_wconf 88' lang='lat' dir='ltr'><strong>diaconorum:</strong></span> <span class='ocrx_word' id='word_1_147' title='bbox 1558 3871 1594 3932; x_wconf 91' lang='lat' dir='ltr'><strong>et</strong></span> <span class='ocrx_word' id='word_1_148' title='bbox 1611 3861 1706 3952; x_wconf 86' lang='lat' dir='ltr'><strong>quod</strong></span> 
     </span>
     <span class='ocr_line' id='line_1_21' title="bbox 388 3979 1490 4079; baseline -0.001 -27"><span class='ocrx_word' id='word_1_149' title='bbox 388 3979 571 4074; x_wconf 85' lang='lat' dir='ltr'><strong>aliquando</strong></span> <span class='ocrx_word' id='word_1_150' title='bbox 597 3980 691 4052; x_wconf 92' lang='lat' dir='ltr'><strong>idem</strong></span> <span class='ocrx_word' id='word_1_151' title='bbox 717 3981 871 4076; x_wconf 90' lang='lat' dir='ltr'><strong>episcopi</strong></span> <span class='ocrx_word' id='word_1_152' title='bbox 897 3983 954 4076; x_wconf 91' lang='lat' dir='ltr'><strong>qui</strong></span> <span class='ocrx_word' id='word_1_153' title='bbox 980 3993 1015 4054; x_wconf 89' lang='lat' dir='ltr'><strong>et</strong></span> <span class='ocrx_word' id='word_1_154' title='bbox 1039 3983 1254 4079; x_wconf 79' lang='lat' dir='ltr'><strong>praesbyteri</strong></span> <span class='ocrx_word' id='word_1_155' title='bbox 1281 3982 1490 4055; x_wconf 82' lang='lat' dir='ltr'><strong>dicebantur.</strong></span> 
     </span>
    </p>

    <p class='ocr_par' dir='ltr' id='par_1_13' title="bbox 305 4101 797 4196">
     <span class='ocr_line' id='line_1_22' title="bbox 305 4101 797 4196; baseline -0.004 -22"><span class='ocrx_word' id='word_1_156' title='bbox 305 4101 357 4174; x_wconf 90' lang='lat' dir='ltr'><strong>lX.</strong></span> <span class='ocrx_word' id='word_1_157' title='bbox 384 4101 437 4172; x_wconf 89' lang='lat' dir='ltr'><strong>De</strong></span> <span class='ocrx_word' id='word_1_158' title='bbox 461 4101 625 4194; x_wconf 82' lang='lat' dir='ltr'><strong>mysterio</strong></span> <span class='ocrx_word' id='word_1_159' title='bbox 652 4101 797 4196; x_wconf 89' lang='lat' dir='ltr'><strong>pietatis.</strong></span> 
     </span>
    </p>

    <p class='ocr_par' dir='ltr' id='par_1_14' title="bbox 319 4221 1704 4436">
     <span class='ocr_line' id='line_1_23' title="bbox 319 4221 1704 4318; baseline 0.001 -28"><span class='ocrx_word' id='word_1_160' title='bbox 319 4221 359 4290; x_wconf 87' lang='lat' dir='ltr'><strong>X.</strong></span> <span class='ocrx_word' id='word_1_161' title='bbox 386 4221 438 4290; x_wconf 91' lang='lat' dir='ltr'><strong>De</strong></span> <span class='ocrx_word' id='word_1_162' title='bbox 464 4221 583 4314; x_wconf 91' lang='lat' dir='ltr'><strong>spiritu</strong></span> <span class='ocrx_word' id='word_1_163' title='bbox 610 4232 728 4294; x_wconf 90' lang='lat' dir='ltr'><strong>sancto</strong></span> <span class='ocrx_word' id='word_1_164' title='bbox 754 4223 941 4294; x_wconf 87' lang='lat' dir='ltr'><strong>novissima</strong></span> <span class='ocrx_word' id='word_1_165' title='bbox 969 4233 1126 4318; x_wconf 87' lang='lat' dir='ltr'><strong>tempora</strong></span> <span class='ocrx_word' id='word_1_166' title='bbox 1153 4235 1188 4294; x_wconf 87' lang='lat' dir='ltr'><strong>et</strong></span> <span class='ocrx_word' id='word_1_167' title='bbox 1214 4225 1432 4296; x_wconf 88' lang='lat' dir='ltr'><strong>simulatores</strong></span> <span class='ocrx_word' id='word_1_168' title='bbox 1459 4231 1494 4292; x_wconf 88' lang='lat' dir='ltr'><strong>et</strong></span> <span class='ocrx_word' id='word_1_169' title='bbox 1519 4221 1704 4292; x_wconf 88' lang='lat' dir='ltr'><strong>infidelium</strong></span> 
     </span>
     <span class='ocr_line' id='line_1_24' title="bbox 387 4337 1134 4436; baseline 0.007 -29"><span class='ocrx_word' id='word_1_170' title='bbox 387 4337 566 4430; x_wconf 89' lang='lat' dir='ltr'><strong>perfidiam</strong></span> <span class='ocrx_word' id='word_1_171' title='bbox 592 4363 655 4433; x_wconf 92' lang='lat' dir='ltr'><strong>per</strong></span> <span class='ocrx_word' id='word_1_172' title='bbox 682 4343 874 4436; x_wconf 86' lang='lat' dir='ltr'><strong>apostolum</strong></span> <span class='ocrx_word' id='word_1_173' title='bbox 902 4344 1134 4436; x_wconf 90' lang='lat' dir='ltr'><strong>praedicante.</strong></span> 
     </span>
    </p>

    <p class='ocr_par' dir='ltr' id='par_1_15' title="bbox 302 4455 1704 4671">
     <span class='ocr_line' id='line_1_25' title="bbox 302 4455 1704 4558; baseline 0.003 -33"><span class='ocrx_word' id='word_1_174' title='bbox 302 4455 355 4525; x_wconf 91' lang='lat' dir='ltr'><strong>XI.</strong></span> <span class='ocrx_word' id='word_1_175' title='bbox 383 4457 435 4528; x_wconf 90' lang='lat' dir='ltr'><strong>De</strong></span> <span class='ocrx_word' id='word_1_176' title='bbox 460 4459 609 4552; x_wconf 78' lang='lat' dir='ltr'><strong>profanis</strong></span> <span class='ocrx_word' id='word_1_177' title='bbox 636 4471 671 4531; x_wconf 90' lang='lat' dir='ltr'><strong>et</strong></span> <span class='ocrx_word' id='word_1_178' title='bbox 697 4461 840 4533; x_wconf 86' lang='lat' dir='ltr'><strong>anilibus</strong></span> <span class='ocrx_word' id='word_1_179' title='bbox 871 4463 1011 4548; x_wconf 79' lang='lat' dir='ltr'><strong>sabulis,</strong></span> <span class='ocrx_word' id='word_1_180' title='bbox 1045 4473 1080 4534; x_wconf 89' lang='lat' dir='ltr'><strong>et</strong></span> <span class='ocrx_word' id='word_1_181' title='bbox 1106 4463 1276 4558; x_wconf 87' lang='lat' dir='ltr'><strong>corporali</strong></span> <span class='ocrx_word' id='word_1_182' title='bbox 1310 4463 1476 4534; x_wconf 84' lang='lat' dir='ltr'><strong>exercitio</strong></span> <span class='ocrx_word' id='word_1_183' title='bbox 1510 4457 1564 4532; x_wconf 84' lang='lat' dir='ltr'><strong>&#39;et</strong></span> <span class='ocrx_word' id='word_1_184' title='bbox 1600 4481 1704 4530; x_wconf 83' lang='lat' dir='ltr'><strong>exer-</strong></span> 
     </span>
     <span class='ocr_line' id='line_1_26' title="bbox 388 4573 637 4671; baseline 0.004 -25"><span class='ocrx_word' id='word_1_185' title='bbox 388 4573 467 4648; x_wconf 90' lang='lat' dir='ltr'><strong>citio</strong></span> <span class='ocrx_word' id='word_1_186' title='bbox 492 4579 637 4671; x_wconf 90' lang='lat' dir='ltr'><strong>pietatis.</strong></span> 
     </span>
    </p>

    <p class='ocr_par' dir='ltr' id='par_1_16' title="bbox 292 4695 811 4772">
     <span class='ocr_line' id='line_1_27' title="bbox 292 4695 811 4772; baseline 0.008 -6"><span class='ocrx_word' id='word_1_187' title='bbox 292 4695 358 4766; x_wconf 86' lang='grc' dir='ltr'><strong>ΧΠ.</strong></span> <span class='ocrx_word' id='word_1_188' title='bbox 384 4697 436 4768; x_wconf 92' lang='lat' dir='ltr'><strong>De</strong></span> <span class='ocrx_word' id='word_1_189' title='bbox 461 4697 581 4770; x_wconf 91' lang='lat' dir='ltr'><strong>labore</strong></span> <span class='ocrx_word' id='word_1_190' title='bbox 608 4709 811 4772; x_wconf 90' lang='lat' dir='ltr'><strong>sanctorum.</strong></span> 
     </span>
    </p>

    <p class='ocr_par' dir='ltr' id='par_1_17' title="bbox 277 4809 1705 5012">
     <span class='ocr_line' id='line_1_28' title="bbox 277 4809 1705 4915; baseline 0.003 -29"><span class='ocrx_word' id='word_1_191' title='bbox 277 4817 356 4886; x_wconf 88' lang='lat' dir='ltr'><strong>Xlll.</strong></span> <span class='ocrx_word' id='word_1_192' title='bbox 382 4817 434 4888; x_wconf 90' lang='lat' dir='ltr'><strong>De</strong></span> <span class='ocrx_word' id='word_1_193' title='bbox 461 4813 676 4903; x_wconf 74' lang='lat' dir='ltr'><strong>&#39;doctorem</strong></span> <span class='ocrx_word' id='word_1_194' title='bbox 704 4819 799 4912; x_wconf 90' lang='lat' dir='ltr'><strong>quod</strong></span> <span class='ocrx_word' id='word_1_195' title='bbox 831 4843 869 4891; x_wconf 90' lang='lat' dir='ltr'><strong>se</strong></span> <span class='ocrx_word' id='word_1_196' title='bbox 896 4822 1009 4914; x_wconf 90' lang='lat' dir='ltr'><strong>ipsum</strong></span> <span class='ocrx_word' id='word_1_197' title='bbox 1042 4819 1216 4914; x_wconf 89' lang='lat' dir='ltr'><strong>discipulis</strong></span> <span class='ocrx_word' id='word_1_198' title='bbox 1249 4823 1428 4894; x_wconf 78' lang='lat' dir='ltr'><strong>formulam</strong></span> <span class='ocrx_word' id='word_1_199' title='bbox 1461 4809 1561 4893; x_wconf 87' lang='lat' dir='ltr'><strong>bonis</strong></span> <span class='ocrx_word' id='word_1_200' title='bbox 1587 4822 1705 4915; x_wconf 92' lang='lat' dir='ltr'><strong>operi-</strong></span> 
     </span>
     <span class='ocr_line' id='line_1_29' title="bbox 386 4935 1074 5012; baseline 0.006 -6"><span class='ocrx_word' id='word_1_201' title='bbox 386 4937 452 5008; x_wconf 89' lang='lat' dir='ltr'><strong>bus</strong></span> <span class='ocrx_word' id='word_1_202' title='bbox 477 4939 511 5008; x_wconf 89' lang='lat' dir='ltr'><strong>in</strong></span> <span class='ocrx_word' id='word_1_203' title='bbox 536 4939 695 5010; x_wconf 90' lang='lat' dir='ltr'><strong>omnibus</strong></span> <span class='ocrx_word' id='word_1_204' title='bbox 722 4935 872 5012; x_wconf 89' lang='lat' dir='ltr'><strong>&#39;debeat</strong></span> <span class='ocrx_word' id='word_1_205' title='bbox 897 4940 1074 5012; x_wconf 80' lang='lat' dir='ltr'><strong>exhibere.</strong></span> 
     </span>
    </p>

    <p class='ocr_par' dir='ltr' id='par_1_18' title="bbox 268 5057 1704 5274">
     <span class='ocr_line' id='line_1_30' title="bbox 268 5057 1704 5154; baseline 0.003 -28"><span class='ocrx_word' id='word_1_206' title='bbox 268 5057 359 5126; x_wconf 86' lang='lat' dir='ltr'><strong>XIIll.</strong></span> <span class='ocrx_word' id='word_1_207' title='bbox 386 5057 438 5128; x_wconf 87' lang='lat' dir='ltr'><strong>De</strong></span> <span class='ocrx_word' id='word_1_208' title='bbox 465 5057 620 5143; x_wconf 89' lang='lat' dir='ltr'><strong>doctore,</strong></span> <span class='ocrx_word' id='word_1_209' title='bbox 649 5058 744 5150; x_wconf 90' lang='lat' dir='ltr'><strong>quod</strong></span> <span class='ocrx_word' id='word_1_210' title='bbox 769 5059 849 5130; x_wconf 91' lang='lat' dir='ltr'><strong>nihil</strong></span> <span class='ocrx_word' id='word_1_211' title='bbox 876 5061 968 5132; x_wconf 89' lang='lat' dir='ltr'><strong>alind</strong></span> <span class='ocrx_word' id='word_1_212' title='bbox 995 5083 1096 5154; x_wconf 87' lang='lat' dir='ltr'><strong>quarn</strong></span> <span class='ocrx_word' id='word_1_213' title='bbox 1124 5061 1313 5133; x_wconf 88' lang='lat' dir='ltr'><strong>doctrinam</strong></span> <span class='ocrx_word' id='word_1_214' title='bbox 1347 5071 1382 5132; x_wconf 88' lang='lat' dir='ltr'><strong>et</strong></span> <span class='ocrx_word' id='word_1_215' title='bbox 1408 5062 1550 5134; x_wconf 90' lang='lat' dir='ltr'><strong>iustitias</strong></span> <span class='ocrx_word' id='word_1_216' title='bbox 1578 5061 1704 5133; x_wconf 93' lang='lat' dir='ltr'><strong>domini</strong></span> 
     </span>
     <span class='ocr_line' id='line_1_31' title="bbox 387 5179 1005 5274; baseline 0.002 -25"><span class='ocrx_word' id='word_1_217' title='bbox 387 5199 525 5274; x_wconf 89' lang='lat' dir='ltr'><strong>semper</strong></span> <span class='ocrx_word' id='word_1_218' title='bbox 550 5179 677 5251; x_wconf 86' lang='lat' dir='ltr'><strong>debeat</strong></span> <span class='ocrx_word' id='word_1_219' title='bbox 703 5179 868 5252; x_wconf 85' lang='lat' dir='ltr'><strong>meditari.</strong></span> <span class='ocrx_word' id='word_1_220' title='bbox 1000 5251 1005 5260; x_wconf 75' lang='grc'><em>,</em></span> 
     </span>
    </p>

    <p class='ocr_par' dir='ltr' id='par_1_19' title="bbox 286 5289 997 5401">
     <span class='ocr_line' id='line_1_32' title="bbox 286 5289 997 5401; baseline 0.004 -33"><span class='ocrx_word' id='word_1_221' title='bbox 286 5298 354 5368; x_wconf 87' lang='lat' dir='ltr'><strong>XV.</strong></span> <span class='ocrx_word' id='word_1_222' title='bbox 381 5301 432 5370; x_wconf 85' lang='lat' dir='ltr'><strong>lle</strong></span> <span class='ocrx_word' id='word_1_223' title='bbox 459 5289 651 5371; x_wconf 77' lang='lat' dir='ltr'><strong>seniorib&#39;ns</strong></span> <span class='ocrx_word' id='word_1_224' title='bbox 678 5323 745 5370; x_wconf 95' lang='lat' dir='ltr'><strong>non</strong></span> <span class='ocrx_word' id='word_1_225' title='bbox 771 5301 997 5401; x_wconf 89' lang='lat' dir='ltr'><strong>increpandis.</strong></span> 
     </span>
    </p>
   </div>
   <div class='ocr_carea' id='block_1_6' title="bbox 0 0 2078 6118">
    <p class='ocr_par' dir='ltr' id='par_1_20' title="bbox 0 0 2078 6118">
     <span class='ocr_line' id='line_1_33' title="bbox 0 0 2078 6118; baseline 0 0"><span class='ocrx_word' id='word_1_226' title='bbox 0 0 2078 6118; x_wconf 95' lang='lat' dir='ltr'><strong> </strong></span> 
     </span>
    </p>
   </div>
  </div>
 </body>
</html>
