4242 6118
702 393 946 462 evtrtoentnu
975 398 1181 464 SECUNDUM
1207 403 1344 466 tuctu·
1685 397 1758 466 t39

276 625 364 676 nnus
389 625 434 672 ex
468 602 530 674 illis
557 623 698 674 servum
731 597 895 698 principis
930 601 1155 674 sacerdotum
1189 616 1223 676 et
1257 607 1443 702 amputavit
1475 605 1661 678 auriculam
1688 623 1763 674 erus

277 722 444 795 dextram.
495 714 518 758 ⁵⁴
538 722 767 817 Respondens
795 730 911 795 autern
937 725 1038 794 lesus
1064 723 1110 796 ait
1136 726 1241 798 Sinite
1260 728 1469 822 usquehuc:
1504 715 1610 770 (55555)
1630 733 1763 795 etcum

277 843 443 936 tetigisset
468 843 655 916 auriculam
682 844 764 929 eius,
793 847 927 917 sanavit
952 865 1044 916 eum.
1096 835 1224 892 555555)
1236 849 1329 920 Dixit
1360 858 1475 920 antem
1502 847 1598 916 lesus
1626 844 1672 916 ad
1700 863 1764 914 eos

277 965 334 1056 qui
360 971 526 1034 venerant
552 962 598 1034 ad
626 985 674 1050 se,
701 964 873 1058 principes
899 963 1122 1038 sacerdotum
1151 976 1185 1037 et
1211 970 1433 1060 magistratus
1452 966 1572 1058 templi
1591 975 1626 1035 et
1644 963 1763 1036 senio-

277 1103 334 1154 res
361 1083 465 1166 Quasi
500 1081 546 1154 ad
578 1084 746 1156 latronem
782 1084 901 1155 existis
934 1107 1013 1156 cum
1047 1085 1169 1177 gladiis
1202 1097 1237 1157 ct
1268 1089 1429 1160 firstibns:
1477 1077 1504 1122 55
1522 1107 1599 1156 cum
1636 1084 1764 1167 cotidie

276 1202 454 1274 vobiscum
481 1202 601 1274 luerim
628 1205 662 1274 in
689 1203 828 1297 templo,
855 1225 924 1274 non
951 1205 1155 1276 extendistis
1182 1229 1304 1279 manns
1330 1209 1362 1278 in
1390 1229 1467 1278 me:
1504 1204 1569 1276 sed
1596 1205 1683 1276 haec
1710 1214 1766 1276 est

276 1323 362 1392 hora
400 1331 517 1394 vestra
556 1333 592 1394 et
629 1333 786 1419 potestas
825 1325 1053 1397 tenebrarum.
1107 1315 1608 1422 555555556οιηρτε11θηάθηιθε
1647 1335 1763 1398 autem

276 1463 353 1514 eum
390 1441 563 1513 duxerunt
594 1443 640 1515 ad
675 1443 816 1515 domum
848 1444 1009 1540 principis
1044 1445 1281 1518 sacerdotum:
1331 1439 1424 1494 (5555)
1440 1447 1565 1515 Petrus
1592 1467 1676 1518 vcro
1704 1467 1763 1518 se-

276 1561 443 1654 quebatur
470 1563 629 1656 alonge.
683 1555 710 1600 55
726 1562 884 1634 Accenso
912 1575 1026 1636 antem
1053 1566 1122 1658 igni
1155 1567 1188 1636 in
1223 1567 1340 1639 medio
1375 1567 1467 1638 atrio
1504 1573 1540 1634 et
1573 1567 1762 1640 circumse-

276 1682 437 1754 dentibus
463 1682 526 1754 illis
553 1693 629 1754 erat
655 1682 777 1756 Petrus
803 1684 837 1754 in
862 1685 977 1757 medio
1005 1705 1136 1756 eorum.
1175 1677 1202 1722 55
1220 1689 1330 1772 Quem
1358 1709 1437 1758 cum
1469 1682 1615 1756 vidisset
1640 1687 1762 1761 ancilla

209 1875 215 1883 ,
276 1803 447 1895 quaedam
475 1803 656 1876 sedentem
683 1803 729 1876 ad
756 1804 869 1876 lumen
902 1815 936 1878 et
962 1827 1041 1878 enm
1075 1805 1195 1877 luisset
1227 1807 1359 1892 intuita,
1393 1804 1486 1878 dixit
1520 1805 1563 1875 Et
1594 1805 1648 1877 hic
1682 1829 1761 1880 cum

274 1923 330 1994 illo
358 1931 440 1994 erat.
491 1915 688 1995 1⁵⁷⁶⁹²·'lrlt
712 1925 767 1996 ille
793 1926 931 2017 negavit
956 1947 1036 1997 enm
1062 1925 1181 1998 dicens
1198 1927 1326 2011 Mulier,
1352 1947 1424 1998 non
1443 1926 1526 1996 novi
1545 1925 1645 1997 illum.
1680 1920 1760 2002 ⁵⁸ttt

274 2053 355 2136 post
378 2043 535 2136 pusillum
563 2045 649 2116 alius
676 2043 800 2116 videns
827 2066 904 2116 eum
938 2046 1025 2118 dixit
1050 2047 1093 2116 Et
1118 2056 1153 2117 tu
1180 2045 1226 2117 de
1258 2045 1321 2116 illis
1348 2067 1397 2118 es.
1446 2045 1570 2136 Petrus
1601 2068 1685 2120 vero
1713 2052 1759 2122 ait

259 2163 304 2252 Ο
331 2164 446 2248 homo,
473 2185 543 2236 non
569 2187 655 2236 snm.
708 2156 735 2202 55
751 2165 794 2235 Et
819 2165 995 2236 intervallo
1022 2166 1112 2238 lacto
1139 2165 1238 2258 quasi
1255 2165 1363 2236 horae
1390 2165 1494 2236 ninius
1513 2166 1599 2237 alins
1617 2169 1756 2262 qnidam

274 2282 466 2355 affirmabat
491 2284 612 2356 dicens
638 2286 728 2356 Vere
756 2293 791 2356 et
817 2285 871 2356 hic
897 2307 974 2356 cum
1000 2286 1057 2357 illo
1084 2294 1173 2356 erat:
1200 2305 1279 2356 nam
1306 2294 1342 2355 et
1367 2284 1542 2357 Galilaeus
1568 2297 1630 2360 est.
1673 2279 1701 2326 ⁰⁰
1716 2291 1757 2362 Et

275 2404 321 2474 ait
352 2403 472 2476 Petrus
503 2399 634 2491 Homo,
669 2405 789 2476 nescio
816 2405 899 2498 quid
930 2405 1025 2476 dicis.
1079 2406 1120 2476 Et
1156 2404 1317 2477 continno
1351 2405 1468 2476 adhuc
1501 2408 1558 2479 illo
1593 2409 1755 2502 loquente

275 2525 423 2596 cantavit
447 2525 565 2618 gallus,
608 2517 632 2561 ⁶¹
648 2516 737 2571 (5555)
754 2535 790 2596 et
815 2545 1003 2598 conversus
1029 2524 1188 2596 dominns
1209 2524 1366 2616 respexit
1390 2524 1548 2614 Petrum,
1576 2539 1610 2601 et
1634 2551 1755 2612 recor-¹

275 2645 376 2717 datus
402 2656 455 2716 est
480 2645 602 2718 Petrus
627 2643 727 2716 verbi
754 2644 892 2731 domini,
920 2645 1006 2716 sicut
1032 2643 1118 2716 dixit
1144 2644 1222 2736 quia
1248 2643 1344 2737 prius
1372 2666 1477 2736 quam
1504 2651 1614 2741 gallus
1641 2661 1755 2722 cantet
1834 2713 1839 2724 Ι

275 2775 328 2836 ter
353 2786 410 2836 mc
435 2765 596 2859 negabis:
639 2757 667 2802 55
684 2774 720 2836 et
746 2785 909 2858 egressus
936 2766 1028 2836 foras
1054 2763 1176 2836 Petrus
1194 2763 1286 2836 tevit
1303 2785 1431 2836 amare.
1485 2760 1512 2806 55
1525 2759 1615 2818 5555)
1632 2771 1674 2842 lit
1690 2773 1753 2844 viri

276 2887 332 2978 qui
359 2879 521 2957 tenebant
546 2905 626 2958 cum
652 2884 852 2958 inludebant
878 2885 909 2956 ei
936 2884 1133 2970 caedentes,
1177 2874 1203 2920 55
1216 2895 1251 2956 et
1275 2885 1479 2959 velaverunt
1505 2911 1583 2962 eum
1611 2902 1646 2962 et
1669 2914 1751 2986 per-

276 3005 447 3078 cutiebant
472 3007 594 3078 taciem
620 3005 705 3090 eius,
734 3016 769 3076 et
793 3007 1052 3099 interrogabant
1078 3025 1158 3076 eum
1185 3003 1339 3077 dicentes
1357 3005 1571 3101 Prophetiza,
1599 3013 1676 3104 quis
1699 3022 1753 3083 est

276 3126 333 3218 qui
375 3137 409 3197 te
444 3126 637 3220 percussit?
701 3116 729 3162 55
744 3126 785 3196 Et
827 3127 892 3198 alia
927 3127 1031 3198 multa
1069 3125 1348 3219 blasphemantes
1389 3125 1552 3201 dicebant
1587 3131 1621 3200 in
1660 3153 1750 3202 eum.
1784 3167 1790 3176 ·

274 3237 401 3295 555555)
419 3249 461 3320 Et
486 3259 522 3320 nt
547 3249 657 3319 iactus
683 3255 737 3316 cst
762 3245 847 3332 dies,
875 3256 1109 3318 convenerunt
1134 3245 1288 3316 seniores
1314 3247 1426 3338 plebis
1444 3259 1479 3319 et
1502 3251 1673 3342 principes
1691 3271 1751 3322 sa·-
1884 3257 1887 3276 '

276 3366 456 3438 oerdotum
483 3377 518 3438 et
543 3367 679 3438 scribae
706 3375 741 3438 et
767 3366 939 3438 duxerunt
964 3367 1055 3439 illum
1081 3367 1123 3436 in·
1142 3363 1319 3436 concilium
1344 3389 1452 3454 suum,
1481 3369 1635 3442 dicentes
1662 3371 1697 3440 Si
1715 3380 1751 3441 tu

276 3507 315 3556 es
342 3487 503 3572 Christus,
532 3487 588 3559 dic
613 3487 725 3559 nobis.
777 3480 804 3524 55
818 3479 921 3538 (5555)
939 3489 981 3559 Ει
1007 3488 1053 3558 ait
1079 3485 1141 3556 illis
1168 3486 1203 3556 Si
1230 3483 1331 3558 vobis
1358 3485 1489 3574 dixero,
1516 3511 1585 3562 non
1612 3489 1751 3562 creditis

276 3607 371 3677 mibi:
414 3599 442 3644 55
459 3609 488 3680 si
514 3617 629 3680 antem
656 3617 690 3680 et
716 3608 986 3701 interrogavero,
1013 3629 1082 3679 non
1107 3601 1360 3700 respondebitis
1388 3607 1468 3678 mihi
1495 3629 1608 3702 neque
1634 3610 1749 3682 dimit-

277 3727 362 3798 tetis.
414 3719 540 3774 555555)
558 3729 610 3798 Ex
637 3729 705 3802 hoc
732 3737 845 3800 antem
873 3729 936 3800 crit
961 3728 1048 3802 libus
1074 3729 1220 3802 hominis
1247 3725 1374 3798 sedens
1407 3750 1433 3832 a¹
1462 3728 1592 3800 dextris
1618 3731 1750 3803 virtutis

276 3847 341 3918 dei.
394 3838 530 3892 5555555)
547 3848 715 3920 Dixerunt
740 3858 855 3920 autem
883 3868 1004 3922 omnes
1031 3851 1079 3921 Tu
1107 3871 1192 3942 ergo
1220 3869 1259 3918 es
1286 3845 1373 3919 libus
1399 3849 1482 3920 dei?
1517 3849 1582 3933 Qui
1608 3850 1654 3920 ait
1679 3851 1750 3922 Vos

275 3967 393 4046 dicitis,
421 3967 500 4059 quia
527 3989 595 4060 ego
623 3991 709 4041 sum.
752 3951 786 4004 55
802 3961 893 4014 ‘m'
911 3970 956 4042 At
982 3971 1025 4042 illi
1053 3971 1214 4042 dixerunt
1246 3969 1335 4053 Quid
1370 3970 1483 4042 adhuc
1510 3969 1749 4042 desideramus

275 4087 532 4158 testimonium?
560 4087 623 4180 ipsi
650 4089 740 4161 enim
768 4090 962 4162 audivimus
989 4090 1033 4162 de
1062 4113 1123 4160 ore
1151 4090 1233 4160 eius.

266 4202 276 4244 l

959 4369 1068 4438 XXlll.

352 4563 468 4618 ’(5555)
486 4573 528 4642 Ει
553 4593 699 4664 surgens
727 4574 837 4643 omnis
864 4573 1043 4645 multitudo
1071 4593 1190 4646 eorum
1217 4571 1389 4644 duxerunt
1413 4572 1503 4642 illum
1532 4571 1578 4643 ad
1596 4570 1747 4642 Pilatum.
1804 4543 1810 4556 ’

275 4685 401 4740 555555)
419 4694 615 4786 Coeperunt
641 4701 755 4765 autem
781 4693 872 4764 illum
900 4715 1065 4766 accusare
1091 4694 1247 4766 dicentes
1272 4693 1368 4764 Hunc
1394 4691 1582 4762 invenimus
1600 4691 1747 4762 subver-

275 4823 402 4884 tentem
428 4825 566 4906 gentem
594 4823 746 4885 nostram
773 4822 808 4882 et
833 4815 1072 4906 prohibentem
1100 4814 1224 4886 tributa
1251 4811 1335 4884 dare
1354 4813 1491 4886 Caesari
1518 4822 1553 4883 et
1576 4810 1747 4882 dicentem

275 4955 314 5004 se
342 4933 508 5005 Christum
536 4955 654 5027 regem
668 4955 771 5006 csse.
824 4923 938 4981 555555)
958 4934 1083 5006 Pilatus
1117 4944 1229 5006 autem
1262 4931 1483 5021 interrogavit
1516 4953 1593 5002 eum
1628 4930 1748 5004 dicens

275 5055 324 5124 Tu
351 5077 390 5126 os
416 5075 479 5125 rex
506 5055 737 5127 ludaeorum?
781 5051 825 5122 At
850 5053 904 5122 illc
931 5054 1147 5147 respondens
1174 5053 1219 5124 ait
1246 5053 1296 5122 Tu
1322 5051 1416 5122 dicis.
1469 5040 1583 5096 5555555
1600 5049 1657 5123 Ait
1684 5075 1747 5125 an-

273 5183 340 5244 tem
369 5173 495 5246 Pilatus
524 5175 568 5247 ad
601 5176 773 5270 principos
807 5173 1026 5245 sacerdotum
1061 5183 1095 5244 et
1127 5174 1246 5245 turbas
1272 5171 1358 5244 Nibil
1391 5163 1528 5242 invenio
1561 5195 1688 5244 canisae
1714 5173 1747 5244 in

788 5293 883 5378 xxti,
912 5297 952 5364 bl
990 5333 1035 5344 -
1064 5293 1171 5380 xxm,
1202 5293 1232 5364 l.

975 5441 978 5449 Δ
1366 5412 1442 5481 tt*
