4102 6128
600 411 848 474 nvnncnnnu
876 411 1087 476 SECUNDUM
1113 417 1322 481 unrrusuu
1505 405 1508 414 '
1676 421 1721 500 tt

212 623 342 695 domini
368 643 402 692 tn
429 617 559 689 somnis
592 597 707 708 paruit
740 615 771 684 ei
808 611 938 686 dicens
972 617 1103 710 loseph
1136 619 1192 691 lilii
1220 623 1353 708 David,
1382 627 1451 696 noli
1479 627 1602 700 timere
1630 638 1723 705 acci-

213 766 296 839 pere
323 741 464 814 Mariam
498 737 683 828 coniugem
710 742 821 806 tuum:
856 735 959 823 quod
995 737 1089 807 enim
1123 739 1157 809 in
1191 763 1236 814 ea
1272 755 1394 816 natum
1429 757 1498 834 εει,
1533 749 1578 822 de
1606 756 1724 848 spiritu

213 847 333 938 sancto
360 873 422 934 εει.
474 851 498 896 ²¹
519 856 636 928 Pariet
662 865 778 928 autem
806 851 932 938 lilium,
970 865 1008 925 et
1041 860 1192 930 vocabis
1222 885 1357 934 nomen
1384 869 1459 937 eius
1492 869 1621 943 lesum:
1650 875 1725 970 ipse

214 987 302 1059 enim
322 985 452 1058 salvum
472 979 576 1050 laciet
604 979 771 1071 populum
799 993 899 1074 sunm
933 995 956 1044 a
983 977 1145 1066 peccatis
1167 1001 1302 1054 eorum.
1341 977 1724 1069 ”lineamentorum

214 1109 339 1180 lactum
364 1112 477 1175 estut
499 1097 756 1192 adimpleretur
779 1095 814 1167 id
838 1095 945 1188 quod
970 1093 1104 1167 dictum
1130 1112 1184 1172 est
1210 1125 1232 1172 a
1260 1103 1404 1176 domino
1430 1131 1494 1202 per
1515 1115 1722 1208 prophetam

215 1229 384 1300 dicentem
434 1216 570 1292 ”Ecce
607 1221 711 1314 virgo
747 1219 780 1289 in
811 1227 914 1292 utero
959 1213 1107 1290 habebit
1142 1233 1178 1294 et
1203 1225 1322 1317 pariet
1347 1224 1459 1314 filium,
1488 1242 1524 1302 et
1549 1239 1723 1311 vocabum

215 1369 341 1420 nomen
368 1347 440 1418 cius
464 1341 711 1426 Emmanuhel,
740 1339 836 1434 qnod
863 1347 921 1409 εει
952 1335 1216 1429 interpretatum
1245 1345 1434 1418 Nobiscum
1462 1349 1558 1424 dens.
1611 1348 1722 1430 ’‘Ex.

217 1489 364 1563 surgens
389 1476 502 1539 autem
535 1461 673 1556 loseph
699 1483 720 1533 a
747 1479 873 1533 somno
898 1457 985 1530 lecit
1012 1458 1102 1533 sicut
1126 1465 1314 1557 praecepit
1347 1467 1387 1565 ci¹
1411 1474 1554 1562 angelus
1581 1476 1718 1564 domini,

218 1603 253 1660 et
279 1588 414 1681 accepit
438 1583 628 1676 coniugem
663 1603 770 1654 suam.
823 1574 903 1653 *Et
940 1603 1010 1652 non
1042 1585 1291 1676 cognoscebat
1325 1605 1403 1656 eam
1436 1589 1552 1664 donec
1584 1600 1719 1689 pepen't

218 1711 322 1782 lilium
349 1731 447 1779 suum
472 1702 755 1799 primogenitum,
784 1713 819 1772 et
844 1702 985 1773 vocavit
1009 1725 1139 1774 nomen
1166 1705 1244 1774 eius
1271 1705 1399 1776 lesum„

950 1979 985 2050 ll.

299 2186 407 2261 'Cum
435 2189 649 2279 ergo'natus
677 2197 772 2256 esset
799 2187 894 2255 lesus
921 2185 953 2254 in
979 2183 1157 2254 Bethleem
1184 2185 1315 2258 ludcae
1350 2189 1382 2258 in
1409 2190 1534 2264 diebus
1560 2196 1709 2270 Herodis

222 2312 325 2403 regis,
353 2330 436 2379 ecce
463 2307 556 2398 magi
584 2305 629 2375 ab
657 2305 791 2375 oriente
825 2313 994 2374 venerunt
1019 2304 1299 2398 Hierosolymam
1352 2302 1537 2382 ⁹dioentes
1565 2315 1627 2385 Ubi
1656 2331 1707 2389 est

223 2431 281 2524 qui
306 2439 408 2501 natus
435 2437 488 2498 εει
512 2449 578 2496 rex
603 2425 835 2497 ludaeorum?
874 2423 1027 2496 Vidimus
1054 2415 1143 2493 enim
1171 2424 1305 2496 stellam
1334 2429 1407 2501 cius
1430 2431 1467 2500 in
1494 2434 1644 2522 oriente,
1673 2451 1706 2509 et

156 2524 160 2533 ’
218 2551 380 2624 venimus
415 2547 564 2620 adorare
596 2567 684 2617 eum.
736 2537 922 2614 ³Audiens
957 2553 1071 2622 aulem
1104 2545 1264 2616 Herodes
1297 2569 1360 2619 rex
1388 2551 1545 2624 turbatus
1572 2569 1641 2643 est,
1671 2569 1705 2629 ει

225 2671 338 2742 omnis
362 2669 603 2762 Hierosolyma
630 2687 707 2736 cum
733 2665 801 2736 illo.
851 2652 925 2734 *Bt
951 2683 1168 2756 congregans
1195 2687 1318 2738 omnes
1344 2669 1517 2763 principes
1535 2677 1703 2747 sacerdo-

225 2805 297 2863 tum
320 2799 357 2860 et
376 2787 509 2860 scribas
527 2786 654 2880 populi,
682 2785 922 2856 sciscitabatur
939 2784 983 2857 ab
1003 2785 1129 2856 eis‘ubi
1148 2785 1300 2860 Christus
1324 2803 1534 2864 nasceretur.
1559 2787 1649 2847 aet.)
1661 2797 1706 2868 At

226 2913 271 2982 illi
298 2911 459 2982 dixerunt
484 2909 517 2978 ei
543 2907 580 2977 ln
604 2906 782 2977 Bethleem
809 2905 946 2978 ludeae.
988 2905 1044 2976 Sic
1071 2906 1160 2976 enim
1187 2908 1352 3002 scriptum
1380 2921 1435 2982 cst
1460 2931 1524 3004 per
1549 2918 1703 3010 prophe-

227 3043 297 3103 tam
350 3021 420 3100 “Et
444 3039 480 3100 tu
505 3027 682 3098 Bethleem
709 3037 800 3097 terra
828 3027 920 3112 luda,
948 3045 1167 3118 nequaquam
1195 3027 1335 3102 minima
1369 3051 1408 3101 es
1435 3032 1468 3101 in
1494 3035 1704 3128 principibus

228 3153 328 3224 luda:
356 3171 403 3244 ex
430 3159 465 3219 te
492 3149 583 3218 enim
601 3147 696 3217 exiet
712 3146 785 3216 dux
803 3147 859 3238 qui
880 3158 981 3240 reget
998 3147 1162 3240 populum
1181 3169 1297 3220 meum
1315 3149 1453 3222 lsrahel.
1492 3143 1595 3200 illm)
1610 3153 1703 3225 'lunc

179 3243 186 3258 ⁸
228 3271 385 3343 Herodes
412 3270 501 3340 clam
527 3267 659 3340 vocatis
685 3266 796 3359 magis
823 3266 1003 3360 diligenter
1020 3265 1138 3336 didicit
1164 3267 1209 3338 ah
1235 3269 1286 3338 eis
1313 3279 1449 3363 tempus
1476 3273 1596 3344 stellae
1613 3297 1702 3367 qrrae

229 3391 388 3486 apparuit
412 3389 472 3473 eis,
511 3381 578 3459 ⁸et
603 3387 741 3458 mittens
765 3386 840 3457 illos
866 3387 900 3456 in
925 3386 1101 3458 Bethleem
1128 3385 1214 3458 dixit
1246 3390 1296 3458 lte
1322 3401 1357 3460 et
1388 3392 1598 3484 interrogate
1625 3395 1702 3464 dili-

230 3521 356 3604 gentcr
377 3509 423 3581 de
450 3527 576 3601 puero;
604 3517 640 3578 et
665 3529 741 3578 ctam
768 3506 972 3591 inveneritis,
1000 3507 1192 3578 renuntiate
1217 3507 1312 3594 mihi,
1340 3520 1378 3580 ut
1404 3522 1439 3582 et
1464 3533 1532 3603 ego
1559 3515 1703 3584 veniens

231 3633 374 3704 adorem
410 3649 498 3699 enm.
552 3620 645 3714 ⁹Qni
678 3649 756 3698 cum
792 3625 967 3698 audissent
1001 3647 1138 3718 regem,
1174 3627 1339 3700 abierunt
1400 3631 1442 3700 Et
1476 3651 1560 3703 ecce
1594 3635 1700 3719 stella,
1786 3629 1790 3638 '

230 3775 334 3845 quam
366 3749 525 3820 viderant
556 3749 589 3818 iu
621 3749 767 3834 oriente,
805 3745 1035 3819 antecedebat
1068 3769 1130 3820 eos
1165 3769 1275 3842 usque
1308 3749 1389 3820 dum
1421 3752 1565 3824 veniens
1596 3765 1703 3826 staret

230 3893 334 3965 supra
359 3869 418 3940 uhi
436 3879 511 3939 erat
536 3889 630 3961 puer.
670 3861 696 3907 ⁴⁰
712 3868 876 3939 videntes
902 3877 1017 3939 autem
1035 3869 1168 3940 stellam
1195 3871 1303 3962 gavisi
1331 3881 1408 3941 sunt
1425 3872 1554 3963 gaudio
1573 3897 1701 3968 magno

230 3992 341 4075 valde,
387 3980 409 4025 ⁴¹
425 3999 461 4060 et
493 3989 655 4060 intrantes
681 3989 822 4061 domum
849 3989 1049 4062 invenerunt
1075 4013 1218 4083 puemm
1247 4013 1324 4061 cnm
1350 3993 1455 4063 hlan'a
1482 4005 1592 4065 matre
1619 3997 1701 4082 eius,

230 4123 267 4183 et
290 4109 511 4206 procidentes
538 4107 771 4182 adoraverunt
797 4129 891 4194 eum,
926 4120 962 4179 et
995 4113 1123 4203 apertis
1151 4111 1320 4183 thesauris
1352 4113 1423 4182 suis
1449 4113 1644 4187 obtulerunt
1670 4119 1702 4186 ei

231 4251 390 4314 munera,
424 4249 545 4301 aurum
578 4241 631 4301 tus
665 4241 701 4302 et
733 4249 893 4302 murram.
945 4222 970 4268 ¹²
984 4231 1025 4300 Et
1058 4251 1230 4326 responso
1265 4243 1410 4324 accepto
1440 4233 1630 4306 insomnis
1657 4257 1700 4306 nc

230 4351 384 4422 redirent
412 4349 458 4421 ad
484 4349 675 4434 Herodem,
710 4371 774 4442 per
807 4349 907 4420 aliam
943 4350 1032 4421 viam
1059 4353 1190 4423 reversi
1224 4363 1302 4422 sunt
1327 4352 1360 4422 in
1386 4353 1563 4445 regionem
1591 4375 1698 4426 suam.

229 4465 257 4508 ⁴³
270 4472 335 4556 Qui
361 4493 439 4542 curn
465 4471 699 4555 recessissent,
727 4491 810 4541 ecce
836 4471 981 4562 angelus
1007 4471 1135 4542 domini
1162 4473 1319 4565 apparuit
1342 4473 1376 4542 in
1402 4467 1556 4546 ‘somnio
1574 4475 1699 4569 loseph

230 4591 351 4662 dicens
380 4593 490 4684 Surge
523 4601 558 4661 et
589 4592 707 4684 accipe
740 4611 885 4685 puerum
917 4601 953 4662 et
984 4603 1129 4664 matrem
1165 4593 1238 4664 eius
1265 4603 1302 4662 et
1325 4593 1406 4685 lnge
1431 4595 1465 4664 in
1491 4595 1697 4687 Aegyptum,
1812 4627 1813 4634 ι

230 4723 266 4783 ει
292 4722 369 4784 εειο
394 4711 439 4782 ibi
466 4733 575 4804 usque
601 4709 683 4782 dum
710 4711 822 4783 dicam
850 4710 924 4782 tihi:
953 4713 1098 4783 loturum
1124 4721 1179 4782 est
1203 4713 1294 4782 enim
1312 4722 1349 4784 ut
1375 4711 1533 4782 Herodes
1557 4725 1700 4806 quaerat

229 4853 374 4927 puerum
401 4832 448 4903 ad
472 4831 687 4925 perdendum
714 4852 801 4902 eum.
854 4821 881 4870 ⁴⁴
895 4833 959 4916 Qui
985 4851 1196 4924 consurgens
1222 4833 1360 4926 accepit
1383 4853 1527 4925 puerum
1561 4843 1596 4904 et
1622 4853 1698 4905 ma-

144 5015 147 5022 .
230 4963 320 5022 trem
347 4951 419 5022 eius
444 4963 546 5023 nocte
573 4961 608 5022 et
632 4951 777 5023 recessit
801 4951 833 5022 iu
859 4951 1066 5046 Aegyptum,
1107 4945 1183 5020 ¹⁵et
1207 4962 1284 5022 erat
1308 4949 1355 5022 ibi
1373 4973 1484 5045 iisqne
1502 4951 1548 5024 ad
1567 4955 1698 5025 obitam

230 5071 396 5156 Herodis;
423 5081 461 5144 ut
486 5071 729 5165 adimpleretur
755 5072 851 5164 quod
876 5071 1004 5144 dictum
1031 5083 1085 5142 est
1110 5093 1131 5143 a
1158 5069 1298 5142 domiuo
1326 5093 1389 5166 per
1409 5069 1615 5167 prophetam
1643 5074 1697 5144 di-

232 5201 366 5264 centem
394 5193 446 5261 Ex
472 5193 631 5286 Aegypto
658 5193 781 5264 vocavi
807 5191 909 5262 lilium
936 5215 1059 5263 meum.
1112 5183 1427 5266 1ὅτιιιιειιεοεεε
1460 5193 1581 5265 videns
1608 5213 1696 5286 quo·
1730 5275 1732 5286 Ι

775 5313 865 5396 lhl
929 5353 991 5364 -·
1028 5313 1062 5396 ll,
1094 5317 1149 5383 lh.

1372 5439 1392 5504 3
