4242 6118
691 435 932 507 uvnuonuuu
961 440 1165 506 suumnuu
1190 435 1317 504 nuclu
1449 527 1452 536 Ι
1688 435 1759 508 lua

258 646 419 720 Herodes
454 635 526 716 uult
562 653 598 715 ts
634 644 805 716 occidere.
858 637 886 682 ³²
901 645 944 714 lit
971 643 1017 715 ait
1049 645 1114 716 illis
1146 632 1448 734 ltedicite'vulpi
1483 635 1537 712 illi'
1553 639 1645 712 Ecce
1672 639 1762 726 eicio

259 765 446 840 daemonia
472 772 508 835 et
535 762 704 836 sanitates
731 762 875 857 perficio
903 761 1010 834 bodie
1038 772 1073 834 et
1100 784 1189 846 cras,
1219 771 1256 832 et
1274 751 1373 831 tertia
1392 781 1625 832 consummor.
1653 748 1763 827 ³³Ve-

261 909 334 958 rum
359 893 475 955 tamen
494 891 637 972 oportet
659 903 715 954 me
733 883 839 955 bodie
866 892 903 953 et
927 903 1007 952 cras
1033 891 1068 954 ct
1094 881 1256 975 sequenti
1283 880 1471 964 ambulare,
1496 881 1578 972 quia
1605 899 1676 949 non
1703 897 1763 947 ca-

261 1005 311 1098 pit
341 1003 546 1096 prophetam
581 1001 700 1093 perire
734 1010 835 1073 extra
867 1001 1092 1072 Hierusalem.
1145 989 1172 1038 ³⁵
1186 991 1279 1046 (Μ’)
1296 999 1509 1070 Hierusalem
1537 996 1762 1079 Hierusalem,

263 1144 353 1216 quae
381 1121 511 1194 occidis
538 1122 731 1214 prophetas
757 1129 793 1191 et
819 1120 953 1213 lapidas
982 1140 1046 1190 eos
1073 1121 1129 1212 qui
1157 1119 1334 1189 mittuntur
1361 1117 1407 1189 ad
1433 1127 1478 1202 te,
1506 1118 1643 1210 quoties
1670 1116 1764 1186 volui

264 1231 477 1334 congregare
510 1239 599 1311 lilios
633 1250 729 1325 tuos,
762 1237 1060 1332 quemadmodum
1094 1239 1168 1309 avis
1204 1237 1321 1308 nidum
1351 1259 1451 1308 suum
1479 1237 1545 1307 sub
1572 1235 1700 1329 pinnis,
1729 1244 1764 1304 et
1880 1217 1885 1240 ¹

264 1358 411 1434 noluisti.
456 1349 483 1396 ³⁶
499 1359 591 1430 Ecce
621 1358 818 1450 relinquitur
843 1358 947 1429 vobis
975 1357 1102 1429 domus
1126 1365 1253 1429 vestra.
1298 1357 1385 1427 Dico
1412 1365 1526 1426 autem
1552 1347 1661 1424 vobis'
1683 1351 1763 1444 quia

264 1502 334 1551 non
360 1477 521 1552 videbilis
551 1497 608 1548 me
642 1467 757 1549 donec
782 1476 899 1547 veniat
931 1498 1008 1546 oum
1049 1475 1171 1548 dicetis
1196 1475 1406 1548 Benedictus
1433 1475 1490 1566 qui
1517 1472 1670 1544 venitin
1696 1493 1763 1542 no-

267 1599 358 1670 mine
385 1597 525 1669 domini.

978 1867 1059 1936 XIV.

344 2065 472 2122 ⁴l⁴⁷²⁴⁰l
485 2073 528 2143 Et
554 2072 679 2141 lactum
708 2077 762 2140 est
788 2091 866 2140 cum
894 2070 1036 2141 intraret
1061 2069 1095 2140 in
1121 2070 1264 2142 domum
1292 2070 1473 2144 cuiusdam
1492 2066 1654 2163 principis
1672 2065 1763 2139 Pha·-

269 2195 462 2264 risaeorum
481 2191 631 2262 salabato
650 2188 861 2260 manducare
879 2207 1017 2280 panem,
1045 2197 1080 2258 et
1100 2189 1164 2282 ipsi
1191 2189 1427 2262 observabant
1446 2209 1535 2259 eum.
1590 2180 1604 2224 ²
1620 2185 1662 2256 Et
1680 2177 1763 2257 ecce

270 2313 377 2383 homo
409 2309 550 2402 quidam
586 2306 798 2400 hydropicus
833 2317 908 2378 erat
942 2316 1022 2376 ante
1058 2307 1158 2378 illum.
1212 2300 1327 2354 ³⁰⁷⁷·2'
1345 2309 1389 2378 Et
1417 2306 1636 2402 respondens
1669 2299 1765 2374 le'sus

270 2430 357 2500 dixit
383 2429 429 2500 ad
455 2427 542 2520 legis
567 2425 698 2519 peritos
725 2437 761 2497 et
784 2425 992 2496 Pharisaeos
1018 2426 1112 2498 Licet
1128 2427 1276 2498 sabbato
1305 2429 1452 2498 curare‘l
1479 2416 1549 2498 *Aa
1574 2425 1618 2496 illi
1645 2419 1764 2495 tacue-

272 2557 376 2621 runt:¹
392 2547 468 2639 ipse
494 2566 582 2616 vero
609 2543 865 2638 apprehensum
892 2543 1026 2615 sanavit
1052 2565 1093 2616 ac
1119 2545 1253 2617 dimisit.
1306 2537 1380 2616 ⁵Ht
1406 2545 1624 2639 respondens
1652 2537 1697 2614 ad
1722 2542 1761 2612 il-

271 2666 325 2738 los
351 2665 439 2737 dixit
464 2665 566 2735 Cuius
592 2672 747 2735 vestrum
775 2662 892 2734 asinus
926 2671 985 2732 aut
1016 2662 1084 2734 bos
1117 2664 1150 2734 in
1184 2675 1325 2758 puteum
1352 2665 1471 2751 cadet,
1499 2674 1534 2736 et
1559 2687 1628 2736 non
1656 2661 1764 2732 conti-

272 2807 342 2856 nuo
370 2783 530 2856 extrahet
563 2783 656 2870 illum
684 2781 741 2853 die
769 2778 929 2852 sabbatii
973 2771 1056 2853 ⁶Et'
1071 2803 1140 2854 nou
1166 2791 1328 2877 poterant
1355 2783 1401 2854 ad
1436 2785 1525 2855 haec
1550 2782 1765 2877 respondere

273 2904 327 2974 illi.
370 2893 501 2948 'm’
518 2901 664 2972 Dicebat
691 2909 805 2972 autem
831 2911 866 2972 et
892 2899 937 2971 ad
962 2900 1122 2974 invitatos
1139 2902 1354 2994 parabolam,
1381 2901 1563 2974 intendens
1588 2895 1765 2994 quomodo

274 3023 406 3114 primos
438 3021 616 3092 accubitus
651 3005 845 3112 elegerent,
880 3017 1000 3091 dicens
1040 3021 1085 3091 ad
1116 3021 1193 3091 illos
1241 3010 1357 3089 ⁸Cum
1389 3019 1549 3092 invitatus
1583 3019 1687 3093 fueris
1721 3015 1766 3086 ad

275 3141 421 3233 nuptias,
448 3161 518 3210 non
545 3138 746 3210 discumbas
772 3138 806 3208 in
832 3138 945 3231 primo
971 3139 1061 3223 loco,
1088 3161 1134 3209 ne
1159 3139 1248 3208 lorte
1274 3136 1477 3210 honoratior
1513 3150 1546 3211 te
1573 3141 1618 3210 sit
1642 3131 1765 3210 invita-

276 3267 331 3329 tus
358 3259 402 3328 ab
430 3279 492 3342 eo,
536 3249 599 3328 ⁹et
624 3256 767 3328 veniens
802 3257 831 3326 is
865 3255 923 3348 qui
956 3265 991 3326 te
1024 3267 1060 3328 et
1090 3257 1182 3326 illum
1215 3256 1354 3326 vocavit
1388 3256 1481 3330 dicat
1512 3257 1571 3328 tibi
1603 3259 1656 3327 Da
1689 3253 1767 3324 hnic

276 3379 405 3461 locum,
440 3386 476 3448 et
509 3388 589 3449 tunc
622 3375 765 3468 incipias
799 3395 876 3446 curn
909 3375 1038 3446 rubore
1071 3374 1297 3448 novissimum
1332 3375 1447 3446 locum
1474 3365 1614 3446 teneres
1656 3364 1682 3410 ¹⁰
1695 3368 1766 3442 Sed

280 3518 357 3567 cum
384 3506 529 3568 vocatus
555 3495 670 3578 fueris,
697 3492 790 3565 vade
816 3493 983 3563 recumbe
1009 3491 1258 3564 innovissimo
1284 3493 1373 3578 loco,
1401 3503 1439 3566 ut
1464 3515 1542 3564 cum
1560 3491 1693 3564 venerit
1710 3489 1766 3582 qui

279 3623 313 3684 te
339 3614 493 3686 invitavit
519 3615 611 3687 dicat
638 3611 697 3683 tibi
724 3611 860 3695 Amice,
896 3611 1048 3683 ascende
1075 3611 1249 3706 superius:
1283 3619 1364 3682 tunc
1390 3613 1455 3684 erit
1481 3611 1540 3683 tibi
1568 3611 1677 3705 gloria
1704 3630 1766 3679 co-

279 3755 353 3803 ram
380 3730 481 3804 simul
507 3727 829 3800 desoumbentibus:
872 3721 895 3764 ⁴⁴
912 3720 1002 3778 Μ)
1016 3733 1096 3824 quia
1123 3729 1233 3802 omnis
1261 3729 1318 3823 qui
1346 3753 1385 3803 se
1412 3732 1541 3803 exaltat
1573 3727 1766 3802 humiliabi-

280 3863 343 3936 tur,
371 3850 488 3943 etqui
516 3869 556 3919 se
590 3843 741 3919 humiliat
773 3843 987 3918 exaltabitur.
1040 3841 1184 3896 ¹²(¹⁸⁰·¹⁰·l
1197 3849 1342 3920 Dicebat
1376 3860 1491 3922 autem
1525 3849 1617 3920 etei
1644 3847 1767 3941 quise

280 3970 483 4040 invitaverat
510 3968 592 4038 Cum
619 3967 703 4039 lacis
729 3965 910 4059 prandium
939 3977 997 4039 aut
1023 3989 1155 4052 cenam,
1182 3967 1253 4038 noli
1278 3987 1407 4038 vocare
1434 3969 1565 4040 amicos
1599 3977 1677 4040 tuos
1702 3975 1779 4036 ne-'

280 4110 349 4180 que
375 4089 498 4158 iratres
525 4096 602 4157 tuos
637 4105 751 4178 neque
786 4093 955 4178 cognatos
981 4108 1095 4179 neque
1124 4087 1253 4158 vicinos
1286 4086 1427 4172 divites,
1455 4109 1500 4158 ne
1527 4088 1615 4158 lorte
1642 4097 1677 4156 et
1703 4085 1769 4177 ipsi

282 4218 316 4278 te
349 4207 530 4279 reinvitent
564 4214 598 4274 et
632 4204 691 4276 liat
724 4204 782 4275 tibi
817 4204 1005 4276 retributio.
1059 4198 1085 4242 ⁴³
1102 4206 1173 4278 Sed
1209 4227 1287 4276 oum
1320 4207 1405 4277 lacis
1439 4205 1651 4289 convivium,
1680 4223 1769 4274 voca

281 4345 455 4418 pauperes
482 4323 617 4396 debiles
644 4323 766 4395 clodos
794 4343 938 4407 caecos,
983 4312 1009 4361 ¹*
1027 4333 1063 4394 et
1088 4325 1212 4396 beatus
1240 4325 1325 4410 eris,
1353 4325 1432 4418 quia
1460 4345 1529 4396 non
1555 4324 1684 4395 babent
1710 4341 1769 4392 re-

283 4444 433 4514 tribuere
461 4443 538 4514 tibi:
573 4443 779 4514 retribuetur
806 4442 897 4512 enim
923 4441 984 4513 tibi
1010 4442 1044 4511 in
1071 4437 1380 4516 ’resurrectionem
1407 4443 1585 4516 iustorum.
1637 4433 1770 4512 ⁴⁵Haee
1869 4457 1875 4462 ·

281 4583 360 4632 cum
388 4561 541 4633 audisset
567 4559 707 4652 quidam
734 4561 781 4632 de
807 4561 905 4632 simul
933 4559 1240 4648 discumbentibus
1269 4562 1356 4635 dixit
1382 4563 1414 4634 ei
1431 4559 1558 4634 Beatus
1586 4561 1643 4653 qui
1670 4581 1769 4629 man-

283 4681 422 4752 ducavit
446 4699 573 4774 panem
600 4680 635 4749 in
661 4669 771 4772 regno
798 4678 865 4751 dei.
921 4670 1052 4725 ¹⁶‘¹⁸¹·⁵·'
1065 4679 1110 4752 At
1136 4683 1212 4774 ipse
1239 4679 1326 4751 dixit
1351 4682 1382 4750 ei
1410 4669 1523 4752 Homo
1550 4669 1691 4770 quidam
1718 4679 1770 4747 le-

283 4799 329 4868 cit
363 4819 484 4870 cenam
519 4817 679 4888 magnam
715 4807 750 4868 et
782 4789 921 4868 vocavit
953 4797 1088 4869 multos.
1142 4791 1167 4836 ¹⁷
1180 4799 1222 4868 Et
1257 4799 1349 4868 misit
1382 4819 1521 4868 servum
1557 4819 1655 4867 suurn
1684 4797 1770 4865 hora

284 4935 415 4988 caenae
449 4917 568 4988 dicere
599 4916 750 4987 invitatis
783 4926 820 4986 ut
844 4908 1017 5000 venirent,
1053 4917 1132 5008 quia
1167 4917 1235 4986 iam
1262 4925 1382 5007 parata
1410 4925 1489 4986 sunt
1515 4916 1639 4986 omnia.
1692 4905 1772 4983 ’Ἢ

284 5045 475 5128 coeperunt
501 5035 600 5105 simul
627 5025 749 5104 omnes
776 5055 956 5104 excusare.
1001 5034 1134 5104 Primus
1161 5033 1249 5104 dixit
1274 5033 1306 5102 ei
1330 5033 1449 5103 Villam
1478 5035 1544 5105 emi
1573 5044 1608 5104 et
1625 5053 1771 5104 necesse

285 5153 401 5224 babeo
429 5154 528 5226 exire
554 5161 589 5223 et
615 5151 737 5223 videre
764 5153 872 5223 illam:
908 5173 996 5244 rogo
1032 5163 1081 5235 te,
1109 5149 1201 5234 habe
1228 5172 1285 5221 me
1313 5141 1525 5223 excusatum.
1578 5143 1603 5186 '⁹
1620 5151 1660 5222 Et
1689 5151 1773 5222 alter

815 5269 894 5350 xlll,
923 5273 970 5342 32
1007 5309 1045 5320 -
1075 5269 1156 5352 xlv,
1189 5273 1244 5340 l9.
1538 5264 1543 5272 ’
