<?xml version="1.0" encoding="UTF-8"?>
<!DOCTYPE html PUBLIC "-//W3C//DTD XHTML 1.0 Transitional//EN"
    "http://www.w3.org/TR/xhtml1/DTD/xhtml1-transitional.dtd">
<html xmlns="http://www.w3.org/1999/xhtml" xml:lang="en" lang="en">
 <head>
  <title>
</title>
<meta http-equiv="Content-Type" content="text/html;charset=utf-8" />
  <meta name='ocr-system' content='tesseract 3.04.00' />
  <meta name='ocr-capabilities' content='ocr_page ocr_carea ocr_par ocr_line ocrx_word'/>
</head>
<body>
  <div class='ocr_page' id='page_1' title='image "./novumtestamentu02tiscgoog_0127.png"; bbox 0 0 4242 6118; ppageno 0'>
   <div class='ocr_carea' id='block_1_1' title="bbox 333 333 1411 466">
    <p class='ocr_par' dir='ltr' id='par_1_1' title="bbox 333 333 1411 466">
     <span class='ocr_line' id='line_1_1' title="bbox 333 333 1411 466; baseline -0.006 -10"><span class='ocrx_word' id='word_1_1' title='bbox 333 378 396 466; x_wconf 73' lang='lat'>,76</span> <span class='ocrx_word' id='word_1_2' title='bbox 761 385 1000 451; x_wconf 75' lang='lat' dir='ltr'>avuncunlum</span> <span class='ocrx_word' id='word_1_3' title='bbox 1026 385 1227 450; x_wconf 80' lang='lat' dir='ltr'>sacunnuu</span> <span class='ocrx_word' id='word_1_4' title='bbox 1253 333 1411 452; x_wconf 80' lang='lat' dir='ltr'>ulnouu</span> 
     </span>
    </p>
   </div>
   <div class='ocr_carea' id='block_1_2' title="bbox 347 588 1829 1406">
    <p class='ocr_par' dir='ltr' id='par_1_2' title="bbox 347 588 1829 1406">
     <span class='ocr_line' id='line_1_2' title="bbox 347 588 1827 685; baseline 0.001 -25"><span class='ocrx_word' id='word_1_5' title='bbox 347 588 448 660; x_wconf 89' lang='lat' dir='ltr'>nimis</span> <span class='ocrx_word' id='word_1_6' title='bbox 479 589 573 660; x_wconf 90' lang='lat' dir='ltr'>velut</span> <span class='ocrx_word' id='word_1_7' title='bbox 601 589 678 674; x_wconf 88' lang='lat' dir='ltr'>nix,</span> <span class='ocrx_word' id='word_1_8' title='bbox 710 591 823 682; x_wconf 86' lang='lat' dir='ltr'>qualia</span> <span class='ocrx_word' id='word_1_9' title='bbox 855 591 935 660; x_wconf 88' lang='lat' dir='ltr'>lullo</span> <span class='ocrx_word' id='word_1_10' title='bbox 970 609 1075 684; x_wconf 92' lang='lat' dir='ltr'>super</span> <span class='ocrx_word' id='word_1_11' title='bbox 1109 600 1236 662; x_wconf 87' lang='lat' dir='ltr'>terram</span> <span class='ocrx_word' id='word_1_12' title='bbox 1269 613 1339 663; x_wconf 94' lang='lat' dir='ltr'>non</span> <span class='ocrx_word' id='word_1_13' title='bbox 1371 601 1486 685; x_wconf 87' lang='lat' dir='ltr'>potest</span> <span class='ocrx_word' id='word_1_14' title='bbox 1520 590 1668 663; x_wconf 91' lang='lat' dir='ltr'>candida</span> <span class='ocrx_word' id='word_1_15' title='bbox 1700 592 1827 664; x_wconf 88' lang='lat' dir='ltr'>lacere.</span> 
     </span>
     <span class='ocr_line' id='line_1_3' title="bbox 347 702 1829 803; baseline 0.001 -23"><span class='ocrx_word' id='word_1_16' title='bbox 347 703 420 780; x_wconf 83' lang='lat' dir='ltr'>³Et</span> <span class='ocrx_word' id='word_1_17' title='bbox 446 709 604 803; x_wconf 86' lang='lat' dir='ltr'>apparuit</span> <span class='ocrx_word' id='word_1_18' title='bbox 627 709 691 782; x_wconf 93' lang='lat' dir='ltr'>illis</span> <span class='ocrx_word' id='word_1_19' title='bbox 717 709 831 782; x_wconf 86' lang='lat' dir='ltr'>Helias</span> <span class='ocrx_word' id='word_1_20' title='bbox 858 731 935 780; x_wconf 90' lang='lat' dir='ltr'>cum</span> <span class='ocrx_word' id='word_1_21' title='bbox 960 709 1073 796; x_wconf 87' lang='lat' dir='ltr'>Mose,</span> <span class='ocrx_word' id='word_1_22' title='bbox 1108 722 1144 782; x_wconf 88' lang='lat' dir='ltr'>et</span> <span class='ocrx_word' id='word_1_23' title='bbox 1177 720 1275 782; x_wconf 88' lang='lat' dir='ltr'>erant</span> <span class='ocrx_word' id='word_1_24' title='bbox 1303 712 1484 803; x_wconf 89' lang='lat' dir='ltr'>loquentes</span> <span class='ocrx_word' id='word_1_25' title='bbox 1518 733 1595 784; x_wconf 93' lang='lat' dir='ltr'>curn</span> <span class='ocrx_word' id='word_1_26' title='bbox 1621 713 1708 783; x_wconf 90' lang='lat' dir='ltr'>lesu.</span> <span class='ocrx_word' id='word_1_27' title='bbox 1760 702 1829 783; x_wconf 69' lang='lat' dir='ltr'>*Et</span> 
     </span>
     <span class='ocr_line' id='line_1_4' title="bbox 348 829 1828 924; baseline 0.001 -24"><span class='ocrx_word' id='word_1_28' title='bbox 348 830 567 924; x_wconf 90' lang='lat' dir='ltr'>respondens</span> <span class='ocrx_word' id='word_1_29' title='bbox 592 830 714 902; x_wconf 88' lang='lat' dir='ltr'>Petrus</span> <span class='ocrx_word' id='word_1_30' title='bbox 741 830 787 900; x_wconf 93' lang='lat' dir='ltr'>ait</span> <span class='ocrx_word' id='word_1_31' title='bbox 810 829 888 902; x_wconf 92' lang='lat' dir='ltr'>Iesu</span> <span class='ocrx_word' id='word_1_32' title='bbox 913 831 1034 918; x_wconf 86' lang='lat' dir='ltr'>Rabbi,</span> <span class='ocrx_word' id='word_1_33' title='bbox 1060 831 1190 904; x_wconf 93' lang='lat' dir='ltr'>bonum</span> <span class='ocrx_word' id='word_1_34' title='bbox 1218 840 1272 902; x_wconf 91' lang='lat' dir='ltr'>est</span> <span class='ocrx_word' id='word_1_35' title='bbox 1297 831 1353 902; x_wconf 91' lang='lat' dir='ltr'>hic</span> <span class='ocrx_word' id='word_1_36' title='bbox 1378 853 1443 902; x_wconf 89' lang='lat' dir='ltr'>nos</span> <span class='ocrx_word' id='word_1_37' title='bbox 1471 851 1566 918; x_wconf 89' lang='lat' dir='ltr'>esse,</span> <span class='ocrx_word' id='word_1_38' title='bbox 1603 842 1639 903; x_wconf 94' lang='lat' dir='ltr'>et</span> <span class='ocrx_word' id='word_1_39' title='bbox 1663 830 1828 902; x_wconf 82' lang='lat' dir='ltr'>iaciamus</span> 
     </span>
     <span class='ocr_line' id='line_1_5' title="bbox 350 929 1829 1035; baseline 0.001 -15"><span class='ocrx_word' id='word_1_40' title='bbox 350 951 412 1022; x_wconf 90' lang='lat' dir='ltr'>tria</span> <span class='ocrx_word' id='word_1_41' title='bbox 440 951 671 1035; x_wconf 88' lang='lat' dir='ltr'>tabernacula,</span> <span class='ocrx_word' id='word_1_42' title='bbox 698 950 759 1022; x_wconf 88' lang='lat' dir='ltr'>tibi</span> <span class='ocrx_word' id='word_1_43' title='bbox 782 929 889 1020; x_wconf 82' lang='lat' dir='ltr'>unum</span> <span class='ocrx_word' id='word_1_44' title='bbox 916 959 950 1021; x_wconf 93' lang='lat' dir='ltr'>et</span> <span class='ocrx_word' id='word_1_45' title='bbox 975 951 1063 1024; x_wconf 88' lang='lat' dir='ltr'>lllosi</span> <span class='ocrx_word' id='word_1_46' title='bbox 1089 975 1193 1022; x_wconf 92' lang='lat' dir='ltr'>unum</span> <span class='ocrx_word' id='word_1_47' title='bbox 1227 961 1262 1021; x_wconf 90' lang='lat' dir='ltr'>et</span> <span class='ocrx_word' id='word_1_48' title='bbox 1294 951 1412 1022; x_wconf 84' lang='lat' dir='ltr'>Heliae</span> <span class='ocrx_word' id='word_1_49' title='bbox 1438 957 1552 1024; x_wconf 90' lang='lat' dir='ltr'>unum.</span> <span class='ocrx_word' id='word_1_50' title='bbox 1603 945 1712 1024; x_wconf 76' lang='grc' dir='ltr'>5Νοε</span> <span class='ocrx_word' id='word_1_51' title='bbox 1738 951 1829 1022; x_wconf 89' lang='lat' dir='ltr'>enim</span> 
     </span>
     <span class='ocr_line' id='line_1_6' title="bbox 350 1063 1828 1162; baseline -0.001 -19"><span class='ocrx_word' id='word_1_52' title='bbox 350 1072 482 1144; x_wconf 91' lang='lat' dir='ltr'>sciebat</span> <span class='ocrx_word' id='word_1_53' title='bbox 508 1069 589 1162; x_wconf 93' lang='lat' dir='ltr'>quid</span> <span class='ocrx_word' id='word_1_54' title='bbox 615 1067 762 1140; x_wconf 89' lang='lat' dir='ltr'>diceret:</span> <span class='ocrx_word' id='word_1_55' title='bbox 790 1081 888 1142; x_wconf 89' lang='lat' dir='ltr'>erant</span> <span class='ocrx_word' id='word_1_56' title='bbox 914 1081 1029 1144; x_wconf 92' lang='lat' dir='ltr'>autem</span> <span class='ocrx_word' id='word_1_57' title='bbox 1056 1073 1179 1144; x_wconf 90' lang='lat' dir='ltr'>timore</span> <span class='ocrx_word' id='word_1_58' title='bbox 1206 1072 1368 1142; x_wconf 86' lang='lat' dir='ltr'>exterriti.</span> <span class='ocrx_word' id='word_1_59' title='bbox 1419 1063 1492 1143; x_wconf 71' lang='grc' dir='ltr'>6Ει</span> <span class='ocrx_word' id='word_1_60' title='bbox 1523 1074 1613 1144; x_wconf 90' lang='lat' dir='ltr'>lacta</span> <span class='ocrx_word' id='word_1_61' title='bbox 1639 1082 1692 1144; x_wconf 90' lang='lat' dir='ltr'>est</span> <span class='ocrx_word' id='word_1_62' title='bbox 1716 1071 1828 1144; x_wconf 89' lang='lat' dir='ltr'>nubes</span> 
     </span>
     <span class='ocr_line' id='line_1_7' title="bbox 351 1190 1826 1274; baseline 0.001 -12"><span class='ocrx_word' id='word_1_63' title='bbox 351 1193 561 1263; x_wconf 87' lang='lat' dir='ltr'>obumbrans</span> <span class='ocrx_word' id='word_1_64' title='bbox 589 1211 661 1274; x_wconf 91' lang='lat' dir='ltr'>eos,</span> <span class='ocrx_word' id='word_1_65' title='bbox 690 1197 725 1260; x_wconf 92' lang='lat' dir='ltr'>et</span> <span class='ocrx_word' id='word_1_66' title='bbox 756 1190 849 1262; x_wconf 89' lang='lat' dir='ltr'>venit</span> <span class='ocrx_word' id='word_1_67' title='bbox 880 1213 954 1262; x_wconf 86' lang='lat' dir='ltr'>vox</span> <span class='ocrx_word' id='word_1_68' title='bbox 986 1191 1032 1263; x_wconf 94' lang='lat' dir='ltr'>de</span> <span class='ocrx_word' id='word_1_69' title='bbox 1062 1193 1155 1264; x_wconf 93' lang='lat' dir='ltr'>nube</span> <span class='ocrx_word' id='word_1_70' title='bbox 1188 1193 1306 1264; x_wconf 90' lang='lat' dir='ltr'>dicens</span> <span class='ocrx_word' id='word_1_71' title='bbox 1338 1193 1400 1264; x_wconf 92' lang='lat' dir='ltr'>llic</span> <span class='ocrx_word' id='word_1_72' title='bbox 1430 1203 1484 1264; x_wconf 89' lang='grc' dir='ltr'>εει</span> <span class='ocrx_word' id='word_1_73' title='bbox 1515 1192 1602 1264; x_wconf 91' lang='lat' dir='ltr'>lilius</span> <span class='ocrx_word' id='word_1_74' title='bbox 1634 1215 1733 1264; x_wconf 88' lang='lat' dir='ltr'>meus</span> <span class='ocrx_word' id='word_1_75' title='bbox 1765 1213 1826 1264; x_wconf 93' lang='lat' dir='ltr'>ca-</span> 
     </span>
     <span class='ocr_line' id='line_1_8' title="bbox 349 1304 1826 1406; baseline 0 -24"><span class='ocrx_word' id='word_1_76' title='bbox 349 1312 510 1396; x_wconf 89' lang='lat' dir='ltr'>rissimus,</span> <span class='ocrx_word' id='word_1_77' title='bbox 538 1309 654 1380; x_wconf 88' lang='lat' dir='ltr'>audite</span> <span class='ocrx_word' id='word_1_78' title='bbox 680 1310 782 1382; x_wconf 88' lang='lat' dir='ltr'>illurn.</span> <span class='ocrx_word' id='word_1_79' title='bbox 833 1304 907 1383; x_wconf 69' lang='grc' dir='ltr'>Ἲ[ιι</span> <span class='ocrx_word' id='word_1_80' title='bbox 933 1312 1046 1384; x_wconf 90' lang='lat' dir='ltr'>statim</span> <span class='ocrx_word' id='word_1_81' title='bbox 1074 1313 1385 1406; x_wconf 84' lang='lat' dir='ltr'>circumspicientes</span> <span class='ocrx_word' id='word_1_82' title='bbox 1411 1313 1582 1384; x_wconf 91' lang='lat' dir='ltr'>neminem</span> <span class='ocrx_word' id='word_1_83' title='bbox 1610 1312 1756 1406; x_wconf 92' lang='lat' dir='ltr'>amplius</span> <span class='ocrx_word' id='word_1_84' title='bbox 1772 1312 1826 1382; x_wconf 91' lang='lat' dir='ltr'>vi-</span> 
     </span>
    </p>
   </div>
   <div class='ocr_carea' id='block_1_3' title="bbox 349 1421 1957 1518">
    <p class='ocr_par' dir='ltr' id='par_1_3' title="bbox 349 1421 1957 1518">
     <span class='ocr_line' id='line_1_9' title="bbox 349 1421 1957 1518; baseline -0.001 -14"><span class='ocrx_word' id='word_1_85' title='bbox 349 1433 473 1504; x_wconf 92' lang='lat' dir='ltr'>derunt</span> <span class='ocrx_word' id='word_1_86' title='bbox 505 1429 568 1502; x_wconf 92' lang='lat' dir='ltr'>nisi</span> <span class='ocrx_word' id='word_1_87' title='bbox 600 1431 712 1504; x_wconf 92' lang='lat' dir='ltr'>lesum</span> <span class='ocrx_word' id='word_1_88' title='bbox 746 1441 876 1504; x_wconf 91' lang='lat' dir='ltr'>tantum</span> <span class='ocrx_word' id='word_1_89' title='bbox 911 1453 1040 1504; x_wconf 87' lang='lat' dir='ltr'>secum.</span> <span class='ocrx_word' id='word_1_90' title='bbox 1093 1425 1167 1504; x_wconf 82' lang='grc' dir='ltr'>8Ει</span> <span class='ocrx_word' id='word_1_91' title='bbox 1199 1431 1489 1505; x_wconf 82' lang='lat' dir='ltr'>descendentibus</span> <span class='ocrx_word' id='word_1_92' title='bbox 1520 1433 1583 1504; x_wconf 91' lang='lat' dir='ltr'>illis</span> <span class='ocrx_word' id='word_1_93' title='bbox 1618 1433 1665 1504; x_wconf 91' lang='lat' dir='ltr'>de</span> <span class='ocrx_word' id='word_1_94' title='bbox 1699 1442 1825 1518; x_wconf 85' lang='lat' dir='ltr'>monte,</span> <span class='ocrx_word' id='word_1_95' title='bbox 1948 1421 1957 1432; x_wconf 84' lang='lat'>&#39;</span> 
     </span>
    </p>
   </div>
   <div class='ocr_carea' id='block_1_4' title="bbox 348 1548 1827 1646">
    <p class='ocr_par' dir='ltr' id='par_1_4' title="bbox 348 1548 1827 1646">
     <span class='ocr_line' id='line_1_10' title="bbox 348 1548 1827 1646; baseline 0.001 -24"><span class='ocrx_word' id='word_1_96' title='bbox 348 1551 525 1646; x_wconf 90' lang='lat' dir='ltr'>praecepit</span> <span class='ocrx_word' id='word_1_97' title='bbox 551 1551 614 1622; x_wconf 91' lang='lat' dir='ltr'>illis</span> <span class='ocrx_word' id='word_1_98' title='bbox 639 1573 684 1622; x_wconf 93' lang='lat' dir='ltr'>ne</span> <span class='ocrx_word' id='word_1_99' title='bbox 711 1552 765 1622; x_wconf 91' lang='lat' dir='ltr'>cui</span> <span class='ocrx_word' id='word_1_100' title='bbox 791 1574 881 1644; x_wconf 90' lang='lat' dir='ltr'>quae</span> <span class='ocrx_word' id='word_1_101' title='bbox 906 1548 1074 1624; x_wconf 89' lang='lat' dir='ltr'>vidissent</span> <span class='ocrx_word' id='word_1_102' title='bbox 1099 1564 1295 1639; x_wconf 82' lang='lat' dir='ltr'>narrarent,</span> <span class='ocrx_word' id='word_1_103' title='bbox 1326 1554 1391 1626; x_wconf 90' lang='lat' dir='ltr'>nisi</span> <span class='ocrx_word' id='word_1_104' title='bbox 1417 1577 1494 1626; x_wconf 90' lang='lat' dir='ltr'>curn</span> <span class='ocrx_word' id='word_1_105' title='bbox 1520 1551 1607 1624; x_wconf 86' lang='lat' dir='ltr'>fihus</span> <span class='ocrx_word' id='word_1_106' title='bbox 1632 1552 1778 1624; x_wconf 90' lang='lat' dir='ltr'>hominis</span> <span class='ocrx_word' id='word_1_107' title='bbox 1805 1575 1827 1624; x_wconf 87' lang='lat' dir='ltr'>a</span> 
     </span>
    </p>
   </div>
   <div class='ocr_carea' id='block_1_5' title="bbox 221 1663 1825 1769">
    <p class='ocr_par' dir='ltr' id='par_1_5' title="bbox 221 1663 1825 1769">
     <span class='ocr_line' id='line_1_11' title="bbox 221 1663 1825 1769; baseline -0.002 -23"><span class='ocrx_word' id='word_1_108' title='bbox 221 1724 242 1763; x_wconf 25' lang='grc' dir='ltr'>,ἡ</span> <span class='ocrx_word' id='word_1_109' title='bbox 348 1672 490 1746; x_wconf 88' lang='lat' dir='ltr'>mortuis</span> <span class='ocrx_word' id='word_1_110' title='bbox 514 1671 750 1742; x_wconf 88' lang='lat' dir='ltr'>resurrexerit.</span> <span class='ocrx_word' id='word_1_111' title='bbox 803 1663 917 1719; x_wconf 48' lang='grc' dir='ltr'>ΝΜ)</span> <span class='ocrx_word' id='word_1_112' title='bbox 930 1674 973 1744; x_wconf 88' lang='grc' dir='ltr'>Ει</span> <span class='ocrx_word' id='word_1_113' title='bbox 997 1674 1143 1745; x_wconf 84' lang='lat' dir='ltr'>verbum</span> <span class='ocrx_word' id='word_1_114' title='bbox 1170 1674 1408 1746; x_wconf 87' lang='lat' dir='ltr'>continuerunt</span> <span class='ocrx_word' id='word_1_115' title='bbox 1433 1674 1525 1769; x_wconf 93' lang='lat' dir='ltr'>apud</span> <span class='ocrx_word' id='word_1_116' title='bbox 1544 1695 1591 1759; x_wconf 90' lang='lat' dir='ltr'>se,</span> <span class='ocrx_word' id='word_1_117' title='bbox 1619 1672 1825 1765; x_wconf 86' lang='lat' dir='ltr'>conquiren-</span> 
     </span>
    </p>
   </div>
   <div class='ocr_carea' id='block_1_6' title="bbox 266 1787 1927 5144">
    <p class='ocr_par' dir='ltr' id='par_1_6' title="bbox 266 1787 1927 5144">
     <span class='ocr_line' id='line_1_12' title="bbox 348 1787 1827 1886; baseline -0.001 -22"><span class='ocrx_word' id='word_1_118' title='bbox 348 1804 401 1864; x_wconf 87' lang='lat' dir='ltr'>tes</span> <span class='ocrx_word' id='word_1_119' title='bbox 428 1792 509 1886; x_wconf 91' lang='lat' dir='ltr'>quid</span> <span class='ocrx_word' id='word_1_120' title='bbox 536 1803 629 1864; x_wconf 91' lang='lat' dir='ltr'>esset</span> <span class='ocrx_word' id='word_1_121' title='bbox 657 1793 739 1863; x_wconf 90' lang='lat' dir='ltr'>Cum</span> <span class='ocrx_word' id='word_1_122' title='bbox 767 1815 788 1864; x_wconf 92' lang='lat' dir='ltr'>a</span> <span class='ocrx_word' id='word_1_123' title='bbox 814 1793 958 1864; x_wconf 87' lang='lat' dir='ltr'>mortuis</span> <span class='ocrx_word' id='word_1_124' title='bbox 983 1796 1221 1866; x_wconf 88' lang='lat' dir='ltr'>resurrexerit.</span> <span class='ocrx_word' id='word_1_125' title='bbox 1270 1787 1440 1866; x_wconf 51' lang='grc' dir='ltr'>10ωῆΜΕι</span> <span class='ocrx_word' id='word_1_126' title='bbox 1465 1793 1723 1886; x_wconf 82' lang='lat' dir='ltr'>interrogabant</span> <span class='ocrx_word' id='word_1_127' title='bbox 1748 1815 1827 1864; x_wconf 92' lang='lat' dir='ltr'>eum</span> 
     </span>
     <span class='ocr_line' id='line_1_13' title="bbox 348 1895 1828 2008; baseline -0.001 -23"><span class='ocrx_word' id='word_1_128' title='bbox 348 1915 503 1986; x_wconf 92' lang='lat' dir='ltr'>dicentes</span> <span class='ocrx_word' id='word_1_129' title='bbox 531 1913 621 1998; x_wconf 91' lang='lat' dir='ltr'>Quid</span> <span class='ocrx_word' id='word_1_130' title='bbox 647 1935 734 2005; x_wconf 84' lang='lat' dir='ltr'>ergo</span> <span class='ocrx_word' id='word_1_131' title='bbox 762 1914 878 1985; x_wconf 90' lang='lat' dir='ltr'>dicunt</span> <span class='ocrx_word' id='word_1_132' title='bbox 895 1913 1070 1988; x_wconf 86' lang='lat' dir='ltr'>Pharisaei</span> <span class='ocrx_word' id='word_1_133' title='bbox 1099 1925 1134 1986; x_wconf 90' lang='grc' dir='ltr'><strong>ει</strong></span> <span class='ocrx_word' id='word_1_134' title='bbox 1160 1915 1297 1987; x_wconf 89' lang='lat' dir='ltr'>scribae</span> <span class='ocrx_word' id='word_1_135' title='bbox 1323 1915 1404 2008; x_wconf 87' lang='lat' dir='ltr'>quia</span> <span class='ocrx_word' id='word_1_136' title='bbox 1429 1915 1559 1986; x_wconf 88' lang='lat' dir='ltr'>Heliam</span> <span class='ocrx_word' id='word_1_137' title='bbox 1577 1895 1748 2007; x_wconf 52' lang='lat' dir='ltr'>&#39;oporteat</span> <span class='ocrx_word' id='word_1_138' title='bbox 1763 1934 1828 1984; x_wconf 85' lang='lat' dir='ltr'>ve-</span> 
     </span>
     <span class='ocr_line' id='line_1_14' title="bbox 347 2025 1829 2128; baseline -0.002 -22"><span class='ocrx_word' id='word_1_139' title='bbox 347 2036 420 2106; x_wconf 92' lang='lat' dir='ltr'>nire</span> <span class='ocrx_word' id='word_1_140' title='bbox 445 2034 616 2128; x_wconf 79' lang='lat' dir='ltr'>primunr?</span> <span class='ocrx_word' id='word_1_141' title='bbox 654 2025 677 2069; x_wconf 78' lang='lat'>⁴¹</span> <span class='ocrx_word' id='word_1_142' title='bbox 695 2034 760 2118; x_wconf 88' lang='lat' dir='ltr'>Qui</span> <span class='ocrx_word' id='word_1_143' title='bbox 784 2033 1002 2127; x_wconf 90' lang='lat' dir='ltr'>respondens</span> <span class='ocrx_word' id='word_1_144' title='bbox 1029 2035 1075 2108; x_wconf 91' lang='lat' dir='ltr'>ait</span> <span class='ocrx_word' id='word_1_145' title='bbox 1100 2035 1163 2107; x_wconf 92' lang='lat' dir='ltr'>illis</span> <span class='ocrx_word' id='word_1_146' title='bbox 1188 2035 1303 2106; x_wconf 88' lang='lat' dir='ltr'>Hehas</span> <span class='ocrx_word' id='word_1_147' title='bbox 1329 2057 1407 2106; x_wconf 92' lang='lat' dir='ltr'>cum</span> <span class='ocrx_word' id='word_1_148' title='bbox 1433 2035 1565 2106; x_wconf 86' lang='lat' dir='ltr'>venerit</span> <span class='ocrx_word' id='word_1_149' title='bbox 1589 2034 1701 2128; x_wconf 93' lang='lat' dir='ltr'>primo</span> <span class='ocrx_word' id='word_1_150' title='bbox 1727 2033 1829 2104; x_wconf 88' lang='lat' dir='ltr'>resti-</span> 
     </span>
     <span class='ocr_line' id='line_1_15' title="bbox 348 2152 1828 2248; baseline -0.001 -22"><span class='ocrx_word' id='word_1_151' title='bbox 348 2167 421 2227; x_wconf 89' lang='lat' dir='ltr'>tuet</span> <span class='ocrx_word' id='word_1_152' title='bbox 447 2153 577 2226; x_wconf 91' lang='lat' dir='ltr'>omnia:</span> <span class='ocrx_word' id='word_1_153' title='bbox 606 2163 642 2224; x_wconf 93' lang='grc' dir='ltr'><strong>ει</strong></span> <span class='ocrx_word' id='word_1_154' title='bbox 667 2154 845 2246; x_wconf 92' lang='lat' dir='ltr'>quomodo</span> <span class='ocrx_word' id='word_1_155' title='bbox 872 2154 1035 2248; x_wconf 91' lang='lat' dir='ltr'>scriptum</span> <span class='ocrx_word' id='word_1_156' title='bbox 1063 2166 1117 2226; x_wconf 88' lang='lat' dir='ltr'>est</span> <span class='ocrx_word' id='word_1_157' title='bbox 1142 2156 1176 2225; x_wconf 92' lang='lat' dir='ltr'>in</span> <span class='ocrx_word' id='word_1_158' title='bbox 1201 2154 1304 2225; x_wconf 88' lang='lat' dir='ltr'>filium</span> <span class='ocrx_word' id='word_1_159' title='bbox 1337 2155 1484 2227; x_wconf 92' lang='lat' dir='ltr'>hominis</span> <span class='ocrx_word' id='word_1_160' title='bbox 1515 2165 1553 2226; x_wconf 89' lang='lat' dir='ltr'>ut</span> <span class='ocrx_word' id='word_1_161' title='bbox 1584 2155 1691 2226; x_wconf 89' lang='lat' dir='ltr'>multa</span> <span class='ocrx_word' id='word_1_162' title='bbox 1717 2152 1828 2247; x_wconf 87' lang='lat' dir='ltr'>patia-</span> 
     </span>
     <span class='ocr_line' id='line_1_16' title="bbox 350 2266 1830 2368; baseline -0.003 -21"><span class='ocrx_word' id='word_1_163' title='bbox 350 2287 403 2348; x_wconf 90' lang='lat' dir='ltr'>tur</span> <span class='ocrx_word' id='word_1_164' title='bbox 429 2286 465 2347; x_wconf 93' lang='lat' dir='ltr'>et</span> <span class='ocrx_word' id='word_1_165' title='bbox 491 2277 755 2346; x_wconf 78' lang='lat' dir='ltr'>contemnatur?</span> <span class='ocrx_word' id='word_1_166' title='bbox 809 2266 834 2310; x_wconf 76' lang='lat'>¹²</span> <span class='ocrx_word' id='word_1_167' title='bbox 852 2275 922 2346; x_wconf 91' lang='lat' dir='ltr'>Sed</span> <span class='ocrx_word' id='word_1_168' title='bbox 949 2275 1027 2346; x_wconf 87' lang='lat' dir='ltr'>dico</span> <span class='ocrx_word' id='word_1_169' title='bbox 1050 2275 1153 2348; x_wconf 90' lang='lat' dir='ltr'>vobis</span> <span class='ocrx_word' id='word_1_170' title='bbox 1180 2275 1263 2368; x_wconf 77' lang='lat' dir='ltr'>qma</span> <span class='ocrx_word' id='word_1_171' title='bbox 1287 2285 1323 2346; x_wconf 93' lang='grc' dir='ltr'><strong>ει</strong></span> <span class='ocrx_word' id='word_1_172' title='bbox 1348 2275 1463 2347; x_wconf 86' lang='lat' dir='ltr'>Hehas</span> <span class='ocrx_word' id='word_1_173' title='bbox 1489 2276 1591 2361; x_wconf 79' lang='lat' dir='ltr'>venit</span> <span class='ocrx_word' id='word_1_174' title='bbox 1618 2286 1655 2346; x_wconf 90' lang='lat' dir='ltr'>et</span> <span class='ocrx_word' id='word_1_175' title='bbox 1675 2275 1830 2345; x_wconf 82' lang='lat' dir='ltr'>leoenmt</span> 
     </span>
     <span class='ocr_line' id='line_1_17' title="bbox 348 2386 1830 2490; baseline -0.001 -24"><span class='ocrx_word' id='word_1_176' title='bbox 348 2396 392 2466; x_wconf 91' lang='lat' dir='ltr'>illi</span> <span class='ocrx_word' id='word_1_177' title='bbox 419 2415 658 2490; x_wconf 87' lang='lat' dir='ltr'>quaecumque</span> <span class='ocrx_word' id='word_1_178' title='bbox 689 2395 886 2481; x_wconf 87' lang='lat' dir='ltr'>voluerunt,</span> <span class='ocrx_word' id='word_1_179' title='bbox 915 2395 1002 2468; x_wconf 89' lang='lat' dir='ltr'>siout</span> <span class='ocrx_word' id='word_1_180' title='bbox 1027 2396 1191 2488; x_wconf 89' lang='lat' dir='ltr'>scripturn</span> <span class='ocrx_word' id='word_1_181' title='bbox 1218 2404 1273 2466; x_wconf 89' lang='lat' dir='ltr'>est</span> <span class='ocrx_word' id='word_1_182' title='bbox 1298 2393 1344 2466; x_wconf 89' lang='lat' dir='ltr'>de</span> <span class='ocrx_word' id='word_1_183' title='bbox 1371 2416 1424 2466; x_wconf 90' lang='lat' dir='ltr'>eo.</span> <span class='ocrx_word' id='word_1_184' title='bbox 1469 2386 1496 2432; x_wconf 76' lang='lat'>⁴³</span> <span class='ocrx_word' id='word_1_185' title='bbox 1511 2387 1543 2436; x_wconf 83' lang='lat'>⁹⁰·</span> <span class='ocrx_word' id='word_1_186' title='bbox 1552 2387 1601 2440; x_wconf 63' lang='lat'>“⁰³</span> <span class='ocrx_word' id='word_1_187' title='bbox 1620 2395 1663 2466; x_wconf 87' lang='lat' dir='ltr'>Et</span> <span class='ocrx_word' id='word_1_188' title='bbox 1690 2393 1830 2464; x_wconf 88' lang='lat' dir='ltr'>veniens</span> 
     </span>
     <span class='ocr_line' id='line_1_18' title="bbox 349 2499 1828 2618; baseline -0.003 -30"><span class='ocrx_word' id='word_1_189' title='bbox 349 2516 396 2588; x_wconf 92' lang='lat' dir='ltr'>ad</span> <span class='ocrx_word' id='word_1_190' title='bbox 423 2515 609 2618; x_wconf 75' lang='lat' dir='ltr'>discipulos</span> <span class='ocrx_word' id='word_1_191' title='bbox 635 2499 719 2588; x_wconf 78' lang='lat' dir='ltr'>suos</span> <span class='ocrx_word' id='word_1_192' title='bbox 743 2515 828 2587; x_wconf 90' lang='lat' dir='ltr'>vidit</span> <span class='ocrx_word' id='word_1_193' title='bbox 852 2515 988 2587; x_wconf 93' lang='lat' dir='ltr'>turbam</span> <span class='ocrx_word' id='word_1_194' title='bbox 1013 2537 1175 2608; x_wconf 78' lang='lat' dir='ltr'>magnam</span> <span class='ocrx_word' id='word_1_195' title='bbox 1202 2515 1293 2586; x_wconf 86' lang='lat' dir='ltr'>circa</span> <span class='ocrx_word' id='word_1_196' title='bbox 1320 2536 1384 2586; x_wconf 88' lang='lat' dir='ltr'>eos</span> <span class='ocrx_word' id='word_1_197' title='bbox 1410 2525 1446 2586; x_wconf 91' lang='lat' dir='ltr'>et</span> <span class='ocrx_word' id='word_1_198' title='bbox 1472 2515 1604 2587; x_wconf 89' lang='lat' dir='ltr'>scribas</span> <span class='ocrx_word' id='word_1_199' title='bbox 1622 2515 1828 2607; x_wconf 91' lang='lat' dir='ltr'>conquiren-</span> 
     </span>
     <span class='ocr_line' id='line_1_19' title="bbox 349 2627 1829 2730; baseline -0.001 -22"><span class='ocrx_word' id='word_1_200' title='bbox 349 2647 403 2708; x_wconf 85' lang='lat' dir='ltr'>tes</span> <span class='ocrx_word' id='word_1_201' title='bbox 429 2658 506 2706; x_wconf 89' lang='lat' dir='ltr'>cum</span> <span class='ocrx_word' id='word_1_202' title='bbox 532 2636 605 2706; x_wconf 91' lang='lat' dir='ltr'>illis.</span> <span class='ocrx_word' id='word_1_203' title='bbox 658 2627 736 2706; x_wconf 67' lang='lat' dir='ltr'>“Et</span> <span class='ocrx_word' id='word_1_204' title='bbox 761 2637 938 2708; x_wconf 81' lang='lat' dir='ltr'>confestim</span> <span class='ocrx_word' id='word_1_205' title='bbox 967 2638 1080 2709; x_wconf 85' lang='lat' dir='ltr'>omnis·</span> <span class='ocrx_word' id='word_1_206' title='bbox 1104 2635 1252 2729; x_wconf 90' lang='lat' dir='ltr'>populus</span> <span class='ocrx_word' id='word_1_207' title='bbox 1277 2635 1400 2707; x_wconf 89' lang='lat' dir='ltr'>videns</span> <span class='ocrx_word' id='word_1_208' title='bbox 1426 2655 1505 2706; x_wconf 90' lang='lat' dir='ltr'>eum</span> <span class='ocrx_word' id='word_1_209' title='bbox 1532 2638 1741 2730; x_wconf 83' lang='lat' dir='ltr'>stupetactus</span> <span class='ocrx_word' id='word_1_210' title='bbox 1766 2645 1829 2720; x_wconf 89' lang='lat' dir='ltr'>est,</span> 
     </span>
     <span class='ocr_line' id='line_1_20' title="bbox 350 2747 1830 2850; baseline -0.001 -22"><span class='ocrx_word' id='word_1_211' title='bbox 350 2767 575 2850; x_wconf 90' lang='lat' dir='ltr'>expavemnt‚</span> <span class='ocrx_word' id='word_1_212' title='bbox 611 2767 647 2828; x_wconf 89' lang='lat' dir='ltr'>et</span> <span class='ocrx_word' id='word_1_213' title='bbox 678 2766 896 2828; x_wconf 87' lang='lat' dir='ltr'>accurrentes</span> <span class='ocrx_word' id='word_1_214' title='bbox 923 2757 1118 2829; x_wconf 88' lang='lat' dir='ltr'>salutabant</span> <span class='ocrx_word' id='word_1_215' title='bbox 1151 2777 1239 2827; x_wconf 90' lang='lat' dir='ltr'>eum.</span> <span class='ocrx_word' id='word_1_216' title='bbox 1292 2747 1376 2826; x_wconf 80' lang='grc' dir='ltr'>15Ει</span> <span class='ocrx_word' id='word_1_217' title='bbox 1400 2756 1624 2848; x_wconf 78' lang='lat' dir='ltr'>interrogavit</span> <span class='ocrx_word' id='word_1_218' title='bbox 1649 2777 1712 2829; x_wconf 87' lang='lat' dir='ltr'>eos</span> <span class='ocrx_word' id='word_1_219' title='bbox 1740 2755 1830 2841; x_wconf 81' lang='lat' dir='ltr'>erid</span> 
     </span>
     <span class='ocr_line' id='line_1_21' title="bbox 350 2869 1927 2970; baseline 0.003 -24"><span class='ocrx_word' id='word_1_220' title='bbox 350 2877 529 2948; x_wconf 84' lang='lat' dir='ltr'>intervos</span> <span class='ocrx_word' id='word_1_221' title='bbox 556 2877 776 2970; x_wconf 76' lang='lat' dir='ltr'>conquiritis?</span> <span class='ocrx_word' id='word_1_222' title='bbox 827 2869 1000 2948; x_wconf 53' lang='grc' dir='ltr'>16(91·’”)Ι&lt;]ι</span> <span class='ocrx_word' id='word_1_223' title='bbox 1030 2876 1248 2970; x_wconf 89' lang='lat' dir='ltr'>respondens</span> <span class='ocrx_word' id='word_1_224' title='bbox 1281 2896 1368 2948; x_wconf 89' lang='lat' dir='ltr'>unus</span> <span class='ocrx_word' id='word_1_225' title='bbox 1401 2875 1574 2948; x_wconf 86' lang='lat' dir='ltr'>deturba</span> <span class='ocrx_word' id='word_1_226' title='bbox 1608 2875 1694 2949; x_wconf 85' lang='lat' dir='ltr'>dixit</span> <span class='ocrx_word' id='word_1_227' title='bbox 1718 2876 1830 2969; x_wconf 78' lang='lat' dir='ltr'>Magi-</span> <span class='ocrx_word' id='word_1_228' title='bbox 1922 2900 1927 2910; x_wconf 90' lang='lat'>·</span> 
     </span>
     <span class='ocr_line' id='line_1_22' title="bbox 351 2988 1829 3091; baseline -0.001 -24"><span class='ocrx_word' id='word_1_229' title='bbox 351 3007 430 3079; x_wconf 86' lang='lat' dir='ltr'>ster,</span> <span class='ocrx_word' id='word_1_230' title='bbox 458 2995 551 3068; x_wconf 90' lang='lat' dir='ltr'>attuli</span> <span class='ocrx_word' id='word_1_231' title='bbox 577 2995 681 3068; x_wconf 90' lang='lat' dir='ltr'>filium</span> <span class='ocrx_word' id='word_1_232' title='bbox 707 3019 822 3070; x_wconf 91' lang='lat' dir='ltr'>meum</span> <span class='ocrx_word' id='word_1_233' title='bbox 849 2999 896 3070; x_wconf 91' lang='lat' dir='ltr'>ad</span> <span class='ocrx_word' id='word_1_234' title='bbox 922 3007 957 3069; x_wconf 89' lang='lat' dir='ltr'>te</span> <span class='ocrx_word' id='word_1_235' title='bbox 983 2997 1170 3070; x_wconf 89' lang='lat' dir='ltr'>habentem</span> <span class='ocrx_word' id='word_1_236' title='bbox 1197 2997 1352 3091; x_wconf 91' lang='lat' dir='ltr'>spiritum</span> <span class='ocrx_word' id='word_1_237' title='bbox 1370 3006 1510 3081; x_wconf 93' lang='lat' dir='ltr'>mutum,</span> <span class='ocrx_word' id='word_1_238' title='bbox 1550 2988 1575 3032; x_wconf 75' lang='lat'>¹⁷</span> <span class='ocrx_word' id='word_1_239' title='bbox 1589 2997 1646 3088; x_wconf 88' lang='lat' dir='ltr'>qui</span> <span class='ocrx_word' id='word_1_240' title='bbox 1672 2995 1829 3068; x_wconf 88' lang='lat' dir='ltr'>ubicum-</span> 
     </span>
     <span class='ocr_line' id='line_1_23' title="bbox 351 3115 1831 3212; baseline 0 -26"><span class='ocrx_word' id='word_1_241' title='bbox 351 3137 419 3209; x_wconf 93' lang='lat' dir='ltr'>que</span> <span class='ocrx_word' id='word_1_242' title='bbox 451 3137 531 3188; x_wconf 91' lang='lat' dir='ltr'>eum</span> <span class='ocrx_word' id='word_1_243' title='bbox 564 3116 834 3210; x_wconf 85' lang='lat' dir='ltr'>adprehenderit</span> <span class='ocrx_word' id='word_1_244' title='bbox 864 3118 983 3190; x_wconf 89' lang='lat' dir='ltr'>adlidit</span> <span class='ocrx_word' id='word_1_245' title='bbox 1014 3140 1108 3202; x_wconf 90' lang='lat' dir='ltr'>eum,</span> <span class='ocrx_word' id='word_1_246' title='bbox 1145 3127 1180 3188; x_wconf 92' lang='grc' dir='ltr'><strong>ει</strong></span> <span class='ocrx_word' id='word_1_247' title='bbox 1213 3127 1350 3212; x_wconf 91' lang='lat' dir='ltr'>spumat</span> <span class='ocrx_word' id='word_1_248' title='bbox 1382 3127 1416 3188; x_wconf 93' lang='lat' dir='ltr'>et</span> <span class='ocrx_word' id='word_1_249' title='bbox 1450 3116 1572 3190; x_wconf 86' lang='lat' dir='ltr'>stridet</span> <span class='ocrx_word' id='word_1_250' title='bbox 1603 3115 1762 3188; x_wconf 84' lang='lat' dir='ltr'>dentibus</span> <span class='ocrx_word' id='word_1_251' title='bbox 1795 3123 1831 3186; x_wconf 90' lang='lat' dir='ltr'>et</span> 
     </span>
     <span class='ocr_line' id='line_1_24' title="bbox 351 3229 1830 3335; baseline -0.002 -27"><span class='ocrx_word' id='word_1_252' title='bbox 351 3237 493 3308; x_wconf 89' lang='lat' dir='ltr'>arescit:</span> <span class='ocrx_word' id='word_1_253' title='bbox 520 3247 556 3308; x_wconf 91' lang='grc' dir='ltr'><strong>ει</strong></span> <span class='ocrx_word' id='word_1_254' title='bbox 582 3237 652 3308; x_wconf 88' lang='lat' dir='ltr'>dixi</span> <span class='ocrx_word' id='word_1_255' title='bbox 680 3239 854 3335; x_wconf 86' lang='lat' dir='ltr'>discipulis</span> <span class='ocrx_word' id='word_1_256' title='bbox 880 3239 946 3311; x_wconf 89' lang='lat' dir='ltr'>tuis</span> <span class='ocrx_word' id='word_1_257' title='bbox 971 3248 1008 3310; x_wconf 92' lang='lat' dir='ltr'>ut</span> <span class='ocrx_word' id='word_1_258' title='bbox 1034 3237 1186 3309; x_wconf 87' lang='lat' dir='ltr'>eicerent</span> <span class='ocrx_word' id='word_1_259' title='bbox 1212 3237 1313 3324; x_wconf 92' lang='lat' dir='ltr'>illum,</span> <span class='ocrx_word' id='word_1_260' title='bbox 1341 3248 1377 3308; x_wconf 92' lang='grc' dir='ltr'><strong>ει</strong></span> <span class='ocrx_word' id='word_1_261' title='bbox 1401 3259 1472 3309; x_wconf 95' lang='lat' dir='ltr'>non</span> <span class='ocrx_word' id='word_1_262' title='bbox 1498 3246 1691 3331; x_wconf 91' lang='lat' dir='ltr'>potuerunt.</span> <span class='ocrx_word' id='word_1_263' title='bbox 1725 3229 1752 3276; x_wconf 80' lang='lat'>⁴⁸</span> <span class='ocrx_word' id='word_1_264' title='bbox 1765 3234 1830 3321; x_wconf 86' lang='lat' dir='ltr'>Qui</span> 
     </span>
     <span class='ocr_line' id='line_1_25' title="bbox 350 3356 1829 3453; baseline -0.001 -26"><span class='ocrx_word' id='word_1_265' title='bbox 350 3356 567 3450; x_wconf 88' lang='lat' dir='ltr'>respondens</span> <span class='ocrx_word' id='word_1_266' title='bbox 601 3359 651 3429; x_wconf 92' lang='lat' dir='ltr'>eis</span> <span class='ocrx_word' id='word_1_267' title='bbox 685 3359 765 3432; x_wconf 91' lang='lat' dir='ltr'>dicit</span> <span class='ocrx_word' id='word_1_268' title='bbox 798 3361 826 3430; x_wconf 92' lang='lat'>0</span> <span class='ocrx_word' id='word_1_269' title='bbox 865 3359 1043 3453; x_wconf 81' lang='lat' dir='ltr'>generatio</span> <span class='ocrx_word' id='word_1_270' title='bbox 1077 3357 1269 3444; x_wconf 89' lang='lat' dir='ltr'>incredula,</span> <span class='ocrx_word' id='word_1_271' title='bbox 1304 3357 1468 3452; x_wconf 88' lang='lat' dir='ltr'>quamdiu</span> <span class='ocrx_word' id='word_1_272' title='bbox 1509 3357 1602 3451; x_wconf 94' lang='lat' dir='ltr'>apud</span> <span class='ocrx_word' id='word_1_273' title='bbox 1638 3378 1704 3429; x_wconf 87' lang='lat' dir='ltr'>vos</span> <span class='ocrx_word' id='word_1_274' title='bbox 1743 3357 1829 3428; x_wconf 88' lang='lat' dir='ltr'>ero‘l</span> 
     </span>
     <span class='ocr_line' id='line_1_26' title="bbox 351 3471 1832 3572; baseline -0.001 -24"><span class='ocrx_word' id='word_1_275' title='bbox 351 3477 516 3570; x_wconf 88' lang='lat' dir='ltr'>quamdiu</span> <span class='ocrx_word' id='word_1_276' title='bbox 548 3500 613 3550; x_wconf 88' lang='lat' dir='ltr'>vos</span> <span class='ocrx_word' id='word_1_277' title='bbox 647 3479 781 3572; x_wconf 80' lang='lat' dir='ltr'>patiar?</span> <span class='ocrx_word' id='word_1_278' title='bbox 832 3481 965 3552; x_wconf 80' lang='lat' dir='ltr'>adferte</span> <span class='ocrx_word' id='word_1_279' title='bbox 1000 3481 1091 3554; x_wconf 94' lang='lat' dir='ltr'>illum</span> <span class='ocrx_word' id='word_1_280' title='bbox 1125 3479 1172 3552; x_wconf 89' lang='lat' dir='ltr'>ad</span> <span class='ocrx_word' id='word_1_281' title='bbox 1205 3501 1273 3551; x_wconf 91' lang='lat' dir='ltr'>me.</span> <span class='ocrx_word' id='word_1_282' title='bbox 1318 3471 1345 3516; x_wconf 77' lang='lat'>⁴⁹</span> <span class='ocrx_word' id='word_1_283' title='bbox 1355 3477 1398 3549; x_wconf 87' lang='lat' dir='ltr'>Et</span> <span class='ocrx_word' id='word_1_284' title='bbox 1428 3478 1622 3551; x_wconf 85' lang='lat' dir='ltr'>adtulerrmt</span> <span class='ocrx_word' id='word_1_285' title='bbox 1655 3499 1744 3548; x_wconf 90' lang='lat' dir='ltr'>eum.</span> <span class='ocrx_word' id='word_1_286' title='bbox 1789 3475 1832 3546; x_wconf 89' lang='lat' dir='ltr'>Et</span> 
     </span>
     <span class='ocr_line' id='line_1_27' title="bbox 352 3595 1864 3702; baseline -0.003 -33"><span class='ocrx_word' id='word_1_287' title='bbox 352 3619 430 3676; x_wconf 87' lang='lat' dir='ltr'>curn</span> <span class='ocrx_word' id='word_1_288' title='bbox 457 3598 599 3670; x_wconf 91' lang='lat' dir='ltr'>vidisset</span> <span class='ocrx_word' id='word_1_289' title='bbox 623 3599 731 3685; x_wconf 92' lang='lat' dir='ltr'>illum,</span> <span class='ocrx_word' id='word_1_290' title='bbox 759 3602 873 3672; x_wconf 89' lang='lat' dir='ltr'>statim</span> <span class='ocrx_word' id='word_1_291' title='bbox 900 3602 1036 3696; x_wconf 90' lang='lat' dir='ltr'>spiritus</span> <span class='ocrx_word' id='word_1_292' title='bbox 1063 3600 1278 3672; x_wconf 88' lang='lat' dir='ltr'>conturbavit</span> <span class='ocrx_word' id='word_1_293' title='bbox 1304 3619 1400 3683; x_wconf 90' lang='lat' dir='ltr'>enm,</span> <span class='ocrx_word' id='word_1_294' title='bbox 1434 3607 1470 3669; x_wconf 92' lang='grc' dir='ltr'><strong>ει</strong></span> <span class='ocrx_word' id='word_1_295' title='bbox 1503 3597 1606 3668; x_wconf 85' lang='grc' dir='ltr'><strong>εΙίειιε</strong></span> <span class='ocrx_word' id='word_1_296' title='bbox 1638 3595 1674 3666; x_wconf 91' lang='lat' dir='ltr'>in</span> <span class='ocrx_word' id='word_1_297' title='bbox 1704 3605 1864 3702; x_wconf 23' lang='lat' dir='ltr'>terram!</span> 
     </span>
     <span class='ocr_line' id='line_1_28' title="bbox 350 3714 1830 3814; baseline -0.003 -25"><span class='ocrx_word' id='word_1_298' title='bbox 350 3719 569 3790; x_wconf 88' lang='lat' dir='ltr'>volutabatur</span> <span class='ocrx_word' id='word_1_299' title='bbox 608 3741 780 3814; x_wconf 89' lang='lat' dir='ltr'>spumans.</span> <span class='ocrx_word' id='word_1_300' title='bbox 844 3714 872 3760; x_wconf 76' lang='lat'>²⁰</span> <span class='ocrx_word' id='word_1_301' title='bbox 887 3722 930 3794; x_wconf 89' lang='lat' dir='ltr'>Et</span> <span class='ocrx_word' id='word_1_302' title='bbox 970 3722 1193 3814; x_wconf 82' lang='lat' dir='ltr'>interrogavit</span> <span class='ocrx_word' id='word_1_303' title='bbox 1239 3730 1373 3814; x_wconf 88' lang='lat' dir='ltr'>patrem</span> <span class='ocrx_word' id='word_1_304' title='bbox 1416 3717 1490 3789; x_wconf 91' lang='lat' dir='ltr'>eius</span> <span class='ocrx_word' id='word_1_305' title='bbox 1529 3717 1701 3802; x_wconf 88' lang='lat' dir='ltr'>Quantum</span> <span class='ocrx_word' id='word_1_306' title='bbox 1740 3725 1830 3786; x_wconf 89' lang='lat' dir='ltr'>tern-</span> 
     </span>
     <span class='ocr_line' id='line_1_29' title="bbox 352 3827 1827 3934; baseline -0.003 -24"><span class='ocrx_word' id='word_1_307' title='bbox 352 3838 447 3932; x_wconf 90' lang='lat' dir='ltr'>poris</span> <span class='ocrx_word' id='word_1_308' title='bbox 473 3849 528 3910; x_wconf 90' lang='grc' dir='ltr'>εει</span> <span class='ocrx_word' id='word_1_309' title='bbox 553 3861 599 3910; x_wconf 90' lang='lat' dir='ltr'>ex</span> <span class='ocrx_word' id='word_1_310' title='bbox 634 3862 703 3934; x_wconf 92' lang='lat' dir='ltr'>quo</span> <span class='ocrx_word' id='word_1_311' title='bbox 737 3841 804 3912; x_wconf 92' lang='lat' dir='ltr'>hoc</span> <span class='ocrx_word' id='word_1_312' title='bbox 831 3841 862 3911; x_wconf 92' lang='lat' dir='ltr'>ei</span> <span class='ocrx_word' id='word_1_313' title='bbox 897 3842 1044 3913; x_wconf 78' lang='lat' dir='ltr'>amidit‘r</span> <span class='ocrx_word' id='word_1_314' title='bbox 1077 3841 1122 3912; x_wconf 83' lang='lat' dir='ltr'>At</span> <span class='ocrx_word' id='word_1_315' title='bbox 1147 3841 1203 3912; x_wconf 92' lang='lat' dir='ltr'>ille</span> <span class='ocrx_word' id='word_1_316' title='bbox 1229 3841 1275 3912; x_wconf 90' lang='lat' dir='ltr'>ait</span> <span class='ocrx_word' id='word_1_317' title='bbox 1299 3839 1354 3911; x_wconf 79' lang='lat' dir='ltr'>Ab</span> <span class='ocrx_word' id='word_1_318' title='bbox 1381 3837 1535 3910; x_wconf 76' lang='lat' dir='ltr'>infantia:</span> <span class='ocrx_word' id='word_1_319' title='bbox 1569 3827 1592 3874; x_wconf 78' lang='lat'>²⁴</span> <span class='ocrx_word' id='word_1_320' title='bbox 1608 3847 1644 3908; x_wconf 90' lang='grc' dir='ltr'><strong>ει</strong></span> <span class='ocrx_word' id='word_1_321' title='bbox 1669 3837 1827 3928; x_wconf 83' lang='lat' dir='ltr'>frequen-</span> 
     </span>
     <span class='ocr_line' id='line_1_30' title="bbox 353 3953 1831 4055; baseline -0.003 -27"><span class='ocrx_word' id='word_1_322' title='bbox 353 3969 407 4029; x_wconf 89' lang='lat' dir='ltr'>ter</span> <span class='ocrx_word' id='word_1_323' title='bbox 432 3979 511 4030; x_wconf 93' lang='lat' dir='ltr'>eum</span> <span class='ocrx_word' id='word_1_324' title='bbox 538 3970 573 4030; x_wconf 91' lang='grc' dir='ltr'><strong>ει</strong></span> <span class='ocrx_word' id='word_1_325' title='bbox 598 3961 632 4031; x_wconf 95' lang='lat' dir='ltr'>in</span> <span class='ocrx_word' id='word_1_326' title='bbox 657 3961 772 4054; x_wconf 76' lang='lat' dir='ltr'>ignem</span> <span class='ocrx_word' id='word_1_327' title='bbox 807 3972 842 4032; x_wconf 91' lang='grc' dir='ltr'><strong>ει</strong></span> <span class='ocrx_word' id='word_1_328' title='bbox 874 3962 909 4032; x_wconf 93' lang='lat' dir='ltr'>in</span> <span class='ocrx_word' id='word_1_329' title='bbox 936 3985 1046 4055; x_wconf 88' lang='lat' dir='ltr'>aquas</span> <span class='ocrx_word' id='word_1_330' title='bbox 1080 3960 1170 4032; x_wconf 90' lang='lat' dir='ltr'>misit</span> <span class='ocrx_word' id='word_1_331' title='bbox 1199 3970 1237 4031; x_wconf 90' lang='lat' dir='ltr'>ut</span> <span class='ocrx_word' id='word_1_332' title='bbox 1269 3979 1349 4030; x_wconf 91' lang='lat' dir='ltr'>eum</span> <span class='ocrx_word' id='word_1_333' title='bbox 1376 3959 1554 4054; x_wconf 89' lang='lat' dir='ltr'>perderet:</span> <span class='ocrx_word' id='word_1_334' title='bbox 1592 3956 1656 4030; x_wconf 92' lang='lat' dir='ltr'>sed</span> <span class='ocrx_word' id='word_1_335' title='bbox 1688 3955 1716 4028; x_wconf 91' lang='lat' dir='ltr'>si</span> <span class='ocrx_word' id='word_1_336' title='bbox 1749 3953 1831 4048; x_wconf 91' lang='lat' dir='ltr'>quid</span> 
     </span>
     <span class='ocr_line' id='line_1_31' title="bbox 353 4073 1830 4172; baseline -0.005 -22"><span class='ocrx_word' id='word_1_337' title='bbox 353 4089 470 4172; x_wconf 90' lang='lat' dir='ltr'>potes,</span> <span class='ocrx_word' id='word_1_338' title='bbox 499 4079 624 4152; x_wconf 89' lang='lat' dir='ltr'>adiuva</span> <span class='ocrx_word' id='word_1_339' title='bbox 648 4104 730 4168; x_wconf 92' lang='lat' dir='ltr'>nos,</span> <span class='ocrx_word' id='word_1_340' title='bbox 757 4083 917 4155; x_wconf 91' lang='lat' dir='ltr'>misertus</span> <span class='ocrx_word' id='word_1_341' title='bbox 943 4083 1060 4155; x_wconf 90' lang='lat' dir='ltr'>nostri.</span> <span class='ocrx_word' id='word_1_342' title='bbox 1113 4073 1142 4120; x_wconf 76' lang='lat'>²²</span> <span class='ocrx_word' id='word_1_343' title='bbox 1158 4083 1252 4152; x_wconf 89' lang='lat' dir='ltr'>lesus</span> <span class='ocrx_word' id='word_1_344' title='bbox 1279 4091 1393 4152; x_wconf 90' lang='lat' dir='ltr'>autem</span> <span class='ocrx_word' id='word_1_345' title='bbox 1420 4081 1467 4152; x_wconf 90' lang='lat' dir='ltr'>ait</span> <span class='ocrx_word' id='word_1_346' title='bbox 1492 4077 1537 4148; x_wconf 93' lang='lat' dir='ltr'>illi</span> <span class='ocrx_word' id='word_1_347' title='bbox 1563 4075 1599 4148; x_wconf 91' lang='lat' dir='ltr'>Si</span> <span class='ocrx_word' id='word_1_348' title='bbox 1624 4085 1726 4170; x_wconf 89' lang='lat' dir='ltr'>potes</span> <span class='ocrx_word' id='word_1_349' title='bbox 1752 4093 1830 4145; x_wconf 91' lang='lat' dir='ltr'>cre-</span> 
     </span>
     <span class='ocr_line' id='line_1_32' title="bbox 266 4195 1834 4297; baseline -0.005 -25"><span class='ocrx_word' id='word_1_350' title='bbox 266 4250 270 4259; x_wconf 83' lang='lat'><strong>·</strong></span> <span class='ocrx_word' id='word_1_351' title='bbox 354 4199 457 4286; x_wconf 93' lang='lat' dir='ltr'>dere,</span> <span class='ocrx_word' id='word_1_352' title='bbox 497 4201 613 4274; x_wconf 88' lang='lat' dir='ltr'>omnia</span> <span class='ocrx_word' id='word_1_353' title='bbox 646 4203 821 4297; x_wconf 85' lang='lat' dir='ltr'>possibilia</span> <span class='ocrx_word' id='word_1_354' title='bbox 854 4202 1016 4276; x_wconf 90' lang='lat' dir='ltr'>credenti.</span> <span class='ocrx_word' id='word_1_355' title='bbox 1073 4195 1100 4240; x_wconf 70' lang='lat'>²³</span> <span class='ocrx_word' id='word_1_356' title='bbox 1115 4201 1158 4274; x_wconf 86' lang='lat' dir='ltr'>Et</span> <span class='ocrx_word' id='word_1_357' title='bbox 1191 4202 1350 4274; x_wconf 91' lang='lat' dir='ltr'>continuo</span> <span class='ocrx_word' id='word_1_358' title='bbox 1377 4201 1578 4273; x_wconf 89' lang='lat' dir='ltr'>exclamans</span> <span class='ocrx_word' id='word_1_359' title='bbox 1604 4204 1704 4292; x_wconf 88' lang='lat' dir='ltr'>pater</span> <span class='ocrx_word' id='word_1_360' title='bbox 1735 4195 1834 4290; x_wconf 91' lang='lat' dir='ltr'>pueri</span> 
     </span>
     <span class='ocr_line' id='line_1_33' title="bbox 355 4305 1834 4409; baseline -0.004 -17"><span class='ocrx_word' id='word_1_361' title='bbox 355 4343 434 4393; x_wconf 89' lang='lat' dir='ltr'>cum</span> <span class='ocrx_word' id='word_1_362' title='bbox 459 4305 607 4394; x_wconf 84' lang='lat' dir='ltr'>lacrimis</span> <span class='ocrx_word' id='word_1_363' title='bbox 634 4325 749 4397; x_wconf 87' lang='lat' dir='ltr'>aiebat</span> <span class='ocrx_word' id='word_1_364' title='bbox 775 4324 898 4409; x_wconf 87' lang='lat' dir='ltr'>Credo,</span> <span class='ocrx_word' id='word_1_365' title='bbox 926 4323 1052 4395; x_wconf 90' lang='lat' dir='ltr'>adiuva</span> <span class='ocrx_word' id='word_1_366' title='bbox 1077 4321 1349 4396; x_wconf 89' lang='lat' dir='ltr'>incredulitatem</span> <span class='ocrx_word' id='word_1_367' title='bbox 1380 4343 1505 4394; x_wconf 91' lang='lat' dir='ltr'>meam.</span> <span class='ocrx_word' id='word_1_368' title='bbox 1556 4309 1583 4360; x_wconf 74' lang='lat'>²⁴</span> <span class='ocrx_word' id='word_1_369' title='bbox 1599 4317 1642 4390; x_wconf 83' lang='lat' dir='ltr'>Et</span> <span class='ocrx_word' id='word_1_370' title='bbox 1676 4339 1754 4388; x_wconf 89' lang='lat' dir='ltr'>cnm</span> <span class='ocrx_word' id='word_1_371' title='bbox 1779 4313 1834 4387; x_wconf 85' lang='lat' dir='ltr'>vi-</span> 
     </span>
     <span class='ocr_line' id='line_1_34' title="bbox 356 4435 1833 4536; baseline -0.004 -22"><span class='ocrx_word' id='word_1_372' title='bbox 356 4441 456 4514; x_wconf 91' lang='lat' dir='ltr'>deret</span> <span class='ocrx_word' id='word_1_373' title='bbox 480 4444 576 4515; x_wconf 91' lang='lat' dir='ltr'>lesus</span> <span class='ocrx_word' id='word_1_374' title='bbox 603 4455 865 4516; x_wconf 87' lang='lat' dir='ltr'>concurrentem</span> <span class='ocrx_word' id='word_1_375' title='bbox 892 4445 1043 4530; x_wconf 92' lang='lat' dir='ltr'>turbam,</span> <span class='ocrx_word' id='word_1_376' title='bbox 1072 4443 1299 4516; x_wconf 89' lang='lat' dir='ltr'>comminatus</span> <span class='ocrx_word' id='word_1_377' title='bbox 1331 4451 1386 4514; x_wconf 93' lang='lat' dir='ltr'>est</span> <span class='ocrx_word' id='word_1_378' title='bbox 1418 4441 1549 4536; x_wconf 89' lang='lat' dir='ltr'>spiritui</span> <span class='ocrx_word' id='word_1_379' title='bbox 1580 4437 1744 4512; x_wconf 90' lang='lat' dir='ltr'>inmundo</span> <span class='ocrx_word' id='word_1_380' title='bbox 1779 4435 1833 4508; x_wconf 93' lang='lat' dir='ltr'>di-</span> 
     </span>
     <span class='ocr_line' id='line_1_35' title="bbox 356 4561 1834 4658; baseline -0.003 -24"><span class='ocrx_word' id='word_1_381' title='bbox 356 4585 439 4636; x_wconf 88' lang='lat' dir='ltr'>cens</span> <span class='ocrx_word' id='word_1_382' title='bbox 465 4565 510 4634; x_wconf 91' lang='lat' dir='ltr'>illi</span> <span class='ocrx_word' id='word_1_383' title='bbox 537 4563 648 4636; x_wconf 90' lang='lat' dir='ltr'>Surde</span> <span class='ocrx_word' id='word_1_384' title='bbox 675 4573 710 4636; x_wconf 91' lang='lat' dir='ltr'>et</span> <span class='ocrx_word' id='word_1_385' title='bbox 735 4576 828 4638; x_wconf 90' lang='lat' dir='ltr'>mute</span> <span class='ocrx_word' id='word_1_386' title='bbox 856 4565 1011 4658; x_wconf 87' lang='lat' dir='ltr'>spiritus,</span> <span class='ocrx_word' id='word_1_387' title='bbox 1047 4585 1114 4657; x_wconf 81' lang='lat' dir='ltr'>ego</span> <span class='ocrx_word' id='word_1_388' title='bbox 1148 4563 1209 4634; x_wconf 91' lang='lat' dir='ltr'>tibi</span> <span class='ocrx_word' id='word_1_389' title='bbox 1240 4561 1436 4657; x_wconf 91' lang='lat' dir='ltr'>praecipio,</span> <span class='ocrx_word' id='word_1_390' title='bbox 1471 4562 1528 4634; x_wconf 89' lang='lat' dir='ltr'>axi</span> <span class='ocrx_word' id='word_1_391' title='bbox 1554 4561 1599 4633; x_wconf 91' lang='lat' dir='ltr'>ab</span> <span class='ocrx_word' id='word_1_392' title='bbox 1626 4581 1670 4632; x_wconf 92' lang='lat' dir='ltr'>eo</span> <span class='ocrx_word' id='word_1_393' title='bbox 1698 4569 1733 4630; x_wconf 93' lang='lat' dir='ltr'>et</span> <span class='ocrx_word' id='word_1_394' title='bbox 1759 4579 1834 4630; x_wconf 89' lang='lat' dir='ltr'>am-</span> 
     </span>
     <span class='ocr_line' id='line_1_36' title="bbox 355 4676 1837 4779; baseline -0.005 -23"><span class='ocrx_word' id='word_1_395' title='bbox 355 4685 443 4779; x_wconf 87' lang='lat' dir='ltr'>plius</span> <span class='ocrx_word' id='word_1_396' title='bbox 469 4707 514 4757; x_wconf 91' lang='lat' dir='ltr'>ne</span> <span class='ocrx_word' id='word_1_397' title='bbox 539 4685 691 4756; x_wconf 90' lang='lat' dir='ltr'>introeas</span> <span class='ocrx_word' id='word_1_398' title='bbox 717 4687 751 4756; x_wconf 94' lang='lat' dir='ltr'>in</span> <span class='ocrx_word' id='word_1_399' title='bbox 777 4709 865 4757; x_wconf 92' lang='lat' dir='ltr'>eum.</span> <span class='ocrx_word' id='word_1_400' title='bbox 917 4677 999 4758; x_wconf 67' lang='lat' dir='ltr'>²5Et</span> <span class='ocrx_word' id='word_1_401' title='bbox 1025 4687 1225 4758; x_wconf 87' lang='lat' dir='ltr'>exclamans</span> <span class='ocrx_word' id='word_1_402' title='bbox 1251 4685 1393 4756; x_wconf 92' lang='lat' dir='ltr'>multum</span> <span class='ocrx_word' id='word_1_403' title='bbox 1419 4682 1620 4778; x_wconf 91' lang='lat' dir='ltr'>discerpens</span> <span class='ocrx_word' id='word_1_404' title='bbox 1647 4703 1727 4753; x_wconf 88' lang='lat' dir='ltr'>eum</span> <span class='ocrx_word' id='word_1_405' title='bbox 1754 4676 1837 4750; x_wconf 88' lang='lat' dir='ltr'>exiit</span> 
     </span>
     <span class='ocr_line' id='line_1_37' title="bbox 358 4803 1836 4897; baseline -0.005 -20"><span class='ocrx_word' id='word_1_406' title='bbox 358 4807 403 4878; x_wconf 91' lang='lat' dir='ltr'>ab</span> <span class='ocrx_word' id='word_1_407' title='bbox 431 4827 484 4892; x_wconf 91' lang='lat' dir='ltr'>ec,</span> <span class='ocrx_word' id='word_1_408' title='bbox 512 4817 547 4880; x_wconf 90' lang='grc' dir='ltr'><strong>ει</strong></span> <span class='ocrx_word' id='word_1_409' title='bbox 572 4809 681 4880; x_wconf 90' lang='lat' dir='ltr'>lactus</span> <span class='ocrx_word' id='word_1_410' title='bbox 708 4817 761 4878; x_wconf 88' lang='lat' dir='ltr'>est</span> <span class='ocrx_word' id='word_1_411' title='bbox 795 4808 881 4879; x_wconf 89' lang='lat' dir='ltr'>sicut</span> <span class='ocrx_word' id='word_1_412' title='bbox 911 4817 1081 4892; x_wconf 84' lang='lat' dir='ltr'>mortuus,</span> <span class='ocrx_word' id='word_1_413' title='bbox 1117 4805 1164 4876; x_wconf 92' lang='lat' dir='ltr'>ita</span> <span class='ocrx_word' id='word_1_414' title='bbox 1196 4815 1234 4876; x_wconf 90' lang='lat' dir='ltr'>ut</span> <span class='ocrx_word' id='word_1_415' title='bbox 1263 4805 1357 4876; x_wconf 88' lang='lat' dir='ltr'>mrdti</span> <span class='ocrx_word' id='word_1_416' title='bbox 1389 4803 1544 4877; x_wconf 90' lang='lat' dir='ltr'>dicerent</span> <span class='ocrx_word' id='word_1_417' title='bbox 1577 4804 1656 4897; x_wconf 86' lang='lat' dir='ltr'>quia</span> <span class='ocrx_word' id='word_1_418' title='bbox 1681 4809 1836 4874; x_wconf 87' lang='lat' dir='ltr'>mortuns</span> 
     </span>
     <span class='ocr_line' id='line_1_38' title="bbox 359 4911 1837 5011; baseline -0.006 -13"><span class='ocrx_word' id='word_1_419' title='bbox 359 4938 421 4998; x_wconf 87' lang='lat' dir='ltr'>est.</span> <span class='ocrx_word' id='word_1_420' title='bbox 460 4920 594 5000; x_wconf 62' lang='lat' dir='ltr'>”lesus</span> <span class='ocrx_word' id='word_1_421' title='bbox 612 4938 726 5001; x_wconf 89' lang='lat' dir='ltr'>autern</span> <span class='ocrx_word' id='word_1_422' title='bbox 745 4937 866 5001; x_wconf 88' lang='lat' dir='ltr'>tenens</span> <span class='ocrx_word' id='word_1_423' title='bbox 883 4951 1022 5002; x_wconf 91' lang='lat' dir='ltr'>manum</span> <span class='ocrx_word' id='word_1_424' title='bbox 1041 4929 1116 5000; x_wconf 92' lang='lat' dir='ltr'>eius</span> <span class='ocrx_word' id='word_1_425' title='bbox 1134 4926 1281 4998; x_wconf 88' lang='lat' dir='ltr'>elevavit</span> <span class='ocrx_word' id='word_1_426' title='bbox 1296 4926 1398 5011; x_wconf 90' lang='lat' dir='ltr'>illum,</span> <span class='ocrx_word' id='word_1_427' title='bbox 1417 4933 1453 4997; x_wconf 86' lang='lat' dir='ltr'>et</span> <span class='ocrx_word' id='word_1_428' title='bbox 1470 4925 1629 4997; x_wconf 83' lang='lat' dir='ltr'>surrexit.</span> <span class='ocrx_word' id='word_1_429' title='bbox 1655 4913 1681 4960; x_wconf 53' lang='grc' dir='ltr'>ᾗ</span> <span class='ocrx_word' id='word_1_430' title='bbox 1693 4911 1782 4968; x_wconf 58' lang='grc' dir='ltr'>Μ)</span> <span class='ocrx_word' id='word_1_431' title='bbox 1795 4920 1837 4990; x_wconf 86' lang='grc' dir='ltr'>Ει</span> 
     </span>
     <span class='ocr_line' id='line_1_39' title="bbox 359 5044 1837 5144; baseline -0.005 -26"><span class='ocrx_word' id='word_1_432' title='bbox 359 5071 438 5120; x_wconf 91' lang='lat' dir='ltr'>cum</span> <span class='ocrx_word' id='word_1_433' title='bbox 463 5048 636 5124; x_wconf 88' lang='lat' dir='ltr'>introisset</span> <span class='ocrx_word' id='word_1_434' title='bbox 661 5050 695 5120; x_wconf 93' lang='lat' dir='ltr'>in</span> <span class='ocrx_word' id='word_1_435' title='bbox 722 5049 873 5136; x_wconf 90' lang='lat' dir='ltr'>domurn,</span> <span class='ocrx_word' id='word_1_436' title='bbox 901 5049 1057 5144; x_wconf 89' lang='lat' dir='ltr'>discipuli</span> <span class='ocrx_word' id='word_1_437' title='bbox 1083 5047 1156 5120; x_wconf 88' lang='lat' dir='ltr'>eius</span> <span class='ocrx_word' id='word_1_438' title='bbox 1183 5057 1320 5120; x_wconf 89' lang='lat' dir='ltr'>secreto</span> <span class='ocrx_word' id='word_1_439' title='bbox 1346 5045 1702 5140; x_wconf 68' lang='lat' dir='ltr'>interrogabant‘eum</span> <span class='ocrx_word' id='word_1_440' title='bbox 1721 5044 1837 5126; x_wconf 87' lang='lat' dir='ltr'>Quare</span> 
     </span>
    </p>
   </div>
   <div class='ocr_carea' id='block_1_7' title="bbox 359 5159 1837 5378">
    <p class='ocr_par' dir='ltr' id='par_1_7' title="bbox 359 5159 1837 5378">
     <span class='ocr_line' id='line_1_40' title="bbox 359 5159 1837 5278; baseline -0.009 -33"><span class='ocrx_word' id='word_1_441' title='bbox 359 5193 424 5246; x_wconf 92' lang='lat' dir='ltr'>uos</span> <span class='ocrx_word' id='word_1_442' title='bbox 450 5193 519 5242; x_wconf 93' lang='lat' dir='ltr'>non</span> <span class='ocrx_word' id='word_1_443' title='bbox 545 5173 718 5264; x_wconf 88' lang='lat' dir='ltr'>potuimus</span> <span class='ocrx_word' id='word_1_444' title='bbox 744 5173 857 5244; x_wconf 89' lang='lat' dir='ltr'>eicere</span> <span class='ocrx_word' id='word_1_445' title='bbox 884 5172 988 5244; x_wconf 79' lang='lat' dir='ltr'>eum?</span> <span class='ocrx_word' id='word_1_446' title='bbox 1039 5159 1120 5240; x_wconf 74' lang='lat' dir='ltr'>28llt</span> <span class='ocrx_word' id='word_1_447' title='bbox 1146 5167 1232 5240; x_wconf 88' lang='lat' dir='ltr'>dixit</span> <span class='ocrx_word' id='word_1_448' title='bbox 1248 5169 1312 5242; x_wconf 90' lang='lat' dir='ltr'>illis</span> <span class='ocrx_word' id='word_1_449' title='bbox 1328 5169 1404 5242; x_wconf 91' lang='lat' dir='ltr'>Hoc</span> <span class='ocrx_word' id='word_1_450' title='bbox 1421 5191 1530 5262; x_wconf 80' lang='lat' dir='ltr'>genus</span> <span class='ocrx_word' id='word_1_451' title='bbox 1556 5168 1591 5240; x_wconf 90' lang='lat' dir='ltr'>in</span> <span class='ocrx_word' id='word_1_452' title='bbox 1610 5163 1702 5238; x_wconf 91' lang='lat' dir='ltr'>nullo</span> <span class='ocrx_word' id='word_1_453' title='bbox 1720 5169 1837 5278; x_wconf 90' lang='lat' dir='ltr'>potest</span> 
     </span>
     <span class='ocr_line' id='line_1_41' title="bbox 962 5291 1229 5378; baseline 0 -18"><span class='ocrx_word' id='word_1_454' title='bbox 962 5291 1064 5378; x_wconf 82' lang='lat' dir='ltr'>lX,.3</span> <span class='ocrx_word' id='word_1_455' title='bbox 1093 5331 1143 5344; x_wconf 93' lang='lat'>-</span> <span class='ocrx_word' id='word_1_456' title='bbox 1172 5293 1229 5364; x_wconf 79' lang='grc'>28.</span> 
     </span>
    </p>
   </div>
   <div class='ocr_carea' id='block_1_8' title="bbox 0 0 2134 6116">
    <p class='ocr_par' dir='ltr' id='par_1_8' title="bbox 0 0 2134 6116">
     <span class='ocr_line' id='line_1_42' title="bbox 0 0 2134 6116; baseline 0 0"><span class='ocrx_word' id='word_1_457' title='bbox 0 0 2134 6116; x_wconf 95' lang='lat' dir='ltr'> </span> 
     </span>
    </p>
   </div>
  </div>
 </body>
</html>
