4146 6120
652 1091 802 1163 lNClPlT
829 1088 1038 1160 EPISTULA
1065 1090 1124 1160 tt)
1152 1091 1290 1162 TITUM.

957 1265 978 1332 l.

309 1406 365 1461 Νι)
384 1414 526 1514 Paulus*
544 1461 666 1510 servus
692 1439 759 1522 dei,
791 1440 971 1532 apostolus
999 1447 1114 1508 autem
1140 1439 1218 1508 lesu
1245 1437 1367 1507 Christi
1392 1436 1581 1507 secundum
1609 1437 1713 1508 fidem

234 1561 422 1632 electorum
449 1561 505 1631 dei
534 1570 569 1630 et
595 1559 803 1652 agnitionem
830 1557 985 1629 veritatis
1012 1579 1102 1650 quae
1137 1557 1327 1629 secundum
1360 1557 1523 1650 pietatem
1556 1566 1610 1628 est
1652 1551 1715 1628 ²in

233 1702 332 1774 spem
364 1681 456 1752 vitae
488 1691 667 1764 aeternae,
702 1699 804 1771 quam
838 1679 996 1772 promisit
1028 1681 1086 1772 qui
1118 1701 1188 1750 non
1218 1678 1379 1750 mentitur
1405 1675 1493 1747 deus
1521 1689 1601 1749 ante
1626 1688 1714 1750 tem-

232 1823 320 1894 pora
354 1803 560 1886 saecularia,
600 1791 859 1870 ³manilestavit
892 1807 1006 1868 autem
1042 1799 1257 1892 temporibus
1284 1797 1355 1870 suis
1381 1798 1528 1868 verbum
1555 1820 1654 1870 suurn
1681 1799 1715 1870 in

232 1921 505 2014 praedicatione,
541 1943 630 2014 quae
663 1917 794 1990 credita
829 1929 884 1988 est
918 1917 1000 1986 mibi
1035 1913 1247 1990 'secundum
1279 1929 1505 2012 praeceptum
1533 1921 1715 1992 salvatoris

232 2042 339 2110 nostri
375 2041 453 2125 dei,
480 2030 603 2111 ¹*Tito
637 2041 762 2112 dilecto
795 2039 864 2109 fibo
899 2039 1089 2110 secundum
1125 2061 1343 2110 communem
1371 2038 1486 2110 tidem.
1540 2041 1655 2112 Gratia
1682 2052 1716 2111 et

232 2155 351 2252 pax‘a
379 2161 448 2232 deo
475 2171 573 2254 patre
601 2171 635 2232 et
662 2161 796 2232 Christo
822 2161 900 2228 lesu
928 2159 1099 2231 salvatore
1126 2169 1256 2231 nostro.
1307 2151 1371 2206 δί’)
1388 2159 1497 2232 Huius
1523 2159 1573 2230 rei
1605 2161 1714 2252 gratia

232 2283 353 2374 reliqui
379 2293 414 2352 te
442 2283 580 2367 Cretae,
616 2291 653 2352 ut
680 2303 722 2352 ea
748 2301 838 2374 quae
866 2279 990 2350 desunt
1016 2281 1170 2373 corrigas
1197 2290 1232 2350 et
1258 2281 1446 2352 constituas
1471 2303 1535 2374 per
1561 2281 1716 2352 civitates

233 2404 490 2496 praesbyteros,
520 2403 607 2473 sicut
632 2412 668 2473 et
694 2422 761 2492 ego
788 2401 849 2470 tibi
877 2399 1049 2492 disposui,
1067 2407 1070 2415 “
1089 2393 1143 2472 6si
1171 2401 1247 2493 quis
1274 2401 1348 2472 sine
1368 2401 1510 2472 crimine
1527 2411 1589 2485 est,
1617 2403 1715 2472 unius

232 2524 353 2594 uxoris
384 2524 453 2607 vir,
489 2521 577 2594 filios
609 2522 742 2593 babens
776 2519 915 2604 fideles,
950 2541 1020 2591 non
1052 2522 1086 2592 in
1118 2512 1339 2592 accusatione
1371 2522 1527 2593 luxuriae
1561 2532 1715 2592 autnon

233 2643 400 2715 subditos.
451 2636 628 2736 7Oportet
655 2643 746 2714 enim
774 2641 977 2734 episcopum
1003 2642 1077 2712 sine
1105 2641 1245 2716 crimine
1272 2661 1353 2712 esse
1380 2641 1467 2714 sicut
1493 2642 1550 2714 dci
1571 2641 1714 2736 dispen-

232 2773 395 2847 satorem,
422 2783 493 2834 non
519 2763 717 2855 superbum,
744 2783 813 2832 non
840 2761 1054 2847 iracundum,
1082 2783 1152 2832 non
1178 2761 1402 2848 vinolentum,
1429 2783 1500 2832 non
1526 2783 1714 2855 percusso-

233 2905 316 2967 rem,
342 2873 412 2953 non
438 2883 612 2978 turpilucri
639 2883 818 2979 cupidum,
853 2873 945 2952 ⁸sed
972 2881 1187 2975 hospitalem,
1215 2883 1412 2974 benignum,
1440 2882 1604 2963 sobrium,
1633 2904 1714 2952 san-

233 3011 334 3086 ctum,
362 3003 496 3088 iustum,
524 3004 772 3088 continentem,
811 2994 1102 3094 ⁹amplectentcm
1130 3023 1208 3072 eum
1237 3003 1295 3094 qui
1313 3001 1503 3080 secundum
1522 3001 1713 3073 doctrinam

234 3129 287 3190 est
313 3119 453 3192 fidelem
479 3141 686 3206 sermonem,
713 3131 750 3192 ut
776 3129 899 3214 potens
926 3121 969 3191 sit
996 3131 1031 3190 et
1057 3121 1209 3191 exortari
1234 3121 1268 3190 in
1295 3122 1451 3193 doctrina
1478 3143 1563 3192 sana
1590 3131 1625 3190 et
1651 3143 1714 3191 eos

234 3241 291 3334 qui
319 3239 582 3311 contradicunt
610 3261 766 3332 arguere.
819 3231 845 3276 ⁴⁰
862 3241 946 3309 Sunt
972 3239 1062 3310 enim
1090 3239 1183 3311 multi
1217 3234 1273 3311 'et
1301 3241 1582 3325 inoboedientes,
1615 3240 1713 3310 vani·
1750 3219 1765 3232 ..

232 3359 325 3452 loqui
352 3370 387 3429 et
414 3361 638 3445 seductores,
664 3361 816 3432 maxime
843 3359 972 3452 quide
1000 3361 1260 3432 circumcisione
1287 3372 1381 3447 sunt,
1421 3353 1444 3398 ⁴¹
1460 3381 1549 3453 quoe
1576 3369 1715 3453 oportet

232 3477 411 3573 redargui,
447 3481 505 3574 qui
537 3483 716 3552 universas
750 3481 876 3553 domos
908 3479 1125 3566 subvertunt,
1159 3479 1326 3552 docentes
1357 3503 1447 3574 quae
1480 3502 1549 3552 non
1577 3489 1714 3572 oportet

232 3599 341 3694 turpis
380 3601 463 3671 lucri
498 3601 617 3694 gratia.
676 3592 703 3640 ¹¹
714 3599 807 3670 Dixit
841 3601 981 3693 quidam
1017 3623 1062 3672 ex
1097 3599 1161 3671 illis
1194 3603 1356 3694 proprius
1389 3623 1508 3672 eorum
1542 3599 1712 3694 propbeta

232 3721 416 3792 Cretenses
443 3743 584 3818 semper
615 3719 817 3804 mendaces,
852 3721 964 3794 malae
990 3721 1142 3808 bestiae,
1160 3713 1317 3793 ”ventres
1348 3723 1445 3816 pigri.
1497 3714 1524 3759 ⁴³
1541 3719 1713 3792 Testimo-

231 3841 326 3913 nium
352 3843 420 3914 hoc
444 3865 567 3913 verum
594 3853 656 3913 est.
711 3843 821 3926 Quam
849 3842 895 3912 ob
923 3865 1064 3914 causam
1091 3845 1231 3936 increpa
1257 3843 1333 3914 illos
1360 3841 1456 3926 dure,
1485 3850 1522 3912 ut
1549 3842 1622 3913 sani
1649 3841 1714 3912 sint

230 3963 380 4050 iulide,
424 3952 450 4000 ⁴⁴
466 3983 536 4034 non
569 3963 786 4034 intendentes
818 3963 962 4034 iudaicis
994 3963 1115 4034 sabulis
1148 3973 1183 4034 et
1208 3963 1379 4036 mandatis
1403 3963 1582 4034 hominum
1609 3982 1721 4032 aver-·
1819 3953 1824 3963 '

232 4083 377 4155 santium
406 4105 446 4156 se
474 4107 494 4156 a
520 4084 673 4154 veritate.
727 4074 753 4120 ⁴⁵
770 4083 890 4152 Omnia
921 4084 1050 4155 munda
1080 4086 1235 4158 mundis:
1272 4083 1497 4177 coinquinatis
1530 4093 1645 4156 autern
1679 4091 1713 4152 et

231 4201 424 4276 infidelibus
455 4204 535 4274 nihil
568 4205 751 4290 mundum,
787 4204 852 4275 sed
881 4199 1094 4298 'inquinatae
1128 4215 1206 4278 sunt
1232 4227 1352 4276 eorum
1380 4213 1415 4276 et
1440 4225 1540 4275 mens
1567 4213 1602 4273 et
1627 4224 1705 4273 con·
1818 4191 1823 4204 '

233 4321 383 4394 scientia.
436 4315 462 4360 ¹⁰
479 4323 688 4396 Confitentur
713 4347 754 4396 se
781 4347 886 4396 nosse
913 4325 1035 4412 deum,
1062 4327 1160 4398 factis
1187 4337 1302 4399 autem
1328 4335 1474 4418 negant,
1503 4347 1580 4396 curn
1608 4317 1713 4392 ’sunt

232 4433 438 4513 ’abominati
466 4453 500 4512 et
525 4443 743 4516 incredibiles
771 4453 805 4514 et
832 4445 877 4514 ad
904 4467 1007 4516 omne
1036 4469 1124 4540 opus
1151 4449 1280 4518 bonum
1307 4445 1457 4541 reprobi.

954 4653 990 4722 ll.

308 4777 369 4830 ’Ψ
387 4787 436 4856 Tu
464 4797 578 4858 autern
606 4789 750 4880 loquere
778 4811 868 4882 quae
896 4789 998 4860 decet
1024 4811 1143 4860 sanam
1170 4791 1379 4876 doctrinam3
1423 4785 1552 4862 2senes
1584 4799 1621 4858 ut
1653 4809 1712 4858 so-

231 4907 295 4976 brir
322 4907 396 4991 sint,
426 4908 547 5000 pudici,
576 4909 772 5001 prudentes,
800 4911 872 4980 sani
898 4909 977 4993 fide,
1006 4909 1197 4996 dilectione,
1226 4909 1277 4982 'in
1304 4912 1483 5006 patientia;
1521 4903 1638 4980 ³anus
1665 4907 1712 4978 si-

232 5027 353 5098 militor
378 5029 412 5097 in
439 5029 556 5099 habitu
583 5038 719 5112 saneto,
754 5049 823 5099 non
850 5025 1121 5114 'criminatores
1157 5055 1225 5103 non
1258 5033 1338 5104 vino
1371 5033 1477 5102 multo
1512 5031 1710 5112 servientes

232 5150 321 5220 bene
357 5151 541 5234 docentes,
581 5139 644 5222 *ut
677 5149 892 5242 prudentiam
927 5151 1076 5222 doceant
1111 5153 1386 5226 adulescentulas
1398 5167 1410 5239 ,¹
1439 5163 1476 5224 ut
1507 5135 1602 5224 viros
1629 5171 1712 5221 suos

832 5273 854 5356 l,
884 5275 898 5340 l
931 5309 983 5324 -
1009 5272 1044 5356 ΙΙ,
1074 5271 1105 5342 l.
