4242 6118
582 451 765 519 caenosa
793 453 1009 516 LECTIONUII
1037 453 1251 516 SECUNDUM·
1265 454 1389 518 lucau
1680 453 1730 523 95

337 661 417 731 LXI.
444 659 733 732 ltmmursntihns
759 658 806 731 de
832 668 1056 752 peccatorum
1084 659 1243 730 convivio
1270 659 1471 752 parabolam
1490 659 1566 730 ovis
1594 669 1630 730 et
1648 658 1729 730 dra-

450 803 554 874 gmae
588 779 684 875 ponit
716 779 892 861 inventae,
929 778 1179 850 commendans
1222 779 1385 871 gaudium
1417 777 1463 849 de
1497 779 1729 872 paenitentem

452 901 563 972 salute
589 902 747 971 intusum.

330 1021 424 1092 LXII.
451 1021 656 1092 Parabolam
682 1041 816 1114 ponens
842 1019 888 1091 de
913 1020 1002 1112 frugi
1028 1029 1064 1090 et
1088 1017 1266 1090 luxurioso
1284 1019 1368 1104 filiis,
1395 1018 1630 1090 reversionem
1649 1041 1732 1114 pro·
1828 1009 1833 1018 ’

452 1139 523 1233 digi
549 1139 595 1211 ad
621 1150 755 1234 patrem
783 1141 928 1210 salutem
956 1139 1083 1210 indicat
1108 1139 1350 1233 paenitentum.

317 1262 422 1333 LXIII.
449 1263 502 1332 De
527 1259 628 1332 vilico
654 1259 838 1354 iniquitatis
863 1280 910 1330 ex
936 1257 1209 1330 dissimihtudlne
1243 1260 1301 1352 qui
1336 1259 1488 1331 debitum
1524 1259 1653 1330 domiui
1681 1257 1733 1330 sui

455 1391 532 1453 astu
558 1381 752 1452 sollertiore
778 1379 948 1450 minuerat
974 1379 1166 1450 introducit.

303 1501 421 1572 LXIIII.
448 1502 525 1572 Non
551 1521 658 1596 posse
685 1499 754 1572 deo
782 1501 914 1572 servire
942 1521 1151 1592 quemquam
1179 1509 1215 1570 et
1240 1521 1438 1572 mamonae:
1467 1520 1592 1571 avaros
1619 1499 1733 1570 incre-

455 1631 516 1716 pat
540 1620 767 1693 Pharisaeos:
794 1621 978 1713 legemque
1005 1620 1125 1691 dicens
1152 1619 1207 1690 vel
1233 1621 1424 1714 prophetas
1454 1642 1565 1714 usque
1600 1619 1646 1692 ad
1677 1619 1733 1691 lo-

458 1743 605 1814 hannem
631 1741 834 1835 baptistam:
863 1751 899 1812 et
925 1741 1021 1834 quod
1046 1741 1220 1812 dimittens
1247 1739 1323 1833 quis
1349 1741 1733 1812 moremmoechetur.

331 1863 431 1934 LXV.
458 1861 755 1936 Inmisericordem
782 1859 922 1933 divitem
948 1871 1172 1956 purpuratum
1206 1871 1242 1932 et
1272 1881 1462 1956 pauperem
1489 1862 1654 1934 Lazarum
1681 1863 1734 1932 in-

457 1981 653 2066 troducens,
682 1981 834 2053 ostendit
859 1982 971 2075 quaha
990 1982 1056 2053 sint
1082 1981 1216 2074 passuri
1241 1991 1403 2075 raptores
1431 1983 1460 2052 si
1486 1982 1536 2054 sio
1561 1991 1736 2054 merentur

456 2102 566 2195 puniri
592 2112 741 2173 tenaces.

322 2223 430 2294 LXVI.
457 2223 529 2294 Vae
556 2223 637 2294 dicit
663 2219 922 2306 scandalizanti,
957 2220 1142 2315 paenitenti
1173 2241 1260 2292 vero
1287 2222 1380 2294 fratri
1407 2223 1509 2294 etiam
1537 2221 1735 2316 septuagies

458 2343 586 2437 septies
613 2341 779 2437 praecipit
803 2341 1056 2414 remittendum.

308 2463 428 2534 LXVII.
455 2462 583 2555 Augen
611 2462 673 2534 sihi
706 2472 826 2556 petunt
860 2461 1010 2556 apostoli
1036 2460 1157 2544 fidem,
1193 2471 1229 2531 et
1262 2463 1404 2536 audiunt
1436 2463 1482 2535 de
1513 2464 1734 2536 translatIone
1796 2441 1799 2458 ¹

459 2583 594 2656 arboris
619 2583 832 2668 lactdtatem,
859 2582 1041 2676 positaque
1071 2581 1288 2654 similitudine
1318 2584 1364 2656 de
1397 2605 1501 2656 servo
1536 2593 1654 2656 arante
1680 2581 1736 2654 vel

458 2713 624 2798 pascente
650 2704 755 2775 docet
780 2713 817 2774 ut
850 2703 985 2775 inutiles
1010 2701 1178 2774 seetiam
1211 2703 1393 2800 implentes
1425 2725 1516 2797 quae
1550 2715 1736 2799 praecepta

459 2833 538 2896 sunt
561 2824 739 2896 fateantur.

294 2943 428 3014 LXVIII.
455 2943 486 3014 X
511 2943 660 3036 leprosis
687 2942 859 3016 mundatis
884 2965 973 3014 unus
1000 2953 1129 3014 tantum
1157 2953 1192 3014 et
1219 2945 1288 3017 hoc
1314 2946 1504 3036 alienIgena
1536 2943 1581 3016 ad
1608 2944 1736 3037 gratias

457 3063 639 3136 revertitur
663 3063 875 3136 referendas.

278 3251 284 3268 ,
320 3185 430 3256 LXIX.
458 3187 690 3277 Interrogatus
717 3183 763 3255 de
789 3194 946 3278 tempore
972 3181 1069 3274 regni
1101 3179 1158 3252 dei
1195 3185 1373 3277 respondit
1405 3205 1473 3254 non
1506 3203 1584 3254 cum
1611 3184 1736 3254 obser·
1779 3205 1784 3214 ·

459 3305 598 3376 vatione
623 3315 816 3389 venturum,
844 3323 992 3396 eumque
1018 3303 1140 3394 lulgori
1176 3323 1383 3397 comparans
1416 3303 1639 3396 occupandos
1672 3322 1735 3373 eos

461 3423 543 3496 dicit
567 3423 724 3496 homines
750 3423 837 3494 sicut
862 3423 896 3494 in
922 3423 1046 3494 diebus
1071 3421 1147 3490 Noe
1170 3431 1209 3492 et
1233 3423 1329 3508 Loth,
1357 3434 1392 3492 et
1417 3423 1463 3494 de
1480 3421 1568 3492 binis
1586 3425 1619 3492 In
1645 3433 1736 3493 tecto

460 3543 494 3614 in
520 3544 613 3614 mola
639 3553 674 3614 et
698 3543 733 3612 in
765 3565 852 3635 agro
884 3543 1036 3636 singulos
1071 3541 1300 3612 assumendos
1332 3553 1368 3612 et
1398 3543 1551 3634 singulos
1583 3563 1722 3636 pronun·

460 3663 521 3734 u'at
546 3661 800 3755 rehnquendos.

336 3785 433 3856 LXX.
460 3783 516 3856 hd
546 3803 688 3876 semper
723 3781 892 3854 orandum
925 3781 1128 3876 parabolam
1162 3781 1208 3854 de
1242 3783 1347 3854 vidua
1381 3781 1477 3876 ponit
1501 3783 1663 3854 ultionem
1690 3782 1736 3854 de

463 3903 666 3976 adversario
692 3923 756 3974 suo
782 3903 828 3974 ah
855 3901 971 3995 iniquo
997 3901 1110 3974 iudice
1136 3903 1339 3996 postulante.

325 4027 435 4098 LXXI.
463 4024 626 4096 Oratione
651 4023 828 4095 Pharisaei
851 4021 886 4092 in
911 4023 1041 4117 templo
1068 4031 1103 4093 et
1128 4023 1299 4115 publicani
1325 4021 1503 4116 proposita
1538 4021 1643 4094 docet
1668 4043 1738 4094 non

464 4143 623 4216 iactanda
648 4144 768 4215 merita
795 4143 860 4214 sed
887 4141 1081 4214 confitenda
1108 4153 1262 4236 peccata.

313 4267 436 4337 LXXII.
462 4265 627 4336 Parvulos
654 4287 673 4335 a
701 4285 741 4335 se
765 4263 876 4334 vetari
901 4263 1089 4357 prohibens
1115 4263 1335 4334 humilitatem
1361 4263 1427 4334 suh
1454 4283 1573 4332 eorum
1599 4261 1738 4332 nomine

465 4383 633 4476 significat
660 4383 891 4478 optinendam.
1185 4467 1188 4472 Ι

301 4505 438 4576 LXXIII.
463 4505 683 4596 interrogans
708 4503 807 4576 dives
834 4503 880 4574 dc
906 4501 1116 4597 possidenda
1142 4503 1210 4574 vita
1245 4513 1385 4574 aeterna
1411 4501 1563 4574 secunda
1589 4523 1737 4595 respon-

465 4625 563 4696 sione
589 4625 693 4696 tristis
719 4621 898 4707 abscedit,
932 4632 967 4694 et
999 4622 1267 4715 relinquentibus
1305 4633 1450 4718 propter
1479 4643 1606 4693 nomen
1639 4643 1737 4694 suum

466 4745 668 4840 temporalia
693 4743 854 4816 dominus
880 4753 1020 4814 aeterna
1048 4741 1218 4836 promittit.

289 4865 439 4937 LXXIIIL
467 4863 688 4937 Tradendum
714 4885 754 4935 se
780 4862 1026 4958 hierosolymis
1052 4883 1305 4956 passurumque
1331 4861 1509 4956 praedicit.

212 5031 216 5041 ι
312 4986 437 5057 LXXV.
463 4986 561 5058 quta
586 4983 747 5056 Hiericho
775 5005 882 5056 caeco
909 4983 1116 5057 mendicanti
1141 4983 1256 5054 lumen
1282 4982 1316 5052 in
1342 4981 1515 5077 praesenti
1542 4982 1694 5054 restituit.

296 5107 434 5178 LXXVI.
461 5105 709 5180 Perambulans
735 5104 895 5176 Hiericho
921 5104 1113 5176 Zaceheum
1140 5103 1357 5198 publicanum
1391 5102 1550 5188 absolvit,
1585 5102 1642 5194 qui
1674 5123 1737 5174 ve-

465 5227 514 5298 nit
539 5227 671 5300 salvum
697 5227 812 5298 lacere
838 5223 933 5318 quod
959 5223 1118 5318 perierat

287 5347 438 5418 LXXVII.
465 5347 667 5419 Parabolam
696 5346 792 5442 ponit
817 5365 996 5418 servorum
1025 5345 1261 5439 accipientium
1296 5367 1316 5415 a
1348 5342 1491 5415 dominc
1526 5365 1590 5414 suo
1616 5343 1737 5418 decem
