<?xml version="1.0" encoding="UTF-8"?>
<!DOCTYPE html PUBLIC "-//W3C//DTD XHTML 1.0 Transitional//EN"
    "http://www.w3.org/TR/xhtml1/DTD/xhtml1-transitional.dtd">
<html xmlns="http://www.w3.org/1999/xhtml" xml:lang="en" lang="en">
 <head>
  <title>
</title>
<meta http-equiv="Content-Type" content="text/html;charset=utf-8" />
  <meta name='ocr-system' content='tesseract 3.04.00' />
  <meta name='ocr-capabilities' content='ocr_page ocr_carea ocr_par ocr_line ocrx_word'/>
</head>
<body>
  <div class='ocr_page' id='page_1' title='image "./novumtestamentu02tiscgoog_0239.png"; bbox 0 0 4254 6130; ppageno 0'>
   <div class='ocr_carea' id='block_1_1' title="bbox 1075 1499 1095 1566">
    <p class='ocr_par' dir='ltr' id='par_1_1' title="bbox 1075 1499 1095 1566">
     <span class='ocr_line' id='line_1_1' title="bbox 1075 1499 1095 1566; baseline 0.05 -1"><span class='ocrx_word' id='word_1_1' title='bbox 1075 1499 1095 1566; x_wconf 93' lang='lat' dir='ltr'><strong>l.</strong></span> 
     </span>
    </p>
   </div>
   <div class='ocr_carea' id='block_1_2' title="bbox 340 1749 1825 2003">
    <p class='ocr_par' dir='ltr' id='par_1_2' title="bbox 340 1749 1825 2003">
     <span class='ocr_line' id='line_1_2' title="bbox 416 1749 1825 1885; baseline 0.004 -29"><span class='ocrx_word' id='word_1_2' title='bbox 416 1749 603 1858; x_wconf 73' lang='lat' dir='ltr'><strong>⁴Prirnu1n</strong></span> <span class='ocrx_word' id='word_1_3' title='bbox 639 1789 778 1879; x_wconf 90' lang='lat' dir='ltr'><strong>quidem</strong></span> <span class='ocrx_word' id='word_1_4' title='bbox 812 1809 1010 1860; x_wconf 88' lang='lat' dir='ltr'><strong>sermonem</strong></span> <span class='ocrx_word' id='word_1_5' title='bbox 1044 1791 1110 1859; x_wconf 85' lang='lat' dir='ltr'><strong>leci</strong></span> <span class='ocrx_word' id='word_1_6' title='bbox 1146 1791 1191 1860; x_wconf 92' lang='lat' dir='ltr'><strong>de</strong></span> <span class='ocrx_word' id='word_1_7' title='bbox 1226 1791 1398 1874; x_wconf 90' lang='lat' dir='ltr'><strong>omnibus,</strong></span> <span class='ocrx_word' id='word_1_8' title='bbox 1436 1812 1457 1860; x_wconf 96' lang='lat' dir='ltr'><strong>o</strong></span> <span class='ocrx_word' id='word_1_9' title='bbox 1493 1791 1699 1885; x_wconf 88' lang='lat' dir='ltr'><strong>Theophile‚</strong></span> <span class='ocrx_word' id='word_1_10' title='bbox 1735 1813 1825 1884; x_wconf 88' lang='lat' dir='ltr'><strong>quae</strong></span> 
     </span>
     <span class='ocr_line' id='line_1_3' title="bbox 340 1900 1825 2003; baseline 0.001 -24"><span class='ocrx_word' id='word_1_11' title='bbox 340 1909 456 2000; x_wconf 87' lang='lat' dir='ltr'><strong>eoepit</strong></span> <span class='ocrx_word' id='word_1_12' title='bbox 486 1909 582 1977; x_wconf 92' lang='lat' dir='ltr'><strong>lesus</strong></span> <span class='ocrx_word' id='word_1_13' title='bbox 615 1907 732 1978; x_wconf 86' lang='lat' dir='ltr'><strong>lacere</strong></span> <span class='ocrx_word' id='word_1_14' title='bbox 766 1917 802 1976; x_wconf 87' lang='lat' dir='ltr'><strong>et</strong></span> <span class='ocrx_word' id='word_1_15' title='bbox 834 1907 980 1990; x_wconf 89' lang='lat' dir='ltr'><strong>docere,</strong></span> <span class='ocrx_word' id='word_1_16' title='bbox 1024 1900 1166 2000; x_wconf 78' lang='lat' dir='ltr'><strong>’usque</strong></span> <span class='ocrx_word' id='word_1_17' title='bbox 1201 1909 1234 1976; x_wconf 93' lang='lat' dir='ltr'><strong>in</strong></span> <span class='ocrx_word' id='word_1_18' title='bbox 1269 1909 1362 1978; x_wconf 92' lang='lat' dir='ltr'><strong>diem</strong></span> <span class='ocrx_word' id='word_1_19' title='bbox 1399 1931 1466 2000; x_wconf 91' lang='lat' dir='ltr'><strong>qua</strong></span> <span class='ocrx_word' id='word_1_20' title='bbox 1494 1911 1709 2003; x_wconf 82' lang='lat' dir='ltr'><strong>praecipiens</strong></span> <span class='ocrx_word' id='word_1_21' title='bbox 1737 1931 1825 2002; x_wconf 90' lang='lat' dir='ltr'><strong>apo-</strong></span> 
     </span>
    </p>
   </div>
   <div class='ocr_carea' id='block_1_3' title="bbox 294 2022 1924 4833">
    <p class='ocr_par' dir='ltr' id='par_1_3' title="bbox 294 2022 1924 4598">
     <span class='ocr_line' id='line_1_4' title="bbox 340 2022 1825 2120; baseline 0.001 -23"><span class='ocrx_word' id='word_1_22' title='bbox 340 2027 435 2098; x_wconf 89' lang='lat' dir='ltr'><strong>stolis</strong></span> <span class='ocrx_word' id='word_1_23' title='bbox 462 2047 526 2118; x_wconf 90' lang='lat' dir='ltr'><strong>per</strong></span> <span class='ocrx_word' id='word_1_24' title='bbox 553 2025 706 2118; x_wconf 91' lang='lat' dir='ltr'><strong>spiritum</strong></span> <span class='ocrx_word' id='word_1_25' title='bbox 734 2035 889 2096; x_wconf 88' lang='lat' dir='ltr'><strong>sanctum</strong></span> <span class='ocrx_word' id='word_1_26' title='bbox 916 2047 1005 2116; x_wconf 89' lang='lat' dir='ltr'><strong>quos</strong></span> <span class='ocrx_word' id='word_1_27' title='bbox 1032 2026 1135 2118; x_wconf 78' lang='lat' dir='ltr'><strong>elegit</strong></span> <span class='ocrx_word' id='word_1_28' title='bbox 1162 2025 1341 2096; x_wconf 90' lang='lat' dir='ltr'><strong>adsumtus</strong></span> <span class='ocrx_word' id='word_1_29' title='bbox 1369 2037 1436 2096; x_wconf 91' lang='lat' dir='ltr'><strong>est:</strong></span> <span class='ocrx_word' id='word_1_30' title='bbox 1480 2022 1635 2120; x_wconf 86' lang='lat' dir='ltr'><strong>³quibus</strong></span> <span class='ocrx_word' id='word_1_31' title='bbox 1663 2039 1697 2099; x_wconf 90' lang='lat' dir='ltr'><strong>et</strong></span> <span class='ocrx_word' id='word_1_32' title='bbox 1723 2046 1825 2120; x_wconf 88' lang='lat' dir='ltr'><strong>prae-</strong></span> 
     </span>
     <span class='ocr_line' id='line_1_5' title="bbox 339 2143 1826 2239; baseline 0 -25"><span class='ocrx_word' id='word_1_33' title='bbox 339 2145 412 2216; x_wconf 89' lang='lat' dir='ltr'><strong>buit</strong></span> <span class='ocrx_word' id='word_1_34' title='bbox 445 2166 484 2215; x_wconf 91' lang='lat' dir='ltr'><strong>se</strong></span> <span class='ocrx_word' id='word_1_35' title='bbox 519 2144 630 2236; x_wconf 92' lang='lat' dir='ltr'><strong>ipsum</strong></span> <span class='ocrx_word' id='word_1_36' title='bbox 666 2143 782 2214; x_wconf 91' lang='lat' dir='ltr'><strong>vivum</strong></span> <span class='ocrx_word' id='word_1_37' title='bbox 817 2153 899 2237; x_wconf 91' lang='lat' dir='ltr'><strong>post</strong></span> <span class='ocrx_word' id='word_1_38' title='bbox 933 2144 1135 2236; x_wconf 81' lang='lat' dir='ltr'>passionem</span> <span class='ocrx_word' id='word_1_39' title='bbox 1171 2165 1269 2214; x_wconf 92' lang='lat' dir='ltr'><strong>suam</strong></span> <span class='ocrx_word' id='word_1_40' title='bbox 1303 2145 1336 2213; x_wconf 92' lang='lat' dir='ltr'><strong>in</strong></span> <span class='ocrx_word' id='word_1_41' title='bbox 1362 2147 1476 2216; x_wconf 91' lang='lat' dir='ltr'><strong>multis</strong></span> <span class='ocrx_word' id='word_1_42' title='bbox 1502 2146 1727 2239; x_wconf 79' lang='lat' dir='ltr'><strong>argumentis,</strong></span> <span class='ocrx_word' id='word_1_43' title='bbox 1762 2166 1826 2238; x_wconf 89' lang='lat' dir='ltr'><strong>per</strong></span> 
     </span>
     <span class='ocr_line' id='line_1_6' title="bbox 341 2255 1825 2355; baseline -0.001 -19"><span class='ocrx_word' id='word_1_44' title='bbox 341 2263 418 2336; x_wconf 90' lang='lat' dir='ltr'><strong>dies</strong></span> <span class='ocrx_word' id='word_1_45' title='bbox 445 2261 674 2355; x_wconf 79' lang='lat' dir='ltr'><strong>quadraginta</strong></span> <span class='ocrx_word' id='word_1_46' title='bbox 700 2283 872 2354; x_wconf 90' lang='lat' dir='ltr'><strong>apparens</strong></span> <span class='ocrx_word' id='word_1_47' title='bbox 899 2263 950 2331; x_wconf 93' lang='lat' dir='ltr'><strong>eis</strong></span> <span class='ocrx_word' id='word_1_48' title='bbox 978 2271 1012 2332; x_wconf 91' lang='lat' dir='ltr'><strong>et</strong></span> <span class='ocrx_word' id='word_1_49' title='bbox 1038 2263 1183 2354; x_wconf 88' lang='lat' dir='ltr'><strong>loquens</strong></span> <span class='ocrx_word' id='word_1_50' title='bbox 1211 2262 1257 2332; x_wconf 92' lang='lat' dir='ltr'><strong>de</strong></span> <span class='ocrx_word' id='word_1_51' title='bbox 1285 2284 1393 2354; x_wconf 80' lang='lat' dir='ltr'><strong>regno</strong></span> <span class='ocrx_word' id='word_1_52' title='bbox 1422 2265 1494 2334; x_wconf 86' lang='lat' dir='ltr'><strong>dei:</strong></span> <span class='ocrx_word' id='word_1_53' title='bbox 1528 2255 1593 2334; x_wconf 65' lang='lat' dir='ltr'><strong>*et</strong></span> <span class='ocrx_word' id='word_1_54' title='bbox 1611 2285 1825 2336; x_wconf 84' lang='lat' dir='ltr'><strong>convescens</strong></span> 
     </span>
     <span class='ocr_line' id='line_1_7' title="bbox 294 2374 1924 2476; baseline 0.001 -26"><span class='ocrx_word' id='word_1_55' title='bbox 294 2388 298 2396; x_wconf 90' lang='lat'>&#39;</span> <span class='ocrx_word' id='word_1_56' title='bbox 339 2381 519 2474; x_wconf 86' lang='lat' dir='ltr'><strong>praecepit</strong></span> <span class='ocrx_word' id='word_1_57' title='bbox 553 2379 605 2449; x_wconf 91' lang='lat' dir='ltr'><strong>eis</strong></span> <span class='ocrx_word' id='word_1_58' title='bbox 637 2380 681 2449; x_wconf 87' lang='lat' dir='ltr'><strong>ab</strong></span> <span class='ocrx_word' id='word_1_59' title='bbox 713 2380 964 2472; x_wconf 78' lang='lat' dir='ltr'><strong>Hierosolymis</strong></span> <span class='ocrx_word' id='word_1_60' title='bbox 996 2401 1040 2450; x_wconf 91' lang='lat' dir='ltr'><strong>ne</strong></span> <span class='ocrx_word' id='word_1_61' title='bbox 1066 2381 1299 2464; x_wconf 76' lang='lat' dir='ltr'><strong>discederent,</strong></span> <span class='ocrx_word' id='word_1_62' title='bbox 1329 2381 1393 2452; x_wconf 88' lang='lat' dir='ltr'><strong>sed</strong></span> <span class='ocrx_word' id='word_1_63' title='bbox 1421 2391 1648 2476; x_wconf 79' lang='lat' dir='ltr'><strong>expectarent</strong></span> <span class='ocrx_word' id='word_1_64' title='bbox 1674 2381 1824 2474; x_wconf 89' lang='lat' dir='ltr'><strong>promis·</strong></span> <span class='ocrx_word' id='word_1_65' title='bbox 1918 2374 1924 2384; x_wconf 83' lang='lat'>&#39;</span> 
     </span>
     <span class='ocr_line' id='line_1_8' title="bbox 340 2492 1824 2590; baseline 0 -21"><span class='ocrx_word' id='word_1_66' title='bbox 340 2500 474 2570; x_wconf 90' lang='lat' dir='ltr'><strong>sionem</strong></span> <span class='ocrx_word' id='word_1_67' title='bbox 510 2498 615 2588; x_wconf 90' lang='lat' dir='ltr'><strong>patris</strong></span> <span class='ocrx_word' id='word_1_68' title='bbox 650 2517 754 2588; x_wconf 92' lang='lat' dir='ltr'><strong>quam</strong></span> <span class='ocrx_word' id='word_1_69' title='bbox 795 2496 939 2569; x_wconf 90' lang='lat' dir='ltr'><strong>audistis</strong></span> <span class='ocrx_word' id='word_1_70' title='bbox 972 2519 1035 2590; x_wconf 90' lang='lat' dir='ltr'><strong>per</strong></span> <span class='ocrx_word' id='word_1_71' title='bbox 1067 2520 1108 2568; x_wconf 94' lang='lat' dir='ltr'><strong>os</strong></span> <span class='ocrx_word' id='word_1_72' title='bbox 1148 2520 1281 2582; x_wconf 90' lang='lat' dir='ltr'><strong>meum,</strong></span> <span class='ocrx_word' id='word_1_73' title='bbox 1333 2492 1444 2590; x_wconf 73' lang='lat' dir='ltr'><strong>lquia</strong></span> <span class='ocrx_word' id='word_1_74' title='bbox 1482 2501 1651 2572; x_wconf 90' lang='lat' dir='ltr'><strong>lohannes</strong></span> <span class='ocrx_word' id='word_1_75' title='bbox 1684 2498 1824 2590; x_wconf 89' lang='lat' dir='ltr'><strong>quidem</strong></span> 
     </span>
     <span class='ocr_line' id='line_1_9' title="bbox 340 2615 1825 2709; baseline 0 -23"><span class='ocrx_word' id='word_1_76' title='bbox 340 2615 526 2708; x_wconf 87' lang='lat' dir='ltr'><strong>baptizavit</strong></span> <span class='ocrx_word' id='word_1_77' title='bbox 559 2636 665 2706; x_wconf 81' lang='lat' dir='ltr'><strong>aqua,</strong></span> <span class='ocrx_word' id='word_1_78' title='bbox 698 2637 763 2686; x_wconf 90' lang='lat' dir='ltr'><strong>vos</strong></span> <span class='ocrx_word' id='word_1_79' title='bbox 797 2625 912 2686; x_wconf 91' lang='lat' dir='ltr'><strong>autem</strong></span> <span class='ocrx_word' id='word_1_80' title='bbox 947 2615 1164 2708; x_wconf 89' lang='lat' dir='ltr'><strong>baptizamini</strong></span> <span class='ocrx_word' id='word_1_81' title='bbox 1197 2616 1316 2708; x_wconf 92' lang='lat' dir='ltr'><strong>spiritu</strong></span> <span class='ocrx_word' id='word_1_82' title='bbox 1351 2625 1471 2688; x_wconf 88' lang='lat' dir='ltr'><strong>sancto</strong></span> <span class='ocrx_word' id='word_1_83' title='bbox 1499 2636 1568 2684; x_wconf 94' lang='lat' dir='ltr'><strong>non</strong></span> <span class='ocrx_word' id='word_1_84' title='bbox 1594 2627 1675 2709; x_wconf 89' lang='lat' dir='ltr'><strong>post</strong></span> <span class='ocrx_word' id='word_1_85' title='bbox 1700 2617 1825 2687; x_wconf 93' lang='lat' dir='ltr'><strong>multos</strong></span> 
     </span>
     <span class='ocr_line' id='line_1_10' title="bbox 341 2724 1824 2826; baseline 0 -22"><span class='ocrx_word' id='word_1_86' title='bbox 341 2736 406 2804; x_wconf 94' lang='lat' dir='ltr'><strong>hos</strong></span> <span class='ocrx_word' id='word_1_87' title='bbox 433 2733 520 2804; x_wconf 87' lang='lat' dir='ltr'><strong>dies.</strong></span> <span class='ocrx_word' id='word_1_88' title='bbox 573 2724 706 2824; x_wconf 71' lang='lat' dir='ltr'><strong>6lgitur</strong></span> <span class='ocrx_word' id='word_1_89' title='bbox 733 2735 790 2824; x_wconf 93' lang='lat' dir='ltr'><strong>qui</strong></span> <span class='ocrx_word' id='word_1_90' title='bbox 818 2745 1053 2806; x_wconf 88' lang='lat' dir='ltr'><strong>convenerunt</strong></span> <span class='ocrx_word' id='word_1_91' title='bbox 1086 2734 1344 2826; x_wconf 80' lang='lat' dir='ltr'><strong>interrogabant</strong></span> <span class='ocrx_word' id='word_1_92' title='bbox 1376 2756 1456 2804; x_wconf 91' lang='lat' dir='ltr'><strong>eum</strong></span> <span class='ocrx_word' id='word_1_93' title='bbox 1487 2733 1643 2804; x_wconf 89' lang='lat' dir='ltr'><strong>dicentes</strong></span> <span class='ocrx_word' id='word_1_94' title='bbox 1669 2735 1824 2818; x_wconf 86' lang='lat' dir='ltr'><strong>Domine,</strong></span> 
     </span>
     <span class='ocr_line' id='line_1_11' title="bbox 342 2845 1827 2944; baseline 0 -22"><span class='ocrx_word' id='word_1_95' title='bbox 342 2853 371 2922; x_wconf 92' lang='lat' dir='ltr'><strong>si</strong></span> <span class='ocrx_word' id='word_1_96' title='bbox 398 2853 616 2944; x_wconf 89' lang='lat' dir='ltr'><strong>intempore</strong></span> <span class='ocrx_word' id='word_1_97' title='bbox 642 2851 710 2922; x_wconf 89' lang='lat' dir='ltr'><strong>boc</strong></span> <span class='ocrx_word' id='word_1_98' title='bbox 736 2853 897 2923; x_wconf 88' lang='lat' dir='ltr'><strong>restitues</strong></span> <span class='ocrx_word' id='word_1_99' title='bbox 924 2873 1068 2944; x_wconf 74' lang='lat' dir='ltr'><strong>regnum</strong></span> <span class='ocrx_word' id='word_1_100' title='bbox 1095 2851 1250 2923; x_wconf 80' lang='lat' dir='ltr'><strong>Israhel?</strong></span> <span class='ocrx_word' id='word_1_101' title='bbox 1301 2845 1424 2922; x_wconf 72' lang='lat' dir='ltr'><strong>⁷Dixit</strong></span> <span class='ocrx_word' id='word_1_102' title='bbox 1450 2863 1566 2924; x_wconf 88' lang='lat' dir='ltr'><strong>autem</strong></span> <span class='ocrx_word' id='word_1_103' title='bbox 1592 2853 1643 2924; x_wconf 89' lang='lat' dir='ltr'><strong>eis</strong></span> <span class='ocrx_word' id='word_1_104' title='bbox 1669 2853 1746 2923; x_wconf 93' lang='lat' dir='ltr'><strong>Non</strong></span> <span class='ocrx_word' id='word_1_105' title='bbox 1773 2866 1827 2922; x_wconf 87' lang='lat' dir='ltr'><strong>est</strong></span> 
     </span>
     <span class='ocr_line' id='line_1_12' title="bbox 341 2971 1824 3064; baseline -0.001 -22"><span class='ocrx_word' id='word_1_106' title='bbox 341 2979 494 3042; x_wconf 85' lang='lat' dir='ltr'><strong>vestrum</strong></span> <span class='ocrx_word' id='word_1_107' title='bbox 521 2990 629 3039; x_wconf 90' lang='lat' dir='ltr'><strong>nosse</strong></span> <span class='ocrx_word' id='word_1_108' title='bbox 656 2979 814 3063; x_wconf 88' lang='lat' dir='ltr'><strong>tempora</strong></span> <span class='ocrx_word' id='word_1_109' title='bbox 842 2972 898 3041; x_wconf 89' lang='lat' dir='ltr'><strong>vel</strong></span> <span class='ocrx_word' id='word_1_110' title='bbox 925 2981 1100 3042; x_wconf 89' lang='lat' dir='ltr'><strong>momenta</strong></span> <span class='ocrx_word' id='word_1_111' title='bbox 1124 2993 1215 3064; x_wconf 87' lang='lat' dir='ltr'><strong>quae</strong></span> <span class='ocrx_word' id='word_1_112' title='bbox 1244 2979 1347 3063; x_wconf 89' lang='lat' dir='ltr'><strong>pater·</strong></span> <span class='ocrx_word' id='word_1_113' title='bbox 1369 2971 1485 3063; x_wconf 89' lang='lat' dir='ltr'><strong>posuit</strong></span> <span class='ocrx_word' id='word_1_114' title='bbox 1510 2971 1544 3040; x_wconf 92' lang='lat' dir='ltr'><strong>in</strong></span> <span class='ocrx_word' id='word_1_115' title='bbox 1562 2991 1625 3040; x_wconf 90' lang='lat' dir='ltr'><strong>sua</strong></span> <span class='ocrx_word' id='word_1_116' title='bbox 1643 2981 1824 3062; x_wconf 85' lang='lat' dir='ltr'><strong>potestate,</strong></span> 
     </span>
     <span class='ocr_line' id='line_1_13' title="bbox 341 3082 1826 3182; baseline 0.001 -24"><span class='ocrx_word' id='word_1_117' title='bbox 341 3082 438 3160; x_wconf 86' lang='lat' dir='ltr'><strong>⁸sed</strong></span> <span class='ocrx_word' id='word_1_118' title='bbox 473 3087 648 3178; x_wconf 89' lang='lat' dir='ltr'><strong>accipietis</strong></span> <span class='ocrx_word' id='word_1_119' title='bbox 666 3089 840 3160; x_wconf 68' lang='lat' dir='ltr'><strong>uirtutem</strong></span> <span class='ocrx_word' id='word_1_120' title='bbox 875 3089 1149 3182; x_wconf 90' lang='lat' dir='ltr'><strong>supervenientis</strong></span> <span class='ocrx_word' id='word_1_121' title='bbox 1183 3087 1323 3180; x_wconf 91' lang='lat' dir='ltr'><strong>spiritus</strong></span> <span class='ocrx_word' id='word_1_122' title='bbox 1361 3089 1468 3159; x_wconf 91' lang='lat' dir='ltr'><strong>sancti</strong></span> <span class='ocrx_word' id='word_1_123' title='bbox 1500 3089 1642 3170; x_wconf 88' lang='lat' dir='ltr'><strong>iuves,</strong></span> <span class='ocrx_word' id='word_1_124' title='bbox 1669 3089 1826 3160; x_wconf 88' lang='lat' dir='ltr'><strong>eteritis</strong></span> 
     </span>
     <span class='ocr_line' id='line_1_14' title="bbox 342 3206 1826 3300; baseline 0.003 -26"><span class='ocrx_word' id='word_1_125' title='bbox 342 3207 423 3276; x_wconf 90' lang='lat' dir='ltr'><strong>mihi</strong></span> <span class='ocrx_word' id='word_1_126' title='bbox 450 3214 558 3276; x_wconf 91' lang='lat' dir='ltr'><strong>testes</strong></span> <span class='ocrx_word' id='word_1_127' title='bbox 585 3206 618 3274; x_wconf 91' lang='lat' dir='ltr'><strong>in</strong></span> <span class='ocrx_word' id='word_1_128' title='bbox 645 3207 859 3277; x_wconf 89' lang='lat' dir='ltr'><strong>Hierusalem</strong></span> <span class='ocrx_word' id='word_1_129' title='bbox 892 3216 928 3278; x_wconf 90' lang='lat' dir='ltr'><strong>et</strong></span> <span class='ocrx_word' id='word_1_130' title='bbox 960 3207 993 3276; x_wconf 96' lang='lat' dir='ltr'><strong>in</strong></span> <span class='ocrx_word' id='word_1_131' title='bbox 1028 3208 1121 3278; x_wconf 91' lang='lat' dir='ltr'><strong>omni</strong></span> <span class='ocrx_word' id='word_1_132' title='bbox 1147 3207 1274 3278; x_wconf 89' lang='lat' dir='ltr'><strong>ludaea</strong></span> <span class='ocrx_word' id='word_1_133' title='bbox 1309 3217 1345 3277; x_wconf 92' lang='lat' dir='ltr'><strong>et</strong></span> <span class='ocrx_word' id='word_1_134' title='bbox 1380 3208 1536 3278; x_wconf 86' lang='lat' dir='ltr'><strong>Samaria</strong></span> <span class='ocrx_word' id='word_1_135' title='bbox 1568 3214 1604 3276; x_wconf 92' lang='lat' dir='ltr'><strong>et</strong></span> <span class='ocrx_word' id='word_1_136' title='bbox 1635 3230 1747 3300; x_wconf 91' lang='lat' dir='ltr'><strong>usque</strong></span> <span class='ocrx_word' id='word_1_137' title='bbox 1778 3207 1826 3278; x_wconf 90' lang='lat' dir='ltr'><strong>ad</strong></span> 
     </span>
     <span class='ocr_line' id='line_1_15' title="bbox 343 3318 1827 3410; baseline 0 -16"><span class='ocrx_word' id='word_1_138' title='bbox 343 3325 494 3394; x_wconf 91' lang='lat' dir='ltr'><strong>ultimum</strong></span> <span class='ocrx_word' id='word_1_139' title='bbox 522 3333 645 3394; x_wconf 89' lang='lat' dir='ltr'><strong>terrae.</strong></span> <span class='ocrx_word' id='word_1_140' title='bbox 696 3318 768 3394; x_wconf 74' lang='lat' dir='ltr'><strong>9Ht</strong></span> <span class='ocrx_word' id='word_1_141' title='bbox 795 3347 873 3395; x_wconf 90' lang='lat' dir='ltr'><strong>cum</strong></span> <span class='ocrx_word' id='word_1_142' title='bbox 900 3325 989 3394; x_wconf 88' lang='lat' dir='ltr'><strong>haec</strong></span> <span class='ocrx_word' id='word_1_143' title='bbox 1015 3325 1171 3408; x_wconf 86' lang='lat' dir='ltr'><strong>dixisset,</strong></span> <span class='ocrx_word' id='word_1_144' title='bbox 1200 3325 1395 3396; x_wconf 90' lang='lat' dir='ltr'><strong>videntibus</strong></span> <span class='ocrx_word' id='word_1_145' title='bbox 1421 3325 1485 3395; x_wconf 92' lang='lat' dir='ltr'><strong>illis</strong></span> <span class='ocrx_word' id='word_1_146' title='bbox 1512 3327 1668 3396; x_wconf 88' lang='lat' dir='ltr'><strong>elevatus</strong></span> <span class='ocrx_word' id='word_1_147' title='bbox 1695 3336 1764 3410; x_wconf 88' lang='lat' dir='ltr'><strong>est,</strong></span> <span class='ocrx_word' id='word_1_148' title='bbox 1792 3335 1827 3398; x_wconf 89' lang='lat' dir='ltr'><strong>et</strong></span> 
     </span>
     <span class='ocr_line' id='line_1_16' title="bbox 343 3433 1826 3534; baseline -0.001 -20"><span class='ocrx_word' id='word_1_149' title='bbox 343 3444 455 3514; x_wconf 88' lang='lat' dir='ltr'><strong>nubes</strong></span> <span class='ocrx_word' id='word_1_150' title='bbox 482 3443 636 3534; x_wconf 89' lang='lat' dir='ltr'><strong>suscepit</strong></span> <span class='ocrx_word' id='word_1_151' title='bbox 663 3465 743 3512; x_wconf 92' lang='lat' dir='ltr'><strong>eum</strong></span> <span class='ocrx_word' id='word_1_152' title='bbox 771 3444 816 3514; x_wconf 91' lang='lat' dir='ltr'><strong>ab</strong></span> <span class='ocrx_word' id='word_1_153' title='bbox 845 3443 953 3513; x_wconf 89' lang='lat' dir='ltr'><strong>oculis</strong></span> <span class='ocrx_word' id='word_1_154' title='bbox 980 3464 1111 3514; x_wconf 91' lang='lat' dir='ltr'><strong>eorum.</strong></span> <span class='ocrx_word' id='word_1_155' title='bbox 1162 3433 1189 3478; x_wconf 81' lang='lat'><strong>⁴⁰</strong></span> <span class='ocrx_word' id='word_1_156' title='bbox 1207 3443 1361 3534; x_wconf 88' lang='lat' dir='ltr'><strong>Cumque</strong></span> <span class='ocrx_word' id='word_1_157' title='bbox 1396 3443 1607 3514; x_wconf 85' lang='lat' dir='ltr'><strong>intuerentur</strong></span> <span class='ocrx_word' id='word_1_158' title='bbox 1632 3444 1668 3513; x_wconf 91' lang='lat' dir='ltr'><strong>in</strong></span> <span class='ocrx_word' id='word_1_159' title='bbox 1694 3445 1826 3514; x_wconf 89' lang='lat' dir='ltr'><strong>caelum</strong></span> 
     </span>
     <span class='ocr_line' id='line_1_17' title="bbox 343 3560 1826 3646; baseline 0 -14"><span class='ocrx_word' id='word_1_160' title='bbox 343 3569 481 3632; x_wconf 92' lang='lat' dir='ltr'><strong>euntem</strong></span> <span class='ocrx_word' id='word_1_161' title='bbox 515 3561 625 3644; x_wconf 91' lang='lat' dir='ltr'><strong>iHum,</strong></span> <span class='ocrx_word' id='word_1_162' title='bbox 661 3581 745 3631; x_wconf 88' lang='lat' dir='ltr'><strong>ecee</strong></span> <span class='ocrx_word' id='word_1_163' title='bbox 778 3562 849 3632; x_wconf 95' lang='lat' dir='ltr'><strong>duo</strong></span> <span class='ocrx_word' id='word_1_164' title='bbox 882 3561 945 3632; x_wconf 87' lang='lat' dir='ltr'><strong>viri</strong></span> <span class='ocrx_word' id='word_1_165' title='bbox 980 3561 1183 3632; x_wconf 83' lang='lat' dir='ltr'><strong>adstiterunt</strong></span> <span class='ocrx_word' id='word_1_166' title='bbox 1217 3560 1312 3630; x_wconf 87' lang='lat' dir='ltr'><strong>iuxta</strong></span> <span class='ocrx_word' id='word_1_167' title='bbox 1352 3561 1428 3631; x_wconf 94' lang='lat' dir='ltr'><strong>illos</strong></span> <span class='ocrx_word' id='word_1_168' title='bbox 1463 3562 1497 3630; x_wconf 95' lang='lat' dir='ltr'><strong>in</strong></span> <span class='ocrx_word' id='word_1_169' title='bbox 1530 3561 1686 3634; x_wconf 88' lang='lat' dir='ltr'><strong>vestibus</strong></span> <span class='ocrx_word' id='word_1_170' title='bbox 1722 3563 1826 3646; x_wconf 92' lang='lat' dir='ltr'><strong>albis,</strong></span> 
     </span>
     <span class='ocr_line' id='line_1_18' title="bbox 342 3673 1828 3770; baseline 0.001 -21"><span class='ocrx_word' id='word_1_171' title='bbox 342 3673 364 3714; x_wconf 76' lang='lat'><strong>⁴¹</strong></span> <span class='ocrx_word' id='word_1_172' title='bbox 386 3680 443 3770; x_wconf 94' lang='lat' dir='ltr'><strong>qui</strong></span> <span class='ocrx_word' id='word_1_173' title='bbox 479 3688 513 3748; x_wconf 91' lang='lat' dir='ltr'><strong>et</strong></span> <span class='ocrx_word' id='word_1_174' title='bbox 548 3678 709 3748; x_wconf 87' lang='lat' dir='ltr'><strong>dixerunt</strong></span> <span class='ocrx_word' id='word_1_175' title='bbox 741 3679 810 3748; x_wconf 87' lang='lat' dir='ltr'><strong>Viri</strong></span> <span class='ocrx_word' id='word_1_176' title='bbox 846 3679 1004 3763; x_wconf 90' lang='lat' dir='ltr'><strong>Galilaei,</strong></span> <span class='ocrx_word' id='word_1_177' title='bbox 1038 3679 1120 3770; x_wconf 89' lang='lat' dir='ltr'><strong>quid</strong></span> <span class='ocrx_word' id='word_1_178' title='bbox 1153 3679 1249 3748; x_wconf 90' lang='lat' dir='ltr'><strong>statis</strong></span> <span class='ocrx_word' id='word_1_179' title='bbox 1284 3679 1492 3770; x_wconf 89' lang='lat' dir='ltr'><strong>aspicientes</strong></span> <span class='ocrx_word' id='word_1_180' title='bbox 1524 3679 1559 3748; x_wconf 93' lang='lat' dir='ltr'><strong>in</strong></span> <span class='ocrx_word' id='word_1_181' title='bbox 1585 3681 1745 3751; x_wconf 79' lang='lat' dir='ltr'><strong>caelum?</strong></span> <span class='ocrx_word' id='word_1_182' title='bbox 1773 3681 1828 3750; x_wconf 88' lang='lat' dir='ltr'><strong>hio</strong></span> 
     </span>
     <span class='ocr_line' id='line_1_19' title="bbox 342 3796 1824 3890; baseline 0.001 -23"><span class='ocrx_word' id='word_1_183' title='bbox 342 3799 437 3867; x_wconf 91' lang='lat' dir='ltr'><strong>lesus</strong></span> <span class='ocrx_word' id='word_1_184' title='bbox 464 3798 521 3889; x_wconf 89' lang='lat' dir='ltr'><strong>qui</strong></span> <span class='ocrx_word' id='word_1_185' title='bbox 548 3797 726 3867; x_wconf 84' lang='lat' dir='ltr'><strong>adsumtos</strong></span> <span class='ocrx_word' id='word_1_186' title='bbox 754 3807 808 3868; x_wconf 86' lang='lat' dir='ltr'><strong>est</strong></span> <span class='ocrx_word' id='word_1_187' title='bbox 834 3818 855 3866; x_wconf 91' lang='lat' dir='ltr'><strong>a</strong></span> <span class='ocrx_word' id='word_1_188' title='bbox 880 3796 983 3867; x_wconf 92' lang='lat' dir='ltr'><strong>vobis</strong></span> <span class='ocrx_word' id='word_1_189' title='bbox 1010 3797 1044 3866; x_wconf 94' lang='lat' dir='ltr'><strong>in</strong></span> <span class='ocrx_word' id='word_1_190' title='bbox 1070 3798 1213 3879; x_wconf 89' lang='lat' dir='ltr'><strong>caelum,</strong></span> <span class='ocrx_word' id='word_1_191' title='bbox 1241 3797 1293 3866; x_wconf 91' lang='lat' dir='ltr'><strong>sic</strong></span> <span class='ocrx_word' id='word_1_192' title='bbox 1317 3798 1434 3867; x_wconf 88' lang='lat' dir='ltr'><strong>veniet</strong></span> <span class='ocrx_word' id='word_1_193' title='bbox 1457 3797 1752 3890; x_wconf 86' lang='lat' dir='ltr'><strong>quemadmodum</strong></span> <span class='ocrx_word' id='word_1_194' title='bbox 1772 3798 1824 3868; x_wconf 86' lang='lat' dir='ltr'><strong>vi-</strong></span> 
     </span>
     <span class='ocr_line' id='line_1_20' title="bbox 344 3907 1827 4008; baseline 0 -22"><span class='ocrx_word' id='word_1_195' title='bbox 344 3914 444 3986; x_wconf 89' lang='lat' dir='ltr'><strong>distis</strong></span> <span class='ocrx_word' id='word_1_196' title='bbox 477 3936 556 3984; x_wconf 89' lang='lat' dir='ltr'><strong>eum</strong></span> <span class='ocrx_word' id='word_1_197' title='bbox 591 3924 729 3984; x_wconf 89' lang='lat' dir='ltr'><strong>euntem</strong></span> <span class='ocrx_word' id='word_1_198' title='bbox 763 3916 798 3984; x_wconf 96' lang='lat' dir='ltr'><strong>in</strong></span> <span class='ocrx_word' id='word_1_199' title='bbox 832 3915 975 3985; x_wconf 87' lang='lat' dir='ltr'><strong>caelum.</strong></span> <span class='ocrx_word' id='word_1_200' title='bbox 1035 3907 1061 3952; x_wconf 75' lang='lat'><strong>⁴²</strong></span> <span class='ocrx_word' id='word_1_201' title='bbox 1079 3915 1174 3984; x_wconf 86' lang='lat' dir='ltr'><strong>Tunc</strong></span> <span class='ocrx_word' id='word_1_202' title='bbox 1215 3915 1349 3986; x_wconf 90' lang='lat' dir='ltr'><strong>reversi</strong></span> <span class='ocrx_word' id='word_1_203' title='bbox 1386 3924 1465 3986; x_wconf 89' lang='lat' dir='ltr'><strong>sunt</strong></span> <span class='ocrx_word' id='word_1_204' title='bbox 1497 3915 1773 4008; x_wconf 81' lang='lat' dir='ltr'><strong>Hierosolymam</strong></span> <span class='ocrx_word' id='word_1_205' title='bbox 1807 3936 1827 3986; x_wconf 89' lang='lat' dir='ltr'><strong>a</strong></span> 
     </span>
     <span class='ocr_line' id='line_1_21' title="bbox 344 4032 1827 4124; baseline 0.001 -24"><span class='ocrx_word' id='word_1_206' title='bbox 344 4039 462 4101; x_wconf 90' lang='lat' dir='ltr'><strong>monte</strong></span> <span class='ocrx_word' id='word_1_207' title='bbox 489 4032 547 4122; x_wconf 90' lang='lat' dir='ltr'><strong>qui</strong></span> <span class='ocrx_word' id='word_1_208' title='bbox 572 4042 715 4102; x_wconf 87' lang='lat' dir='ltr'><strong>vocatur</strong></span> <span class='ocrx_word' id='word_1_209' title='bbox 742 4033 867 4116; x_wconf 88' lang='lat' dir='ltr'><strong>oliveti,</strong></span> <span class='ocrx_word' id='word_1_210' title='bbox 895 4033 952 4124; x_wconf 93' lang='lat' dir='ltr'><strong>qui</strong></span> <span class='ocrx_word' id='word_1_211' title='bbox 979 4043 1033 4103; x_wconf 88' lang='lat' dir='ltr'><strong>est</strong></span> <span class='ocrx_word' id='word_1_212' title='bbox 1059 4033 1153 4103; x_wconf 91' lang='lat' dir='ltr'><strong>iuxta</strong></span> <span class='ocrx_word' id='word_1_213' title='bbox 1186 4033 1400 4104; x_wconf 87' lang='lat' dir='ltr'><strong>Hierusalem</strong></span> <span class='ocrx_word' id='word_1_214' title='bbox 1435 4033 1570 4104; x_wconf 90' lang='lat' dir='ltr'><strong>sabbati</strong></span> <span class='ocrx_word' id='word_1_215' title='bbox 1595 4033 1728 4103; x_wconf 89' lang='lat' dir='ltr'><strong>hahens</strong></span> <span class='ocrx_word' id='word_1_216' title='bbox 1754 4034 1827 4103; x_wconf 86' lang='lat' dir='ltr'><strong>iter.</strong></span> 
     </span>
     <span class='ocr_line' id='line_1_22' title="bbox 345 4141 1829 4235; baseline 0.003 -17"><span class='ocrx_word' id='word_1_217' title='bbox 345 4141 370 4186; x_wconf 77' lang='lat'><strong>⁴³</strong></span> <span class='ocrx_word' id='word_1_218' title='bbox 387 4151 429 4219; x_wconf 90' lang='lat' dir='ltr'><strong>Et</strong></span> <span class='ocrx_word' id='word_1_219' title='bbox 455 4171 532 4220; x_wconf 93' lang='lat' dir='ltr'><strong>cum</strong></span> <span class='ocrx_word' id='word_1_220' title='bbox 559 4151 757 4222; x_wconf 88' lang='lat' dir='ltr'><strong>introissent</strong></span> <span class='ocrx_word' id='word_1_221' title='bbox 783 4153 817 4221; x_wconf 96' lang='lat' dir='ltr'><strong>in</strong></span> <span class='ocrx_word' id='word_1_222' title='bbox 844 4151 1054 4235; x_wconf 89' lang='lat' dir='ltr'><strong>cenaculum,</strong></span> <span class='ocrx_word' id='word_1_223' title='bbox 1082 4151 1314 4222; x_wconf 88' lang='lat' dir='ltr'><strong>ascenderunt</strong></span> <span class='ocrx_word' id='word_1_224' title='bbox 1348 4151 1408 4222; x_wconf 91' lang='lat' dir='ltr'><strong>ubi</strong></span> <span class='ocrx_word' id='word_1_225' title='bbox 1434 4151 1620 4224; x_wconf 91' lang='lat' dir='ltr'><strong>manebant</strong></span> <span class='ocrx_word' id='word_1_226' title='bbox 1644 4150 1767 4221; x_wconf 87' lang='lat' dir='ltr'><strong>Petrus</strong></span> <span class='ocrx_word' id='word_1_227' title='bbox 1794 4162 1829 4222; x_wconf 92' lang='lat' dir='ltr'><strong>et</strong></span> 
     </span>
     <span class='ocr_line' id='line_1_23' title="bbox 345 4268 1830 4364; baseline 0.001 -26"><span class='ocrx_word' id='word_1_228' title='bbox 345 4270 532 4353; x_wconf 89' lang='lat' dir='ltr'><strong>lohannes,</strong></span> <span class='ocrx_word' id='word_1_229' title='bbox 566 4269 713 4340; x_wconf 91' lang='lat' dir='ltr'><strong>lacobus</strong></span> <span class='ocrx_word' id='word_1_230' title='bbox 747 4279 782 4340; x_wconf 88' lang='lat' dir='ltr'><strong>et</strong></span> <span class='ocrx_word' id='word_1_231' title='bbox 814 4268 991 4353; x_wconf 83' lang='lat' dir='ltr'><strong>Andreas,</strong></span> <span class='ocrx_word' id='word_1_232' title='bbox 1026 4269 1202 4364; x_wconf 86' lang='lat' dir='ltr'><strong>Philippus</strong></span> <span class='ocrx_word' id='word_1_233' title='bbox 1235 4279 1271 4339; x_wconf 89' lang='lat' dir='ltr'><strong>et</strong></span> <span class='ocrx_word' id='word_1_234' title='bbox 1304 4270 1469 4353; x_wconf 90' lang='lat' dir='ltr'><strong>Thomas,</strong></span> <span class='ocrx_word' id='word_1_235' title='bbox 1505 4269 1769 4340; x_wconf 88' lang='lat' dir='ltr'><strong>Bartholomeus</strong></span> <span class='ocrx_word' id='word_1_236' title='bbox 1795 4279 1830 4343; x_wconf 91' lang='lat' dir='ltr'><strong>et</strong></span> 
     </span>
     <span class='ocr_line' id='line_1_24' title="bbox 345 4378 1911 4472; baseline -0.001 -13"><span class='ocrx_word' id='word_1_237' title='bbox 345 4389 510 4472; x_wconf 88' lang='lat' dir='ltr'><strong>Mathens,</strong></span> <span class='ocrx_word' id='word_1_238' title='bbox 538 4388 684 4458; x_wconf 89' lang='lat' dir='ltr'><strong>lacobus</strong></span> <span class='ocrx_word' id='word_1_239' title='bbox 710 4389 805 4472; x_wconf 73' lang='lat' dir='ltr'><strong>Alter,</strong></span> <span class='ocrx_word' id='word_1_240' title='bbox 835 4389 953 4458; x_wconf 90' lang='lat' dir='ltr'><strong>Simon</strong></span> <span class='ocrx_word' id='word_1_241' title='bbox 978 4388 1115 4458; x_wconf 91' lang='lat' dir='ltr'><strong>Zelotes</strong></span> <span class='ocrx_word' id='word_1_242' title='bbox 1142 4397 1176 4458; x_wconf 91' lang='lat' dir='ltr'><strong>et</strong></span> <span class='ocrx_word' id='word_1_243' title='bbox 1201 4387 1303 4459; x_wconf 90' lang='lat' dir='ltr'><strong>ludas</strong></span> <span class='ocrx_word' id='word_1_244' title='bbox 1329 4389 1459 4458; x_wconf 90' lang='lat' dir='ltr'><strong>lacobi:</strong></span> <span class='ocrx_word' id='word_1_245' title='bbox 1493 4378 1565 4458; x_wconf 74' lang='lat' dir='ltr'><strong>“hi</strong></span> <span class='ocrx_word' id='word_1_246' title='bbox 1592 4409 1715 4459; x_wconf 93' lang='lat' dir='ltr'><strong>omnes</strong></span> <span class='ocrx_word' id='word_1_247' title='bbox 1733 4399 1830 4460; x_wconf 92' lang='lat' dir='ltr'><strong>erant</strong></span> <span class='ocrx_word' id='word_1_248' title='bbox 1906 4387 1911 4392; x_wconf 85' lang='grc'><strong>’</strong></span> 
     </span>
     <span class='ocr_line' id='line_1_25' title="bbox 346 4505 1830 4598; baseline 0 -20"><span class='ocrx_word' id='word_1_249' title='bbox 346 4516 613 4598; x_wconf 86' lang='lat' dir='ltr'><strong>perseverantes</strong></span> <span class='ocrx_word' id='word_1_250' title='bbox 640 4507 843 4578; x_wconf 88' lang='lat' dir='ltr'><strong>unanimiter</strong></span> <span class='ocrx_word' id='word_1_251' title='bbox 868 4507 902 4576; x_wconf 91' lang='lat' dir='ltr'><strong>in</strong></span> <span class='ocrx_word' id='word_1_252' title='bbox 929 4506 1085 4577; x_wconf 91' lang='lat' dir='ltr'><strong>oratione</strong></span> <span class='ocrx_word' id='word_1_253' title='bbox 1112 4527 1190 4576; x_wconf 92' lang='lat' dir='ltr'><strong>cum</strong></span> <span class='ocrx_word' id='word_1_254' title='bbox 1217 4507 1415 4576; x_wconf 88' lang='lat' dir='ltr'><strong>mulieribus</strong></span> <span class='ocrx_word' id='word_1_255' title='bbox 1434 4515 1468 4576; x_wconf 89' lang='lat' dir='ltr'><strong>et</strong></span> <span class='ocrx_word' id='word_1_256' title='bbox 1494 4505 1599 4576; x_wconf 83' lang='lat' dir='ltr'><strong>Maria</strong></span> <span class='ocrx_word' id='word_1_257' title='bbox 1625 4515 1736 4578; x_wconf 89' lang='lat' dir='ltr'><strong>matre</strong></span> <span class='ocrx_word' id='word_1_258' title='bbox 1754 4507 1830 4578; x_wconf 88' lang='lat' dir='ltr'><strong>lesu</strong></span> 
     </span>
    </p>

    <p class='ocr_par' dir='ltr' id='par_1_4' title="bbox 346 4601 1864 4833">
     <span class='ocr_line' id='line_1_26' title="bbox 346 4601 1864 4715; baseline -0.001 -19"><span class='ocrx_word' id='word_1_259' title='bbox 346 4635 380 4696; x_wconf 89' lang='lat' dir='ltr'><strong>et</strong></span> <span class='ocrx_word' id='word_1_260' title='bbox 405 4625 567 4696; x_wconf 86' lang='lat' dir='ltr'><strong>fratribus</strong></span> <span class='ocrx_word' id='word_1_261' title='bbox 595 4625 677 4695; x_wconf 89' lang='lat' dir='ltr'><strong>eius.</strong></span> <span class='ocrx_word' id='word_1_262' title='bbox 732 4617 759 4662; x_wconf 74' lang='lat'><strong>⁴⁵</strong></span> <span class='ocrx_word' id='word_1_263' title='bbox 775 4626 811 4694; x_wconf 93' lang='lat' dir='ltr'><strong>ln</strong></span> <span class='ocrx_word' id='word_1_264' title='bbox 838 4623 964 4694; x_wconf 89' lang='lat' dir='ltr'><strong>diebus</strong></span> <span class='ocrx_word' id='word_1_265' title='bbox 995 4624 1059 4695; x_wconf 91' lang='lat' dir='ltr'><strong>illis</strong></span> <span class='ocrx_word' id='word_1_266' title='bbox 1092 4644 1286 4715; x_wconf 80' lang='lat' dir='ltr'><strong>exsurgens</strong></span> <span class='ocrx_word' id='word_1_267' title='bbox 1321 4623 1443 4694; x_wconf 86' lang='lat' dir='ltr'><strong>Petrus</strong></span> <span class='ocrx_word' id='word_1_268' title='bbox 1473 4624 1507 4692; x_wconf 94' lang='lat' dir='ltr'><strong>in</strong></span> <span class='ocrx_word' id='word_1_269' title='bbox 1540 4625 1657 4696; x_wconf 91' lang='lat' dir='ltr'><strong>medio</strong></span> <span class='ocrx_word' id='word_1_270' title='bbox 1689 4627 1829 4696; x_wconf 85' lang='lat' dir='ltr'><strong>fratrum</strong></span> <span class='ocrx_word' id='word_1_271' title='bbox 1859 4601 1864 4612; x_wconf 34' lang='lat'>⁸</span> 
     </span>
     <span class='ocr_line' id='line_1_27' title="bbox 346 4737 1830 4833; baseline 0 -19"><span class='ocrx_word' id='word_1_272' title='bbox 346 4744 445 4815; x_wconf 82' lang='lat' dir='ltr'><strong>dixit:</strong></span> <span class='ocrx_word' id='word_1_273' title='bbox 473 4753 548 4816; x_wconf 91' lang='lat' dir='ltr'><strong>erat</strong></span> <span class='ocrx_word' id='word_1_274' title='bbox 575 4753 689 4814; x_wconf 90' lang='lat' dir='ltr'><strong>autem</strong></span> <span class='ocrx_word' id='word_1_275' title='bbox 717 4745 816 4816; x_wconf 87' lang='lat' dir='ltr'><strong>turbu</strong></span> <span class='ocrx_word' id='word_1_276' title='bbox 843 4742 1017 4814; x_wconf 92' lang='lat' dir='ltr'><strong>hominum</strong></span> <span class='ocrx_word' id='word_1_277' title='bbox 1044 4743 1142 4813; x_wconf 92' lang='lat' dir='ltr'><strong>simul</strong></span> <span class='ocrx_word' id='word_1_278' title='bbox 1175 4744 1248 4812; x_wconf 89' lang='lat' dir='ltr'><strong>lere</strong></span> <span class='ocrx_word' id='word_1_279' title='bbox 1275 4751 1411 4813; x_wconf 90' lang='lat' dir='ltr'><strong>centum</strong></span> <span class='ocrx_word' id='word_1_280' title='bbox 1437 4742 1572 4833; x_wconf 82' lang='lat' dir='ltr'><strong>viginti:</strong></span> <span class='ocrx_word' id='word_1_281' title='bbox 1624 4737 1650 4780; x_wconf 73' lang='lat'><strong>⁴⁶</strong></span> <span class='ocrx_word' id='word_1_282' title='bbox 1666 4743 1735 4814; x_wconf 85' lang='lat' dir='ltr'><strong>Viri</strong></span> <span class='ocrx_word' id='word_1_283' title='bbox 1761 4745 1830 4814; x_wconf 88' lang='lat' dir='ltr'><strong>lra-</strong></span> 
     </span>
    </p>
   </div>
   <div class='ocr_carea' id='block_1_4' title="bbox 346 4852 1971 4956">
    <p class='ocr_par' dir='ltr' id='par_1_5' title="bbox 346 4852 1971 4956">
     <span class='ocr_line' id='line_1_28' title="bbox 346 4852 1971 4956; baseline -0.001 -25"><span class='ocrx_word' id='word_1_284' title='bbox 346 4873 424 4948; x_wconf 91' lang='lat' dir='ltr'><strong>tres,</strong></span> <span class='ocrx_word' id='word_1_285' title='bbox 454 4873 592 4956; x_wconf 90' lang='lat' dir='ltr'><strong>oportet</strong></span> <span class='ocrx_word' id='word_1_286' title='bbox 625 4863 758 4955; x_wconf 88' lang='lat' dir='ltr'><strong>impleri</strong></span> <span class='ocrx_word' id='word_1_287' title='bbox 789 4863 992 4956; x_wconf 88' lang='lat' dir='ltr'><strong>scripturam</strong></span> <span class='ocrx_word' id='word_1_288' title='bbox 1026 4883 1128 4953; x_wconf 89' lang='lat' dir='ltr'><strong>quam</strong></span> <span class='ocrx_word' id='word_1_289' title='bbox 1163 4861 1337 4953; x_wconf 86' lang='lat' dir='ltr'><strong>praedixit</strong></span> <span class='ocrx_word' id='word_1_290' title='bbox 1369 4861 1506 4954; x_wconf 90' lang='lat' dir='ltr'><strong>spiritus</strong></span> <span class='ocrx_word' id='word_1_291' title='bbox 1533 4871 1672 4932; x_wconf 89' lang='lat' dir='ltr'><strong>sanctus</strong></span> <span class='ocrx_word' id='word_1_292' title='bbox 1700 4883 1764 4955; x_wconf 90' lang='lat' dir='ltr'><strong>per</strong></span> <span class='ocrx_word' id='word_1_293' title='bbox 1791 4883 1831 4931; x_wconf 90' lang='lat' dir='ltr'><strong>os</strong></span> <span class='ocrx_word' id='word_1_294' title='bbox 1964 4852 1971 4862; x_wconf 81' lang='grc'><strong>“</strong></span> 
     </span>
    </p>
   </div>
   <div class='ocr_carea' id='block_1_5' title="bbox 346 4971 1831 5182">
    <p class='ocr_par' dir='ltr' id='par_1_6' title="bbox 346 4971 1831 5182">
     <span class='ocr_line' id='line_1_29' title="bbox 346 4971 1831 5074; baseline 0 -23"><span class='ocrx_word' id='word_1_295' title='bbox 346 4982 458 5053; x_wconf 84' lang='lat' dir='ltr'><strong>David</strong></span> <span class='ocrx_word' id='word_1_296' title='bbox 485 4984 531 5055; x_wconf 90' lang='lat' dir='ltr'><strong>de</strong></span> <span class='ocrx_word' id='word_1_297' title='bbox 557 4981 650 5067; x_wconf 86' lang='lat' dir='ltr'><strong>luda,</strong></span> <span class='ocrx_word' id='word_1_298' title='bbox 680 4981 737 5074; x_wconf 93' lang='lat' dir='ltr'><strong>qui</strong></span> <span class='ocrx_word' id='word_1_299' title='bbox 762 4982 821 5053; x_wconf 85' lang='lat' dir='ltr'><strong>luit</strong></span> <span class='ocrx_word' id='word_1_300' title='bbox 847 4979 921 5052; x_wconf 88' lang='lat' dir='ltr'><strong>dux</strong></span> <span class='ocrx_word' id='word_1_301' title='bbox 948 5001 1069 5050; x_wconf 92' lang='lat' dir='ltr'><strong>eorum</strong></span> <span class='ocrx_word' id='word_1_302' title='bbox 1097 4978 1154 5070; x_wconf 93' lang='lat' dir='ltr'><strong>qui</strong></span> <span class='ocrx_word' id='word_1_303' title='bbox 1181 4981 1508 5073; x_wconf 88' lang='lat' dir='ltr'><strong>conprehenderunt</strong></span> <span class='ocrx_word' id='word_1_304' title='bbox 1536 4981 1663 5062; x_wconf 89' lang='lat' dir='ltr'><strong>lesum,</strong></span> <span class='ocrx_word' id='word_1_305' title='bbox 1708 4971 1734 5012; x_wconf 72' lang='lat'><strong>⁴⁷</strong></span> <span class='ocrx_word' id='word_1_306' title='bbox 1753 4974 1831 5070; x_wconf 77' lang='lat' dir='ltr'><strong>&#39;qtri</strong></span> 
     </span>
     <span class='ocr_line' id='line_1_30' title="bbox 971 5091 1208 5182; baseline -0.013 -14"><span class='ocrx_word' id='word_1_307' title='bbox 971 5101 992 5182; x_wconf 86' lang='lat' dir='ltr'><strong>l,</strong></span> <span class='ocrx_word' id='word_1_308' title='bbox 1026 5101 1036 5167; x_wconf 88' lang='grc'>1</span> <span class='ocrx_word' id='word_1_309' title='bbox 1077 5137 1119 5158; x_wconf 70' lang='grc' dir='ltr'><strong>-ν-</strong></span> <span class='ocrx_word' id='word_1_310' title='bbox 1153 5091 1208 5168; x_wconf 74' lang='grc'><strong>17.</strong></span> 
     </span>
    </p>
   </div>
   <div class='ocr_carea' id='block_1_6' title="bbox 0 0 2144 6130">
    <p class='ocr_par' dir='ltr' id='par_1_7' title="bbox 0 0 2144 6130">
     <span class='ocr_line' id='line_1_31' title="bbox 0 0 2144 6130; baseline 0 0"><span class='ocrx_word' id='word_1_311' title='bbox 0 0 2144 6130; x_wconf 95' lang='lat' dir='ltr'><strong> </strong></span> 
     </span>
    </p>
   </div>
  </div>
 </body>
</html>
