4220 6124
741 399 920 476 nissum
946 411 998 476 nn
1026 413 1272 476 conomrsss
1666 397 1745 476 'aaa
1821 489 1824 500 Ι

271 525 439 532 -—-.-.
780 521 784 526 .
792 521 801 526 -
809 517 1153 527 —ffl--ffl

269 623 402 716 cipatu's
429 633 464 692 et
490 615 690 714 'potestatis
716 619 869 692 traduxit
895 615 1118 700 confidenter,
1146 617 1259 709 palum
1286 613 1496 709 triumphans
1522 615 1601 685 illos
1625 615 1660 684 in
1685 635 1745 684 se·-

271 742 451 832 metipso.
503 731 576 788 Μ)
592 741 703 812 Nemo
731 759 816 831 ergo
843 759 910 813 uos
936 737 1066 812 indicet
1090 737 1124 806 in
1151 735 1231 808 cibo
1257 746 1315 808 aut
1339 737 1373 806 in
1398 746 1484 830 poto
1512 745 1570 806 aut
1595 736 1744 828 inparte

271 862 339 935 clici
364 862 443 933 festi
469 870 527 932 aut
551 860 723 932 nomimae
750 870 808 932 aul
834 859 1076 940 sabbatorum,
1121 849 1146 892 “¹
1164 879 1253 951 quae
1279 870 1357 932 sunt
1392 857 1517 927 umbra
1546 857 1744 940 hrturorum

271 1004 399 1076 eorpus
433 990 548 1053 autem
581 980 710 1052 Christi.
762 971 788 1016 ¹⁸
801 969 849 1028 ‘¹⁰’
863 980 975 1050 Nemo
1009 1000 1077 1049 vos
1110 978 1254 1052 seducat
1284 979 1407 1050 volens
1438 977 1473 1046 in
1505 971 1746 1051 'humdiatem

271 1111 306 1174 el
332 1098 536 1194 'religiones
562 1102 774 1194 angelorum,
802 1121 892 1192 quae
918 1121 989 1170 uon
1014 1097 1100 1170 vidit
1126 1100 1312 1184 ambulans,
1339 1099 1463 1170 frustra
1487 1097 1624 1170 inflatus
1641 1118 1747 1168 sensu

272 1223 506 1306 omnisonae,
551 1213 577 1258 ⁴⁹
594 1231 629 1292 et
661 1241 733 1293 non
766 1229 889 1292 tenens
924 1228 1042 1312 caput,
1077 1239 1124 1289 en
1159 1242 1226 1313 quo
1256 1228 1363 1290 tolum
1390 1240 1522 1312 corpus
1545 1239 1610 1311 per
1634 1237 1747 1287 nexus

272 1354 307 1414 et
340 1342 597 1414 coniunctiones
630 1340 923 1414 subministratum
957 1349 992 1410 et
1026 1349 1256 1411 constructum
1289 1338 1415 1409 crescit
1455 1339 1490 1408 in
1527 1347 1746 1430 augmentum

272 1463 339 1534 dei.
390 1453 468 1534 sos,-
502 1461 627 1532 morari
661 1460 745 1531 estis
779 1481 856 1531 curm
890 1459 1027 1532 Christo
1058 1461 1102 1530 ab
1136 1459 1311 1534 clementis
1350 1458 1481 1542 muudi,
1518 1457 1601 1550 quid
1633 1457 1748 1529 adhuc

272 1593 445 1676 tamquam
471 1579 627 1652 viventes
652 1579 686 1649 in
711 1579 840 1652 mundo
869 1579 1063 1665 decernitis,
1106 1573 1203 1652 2¹lle
1225 1579 1381 1672 tetigeris
1405 1599 1519 1670 neque
1554 1575 1749 1670 gustaveris

272 1725 385 1796 neque
412 1699 694 1784 contrectaveris,
738 1691 766 1738 ⁹²
783 1721 874 1792 quae
907 1709 986 1772 sunt
1021 1701 1136 1772 omnia
1167 1701 1201 1771 in
1227 1699 1363 1771 interitu
1393 1699 1471 1792 ipso
1498 1719 1571 1783 usu,
1598 1693 1747 1780 'secum

273 1823 355 1894 dum
381 1828 567 1916 praecepta
603 1829 638 1891 et
670 1818 844 1891 doctrinas
880 1819 1082 1890 bominum?
1130 1815 1157 1862 ’Β
1174 1842 1265 1914 quae
1296 1829 1375 1891 suunt
1406 1819 1573 1902 rationem
1605 1817 1746 1911 quidem

272 1942 433 2013 habentia
460 1941 649 2035 sapientiae
676 1940 709 2010 in
737 1939 981 2033 superstitione
1008 1949 1043 2011 et
1069 1939 1270 2024 humilitate,
1299 1948 1334 2010 et
1360 1938 1405 2010 ad
1438 1961 1507 2009 non
1533 1938 1743 2032 parcendum
1843 2015 1848 2032 ,
1976 1927 1979 1934 ’

273 2061 421 2154 corpori,
448 2084 518 2134 non
545 2062 577 2132 ih
604 2061 737 2131 honore
765 2059 878 2152 aliquo
905 2059 951 2131 ad
979 2060 1191 2134 saturitatem
1218 2060 1338 2130 carnis.

983 2268 1032 2342 lll.

348 2412 416 2472 ’Μ
434 2421 536 2514 Igitur
562 2422 594 2492 si
618 2419 922 2492 conresurrexistis
949 2419 1090 2506 Christe,
1119 2443 1209 2514 quae
1236 2443 1374 2492 swsum
1399 2429 1477 2492 sunt
1493 2422 1660 2515 quaerite,
1687 2423 1745 2494 ubi

273 2541 425 2614 Christus
452 2550 507 2612 cst
532 2542 565 2611 in
591 2541 739 2613 dextera
764 2541 822 2614 dei
847 2542 991 2612 sedens:
1035 2535 1304 2634 'praecursum
1325 2542 1540 2634 suntsupits,
1567 2561 1639 2614 non
1656 2565 1745 2636 quae

272 2671 538 2757 superterram
589 2653 742 2732 ³Mortui
776 2663 867 2732 enim
901 2664 1000 2747 esde,
1029 2670 1064 2731 et
1096 2661 1166 2732 vita
1193 2671 1312 2734 vestra
1343 2661 1547 2736 abscondita
1579 2673 1744 2734 osteum

273 2783 404 2855 Christo
432 2783 472 2852 in*
492 2783 576 2854 deo:
620 2772 732 2854 lcum
757 2781 909 2854 Christus
936 2779 1145 2877 apparuerit,
1172 2781 1241 2853 rita
1267 2791 1394 2868 vestra
1423 2793 1502 2853 tunc
1527 2793 1562 2853 et
1588 2805 1653 2854 vos
1680 2805 1743 2876 ap-

272 2902 435 2995 parebitis
461 2925 539 2972 cum
564 2903 643 2994 ipso
669 2901 704 2977 iu
729 2901 848 2993 gloria
900 2893 1188 2980 “mucescere
1214 2895 1393 2979 *membre
1418 2911 1533 2974 vestra
1560 2913 1744 2996 quaesunt

272 3033 536 3114 superterram,
563 3019 832 3104 fornicationem
859 3021 1101 3104 inmunditiam,
1126 3019 1311 3107 libidinem,
1338 3023 1650 3115 concupiscentiam
1667 3045 1741 3098 ma·

272 3143 340 3211 lam
367 3149 402 3211 et
428 3141 620 3224 armitiarn,
659 3161 749 3232 quae
775 3147 829 3210 est
853 3141 1138 3212 simulachrorum
1164 3141 1326 3227 servitus,
1369 3135 1539 3236 epropter
1565 3165 1654 3234 quae
1681 3163 1742 3239 vess¹

272 3261 320 3330 nit
345 3261 396 3330 ira
420 3259 480 3332 dei
504 3281 609 3351 super
634 3257 726 3330 lilios
748 3257 1005 3331 incredulitatis:
1048 3251 1112 3329 ,in
1138 3259 1264 3351 quibus
1289 3273 1324 3332 ot
1355 3281 1421 3334 uos
1455 3261 1656 3336 ambulastis
1681 3263 1725 3334 ali

273 3379 424 3472 quando,
452 3401 531 3449 oum
556 3379 709 3450 viveritis
731 3377 766 3448 in
791 3377 864 3450 illis.
916 3370 991 3425 Μ’)
1008 3379 1105 3450 Nunc
1132 3387 1249 3451 autern
1273 3381 1438 3476 deponite
1463 3391 1498 3454 et
1523 3403 1593 3454 vos
1616 3383 1740 3466 omnin,

271 3500 358 3571 iram
396 3499 662 3591 indignationem
700 3497 862 3570 malitiam
895 3499 1145 3593 blasphemiam
1188 3509 1325 3595 turpem
1364 3523 1562 3574 emmonem
1601 3501 1647 3574 de
1680 3525 1743 3574 ore

271 3629 406 3705 restro,
450 3611 587 3692 9nolite
610 3621 745 3692 mentiri
770 3621 925 3706 munem,
951 3622 1166 3716 expoliantes
1191 3643 1257 3694 ros
1283 3632 1439 3694 veterem
1462 3623 1637 3694 hominem
1664 3645 1741 3695 cum

273 3742 403 3816 actibus
430 3741 520 3825 eius,
572 3731 599 3777 ⁴⁰
615 3751 650 3812 et
680 3741 862 3816 induentes
884 3763 1031 3828 novlrm,
1069 3763 1149 3814 eum
1182 3745 1242 3837 qui
1265 3753 1449 3817 renovatur
1474 3743 1510 3814 in
1534 3741 1741 3836 agnitionem

272 3863 462 3936 secundum
495 3862 679 3955 imaginem
718 3864 791 3936 eins
825 3865 883 3957 qui
915 3861 1044 3935 crearit
1075 3883 1171 3948 eum,
1227 3856 1249 3900 ⁴¹
1269 3865 1329 3936 ubi
1358 3885 1429 3936 non
1460 3873 1514 3938 est
1544 3863 1676 3957 genldis
1708 3873 1742 3935 et

270 3985 432 4071 iudaeus,
462 3983 673 4056 circumcisio
700 3995 735 4057 et
759 3984 983 4080 praepucium,
1010 3983 1179 4056 barbarus
1205 3995 1241 4058 et
1265 3985 1408 4080 Scytha,
1435 4006 1558 4056 servus
1585 3995 1621 4056 et
1644 3985 1740 4070 lber,

271 4105 336 4177 sed
362 4105 477 4177 omnia
504 4097 558 4175 'el
582 4105 618 4174 in
642 4105 801 4178 omnibus
827 4105 987 4204 Clniptus.
1040 4095 1128 4154 Μ)
1143 4104 1274 4178 ludmte
1305 4128 1371 4179 vos
1403 4127 1490 4198 ergo
1522 4105 1609 4180 sicut
1641 4105 1740 4178 electi

206 4323 208 4334 y
271 4225 328 4295 dei
355 4225 462 4296 sancti
488 4233 523 4296 et
539 4225 655 4296 ddecti
678 4229 815 4298 viscera
829 4225 1097 4311 misericordiae,
1123 4226 1377 4320 benignitatem,
1403 4225 1633 4309 humilitatem
1659 4245 1738 4294 mc·
1773 4293 1779 4302 .

271 4342 428 4428 destiam,
455 4345 667 4436 patiendam,
707 4339 991 4440 ⁴³subp0rlantes
1015 4348 1162 4418 invicem
1194 4357 1229 4418 et
1253 4347 1422 4420 demutas
1447 4345 1549 4419 vobis
1580 4344 1682 4438 ipsis,
1709 4344 1739 4414 si

271 4464 347 4556 quis
373 4463 543 4536 adversus
569 4466 716 4558 aliquem
749 4465 854 4537 hahet
888 4469 1111 4559 quaerebam,
1146 4468 1232 4540 sicut
1265 4461 1442 4542 'domium
1473 4465 1615 4539 donant
1638 4463 1740 4535 uobis
1770 4443 1776 4452 ⁴

271 4585 317 4655 ita
344 4594 380 4654 et
404 4605 484 4656 vos:
528 4571 554 4619 ⁴⁴
567 4573 616 4632 ω)
634 4607 738 4680 super
765 4585 880 4658 omnia
906 4596 1020 4659 autem
1045 4588 1133 4660 haec
1159 4588 1343 4674 caritatem,
1371 4587 1468 4680 qued
1491 4597 1545 4658 est
1564 4585 1738 4656 vinculum
1824 4591 1836 4630 κ·

271 4705 499 4798 perfectionis.
552 4696 637 4776 “llll
670 4727 742 4800 pax
777 4705 897 4778 Christi
928 4709 1058 4780 exultet
1091 4707 1126 4778 in
1157 4707 1319 4780 cordibus
1351 4709 1491 4792 vestris,
1531 4707 1566 4776 in
1597 4727 1668 4799 apro
1702 4713 1739 4775 et

270 4827 384 4897 vocati
411 4826 495 4898 estis
518 4824 553 4894 in
577 4846 650 4897 uno
675 4847 840 4922 corpore,
874 4835 910 4898 et
940 4827 1027 4919 grati
1061 4836 1181 4899 estote
1234 4819 1261 4872 ¹⁸
1277 4829 1427 4901 Verbum
1459 4827 1582 4900 Christi
1608 4819 1739 4925 habitet

176 4955 182 4966 '
271 4947 305 5016 in
329 4945 431 5017 vobis
459 4943 681 5034 abundanter,
709 4947 743 5018 in
770 4947 862 5020 omni
888 4945 1055 5041 sapientia
1081 4947 1247 5020 docentes
1271 4959 1307 5020 et
1323 4953 1584 5021 commonentes
1601 4955 1738 5020 vosmet

269 5065 380 5161 ipsos,
408 5065 550 5160 psalmis
576 5067 711 5163 hymnis
738 5068 876 5140 canes
903 5067 1117 5162 spiritalibus,
1144 5069 1180 5140 in
1203 5071 1314 5162 gratia
1347 5079 1522 5142 canantes
1554 5070 1590 5139 in
1620 5066 1733 5139 cord»

269 5189 337 5260 bus
367 5189 491 5264 vestris
527 5188 605 5260 deo.
658 5181 684 5226 ⁴⁷
697 5189 809 5261 Omne
842 5187 1084 5284 quodcumque
1117 5190 1226 5264 tacitis
1259 5192 1293 5262 in
1326 5193 1438 5265 verbo
1469 5201 1527 5264 aut
1557 5189 1593 5261 in
1618 5209 1734 5284 opere,

831 5311 865 5395 h,
896 5312 949 5381 16'
968 5311 1018 5371 ἐν
1044 5312 1092 5398 lll,
1121 5306 1177 5385 ll.

1348 5431 1388 5504 ll
1410 5435 1466 5538 s
