4102 6128
679 395 711 416 ’“
790 405 1075 484 inonaoonnrvn
1534 408 1536 416 ’
1630 454 1686 502 ¹¹,

196 627 413 722 apocalypsi,
440 645 537 720 quae,
565 623 628 694 etsi
653 624 767 696 nullus
794 625 901 716 index
926 625 1140 718 praemissus
1170 634 1234 710 est,
1262 627 1392 721 pariter
1418 643 1522 726 atque
1548 636 1582 707 in
1607 638 1686 710 Ful-

197 748 299 821 densi
326 747 447 819 codice
473 743 615 836 aliisque
641 741 675 812 in
703 744 852 848 capitula
877 744 993 836 viginti
1020 745 1175 836 quinque
1203 746 1419 820 describitur.

292 869 476 939 Praeterea
508 884 572 957 per
605 863 773 956 epistulas
805 863 962 935 Paulines
995 863 1028 933 in
1060 864 1223 955 margine
1258 868 1463 964 plerumque
1498 876 1690 952 indicentur

197 989 273 1060 libri
305 987 437 1058 Veteris
467 983 676 1057 Testamenti
710 1005 860 1081 ⁸qnomm
895 983 1094 1056 auctoritate
1130 988 1329 1076 apostolus
1347 992 1460 1064 utitur.
1522 997 1572 1068 lte
1602 998 1688 1075 fita

199 1109 275 1180 Cor.
306 1110 339 1192 6,
371 1108 425 1178 ld.
451 1103 509 1176 uhi
540 1127 571 1174 rs
604 1125 699 1174 asan
732 1103 943 1198 adscriptum
976 1113 1043 1188 est,
1087 1103 1186 1195 quod
1218 1128 1328 1198 quum
1362 1114 1576 1189 rarissimum
1607 1141 1690 1193 esse

198 1225 341 1300 dicebat
366 1224 519 1297 Fleckius
545 1223 698 1339 gre-viter
724 1225 830 1294 falsus
857 1236 923 1310 est3
950 1224 1032 1296 item
1058 1223 1130 1292 Gal.
1161 1225 1194 1307 3,
1225 1227 1290 1298 20.
1317 1229 1377 1302 ubi
1402 1234 1437 1304 in
1454 1239 1608 1331 margine
1627 1244 1692 1315 ed-

200 1347 291 1418 ditur
317 1369 349 1416 rn
376 1367 514 1416 nanneno
541 1366 637 1412 anor.
693 1345 792 1430 Quae
820 1343 958 1436 quidem
992 1341 1205 1426 notationes,
1245 1365 1270 1414 a
1304 1349 1469 1426 Bendinio
1497 1360 1693 1454 antiquissi-

200 1489 278 1539 mee
305 1466 420 1538 manui
447 1464 600 1548 tributae,
629 1486 648 1535 e
678 1475 877 1536 correctore
903 1463 966 1534 nisi
992 1464 1088 1534 lellor
1116 1482 1245 1534 omnes
1273 1456 1451 1560 protectae
1477 1488 1563 1548 sunt.

902 1739 982 1809 xlll.

292 1949 363 2018 lem
391 1946 512 2018 Ferd.
547 1946 660 2016 Flor.
693 1945 910 2016 Fleckium
944 1951 1023 2014 ante
1057 1943 1264 2017 decennium
1299 1957 1334 2018 et
1360 1949 1455 2040 quod
1481 1951 1622 2024 excedit
1647 1953 1682 2024 in

200 2066 411 2142 excutiendo
447 2066 567 2138 codice
598 2063 771 2136 Amietino
806 2084 948 2155 operam
983 2065 1183 2151 collocasse,
1219 2087 1325 2162 supra
1359 2068 1583 2160 significatum
1617 2085 1680 2144 est.

200 2187 387 2281 Postquam
414 2208 503 2258 anno
538 2178 647 2258 l837.
683 2185 717 2254 in
742 2182 931 2254 Aneodotis
957 2183 1028 2254 suis
1059 2185 1246 2258 maximam
1272 2197 1406 2282 perlem
1433 2189 1540 2262 sacris
1566 2193 1600 2262 in
1620 2194 1681 2268 ¹iti—

202 2307 342 2378 neribus
369 2307 489 2378 itelieis
524 2315 559 2376 et
584 2304 716 2398 gallicis
743 2302 895 2374 collectis
922 2315 1123 2406 argumenta
1150 2307 1314 2378 librorum
1347 2309 1436 2380 Novi
1470 2311 1681 2384 Testamenti

200 2426 396 2520 publicavit,
430 2424 554 2496 additis
584 2423 787 2496 variantium
827 2423 1011 2494 lectionum
1044 2425 1295 2518 speciminibus,
1330 2449 1409 2521 pag.
1446 2430 1679 2518 los-rsa,
1762 2419 1767 2430 ’

202 2548 308 2619 tribus
334 2547 433 2620 annis
459 2555 539 2639 post
571 2543 742 2616 versionis
777 2544 865 2616 Novi
892 2545 1102 2616 Testamenti
1135 2547 1294 2640 vulgetee
1328 2547 1511 2619 editionem
1545 2553 1681 2642 paravit

202 2688 278 2736 cum
303 2665 514 2736 variantibus
540 2665 574 2734 in
601 2664 755 2757 margine
780 2663 985 2736 lectionibus
1012 2665 1141 2738 codicis
1167 2665 1340 2752 Amiatini,
1367 2669 1559 2761 praemissa
1579 2692 1680 2746 com-

201 2787 411 2858 mentatione
419 2779 441 2878 ⁴)
468 2786 513 2858 de
539 2782 668 2856 eodem
694 2783 825 2858 codice.

296 2907 372 2991 Qua
403 2925 442 2976 re
481 2904 577 2998 quod
617 2905 699 2975 tenti
741 2903 893 2976 thesauri
932 2904 1022 2974 sacri
1053 2907 1255 2977 memoriam
1295 2906 1383 2976 inter
1419 2906 1515 2979 viros
1554 2909 1684 2986 doctos

203 3027 354 3097 maxime
388 3025 593 3097 Germaniae
619 3025 833 3110 instauravit,
869 3021 906 3094 id
936 3046 1043 3116 grave
1070 3033 1125 3096 est
1155 3025 1326 3118 laudeque
1360 3025 1518 3120 dignum:
1549 3031 1684 3107 Bendi-

204 3145 247 3216 nii
274 3147 363 3216 enim
397 3146 474 3217 libri
506 3144 564 3238 qui
599 3144 668 3217 huc
700 3144 814 3216 valent
847 3141 940 3236 apud
973 3167 1038 3216 nos
1073 3144 1235 3216 rarissimi
1267 3156 1353 3218 sunt.
1405 3147 1442 3216 ln
1475 3145 1684 3222 lectionibus

203 3288 288 3337 vero
314 3265 446 3338 codicis
472 3263 711 3337 exscribendis
737 3273 807 3336 tam
833 3263 1009 3334 inleliciter
1034 3265 1088 3336 ille
1105 3273 1262 3336 versatus
1281 3275 1335 3338 est
1360 3276 1397 3337 nt
1414 3268 1550 3359 quoties
1568 3291 1681 3359 quan-

204 3396 307 3478 toque
334 3407 444 3480 opere
471 3385 637 3458 erraverit
660 3385 720 3456 vix
746 3385 789 3455 sit
814 3382 986 3455 credibile.
1030 3383 1166 3454 hiemini
1192 3383 1282 3456 enim
1309 3387 1343 3456 in
1369 3387 1527 3478 Tregellii
1555 3409 1680 3459 exem-

204 3508 287 3600 plari
314 3505 367 3602 (cl.
395 3505 509 3600 supra)
536 3505 829 3576 enumerationem
855 3523 1011 3574 errorum
1029 3501 1151 3574 Fleclrii
1177 3524 1233 3572 me
1250 3503 1387 3593 videre,
1407 3527 1555 3599 quorum
1583 3529 1678 3580 snm-

205 3647 261 3696 ma
286 3647 466 3698 numerum
492 3624 713 3696 millenarium
739 3625 841 3717 longe
868 3621 1066 3694 excedebat
1076 3615 1108 3717 ¹)
1161 3621 1273 3707 Quem
1300 3625 1462 3720 equidem
1496 3648 1677 3700 numerum

204 3767 267 3839 pro
302 3769 346 3818 ea
380 3767 470 3839 quae
501 3746 589 3816 inter
622 3744 778 3836 Tregellii
815 3753 917 3836 etque
949 3763 1064 3814 meam
1103 3742 1320 3816 collationem
1353 3757 1408 3820 est
1444 3746 1578 3818 ratione
1609 3770 1679 3820 non
1748 3831 1756 3850 ,

206 3867 312 3939 modo
337 3888 409 3937 non
434 3866 587 3937 minuere
614 3864 807 3937 sedetiam
839 3883 969 3957 augere
1001 3863 1150 3935 debebo.
1204 3864 1302 3948 Quae
1335 3865 1520 3952 vitiositas,
1555 3891 1677 3961 qnam-

205 3986 258 4057 vis
281 3987 342 4058 vix
367 3987 443 4057 ulla.
459 3987 585 4079 pagina
616 3985 774 4056 immunis
806 3985 857 4070 sit,
891 3984 1021 4077 passim
1055 3983 1165 4056 maior
1189 3983 1320 4076 passim
1353 3986 1465 4058 minor
1490 3997 1553 4058 cst.
1606 3989 1705 4091 Hoc¹

207 4105 287 4177 inde
312 4107 439 4178 lectum
464 4105 601 4177 videtur
627 4104 721 4198 qnod
748 4114 818 4177 tres
844 4105 879 4175 in
905 4104 1129 4197 excerpendo
1157 4103 1281 4174 codice
1306 4126 1376 4177 non
1402 4107 1526 4180 eedem
1553 4109 1598 4178 illi
1624 4109 1678 4180 di-

204 4225 344 4318 ligentia
376 4226 433 4297 vel
464 4225 579 4318 potius
612 4225 819 4318 indiligentia
850 4224 1109 4296 laboraverunt:
1139 4223 1277 4296 videtur
1310 4249 1397 4300 vero
1422 4228 1498 4322 ipse
1524 4227 1679 4298 Fleckius

207 4345 241 4416 in
266 4345 505 4418 describendis
537 4345 577 4417 iis
610 4366 699 4438 quae
732 4367 752 4416 e
784 4344 922 4416 duobus
953 4344 1070 4414 amicis
1104 4343 1228 4416 tradita
1259 4345 1411 4419 habebat
1442 4369 1550 4442 saepe
1574 4348 1679 4418 lalsns
1724 4425 1726 4429 ,

207 4487 298 4537 esse.
351 4468 435 4537 Sunt
461 4477 574 4537 autem
599 4465 725 4537 erroris
750 4465 837 4538 varii
863 4487 904 4536 ao
929 4466 1001 4536 fere
1028 4485 1149 4536 omnes
1175 4465 1233 4556 qui
1259 4468 1403 4560 cog'tari
1420 4475 1567 4562 possunt
1584 4466 1677 4538 modi

207 4587 242 4656 in
257 4587 354 4674 ‚libro
387 4581 549 4679 Flectit).
603 4587 645 4658 Ut
681 4586 771 4664 enim
804 4587 1002 4658 innumeros
1034 4585 1131 4656 locos
1166 4585 1289 4677 quibus
1317 4610 1337 4658 e
1363 4589 1503 4681 vulgata
1529 4587 1678 4662 editione

293 4805 320 4880 l)
342 4804 386 4864 lla
407 4809 620 4869 commentatio
641 4807 826 4886 plerumque
847 4803 887 4867 ed
908 4804 1038 4867 verbnm
1062 4823 1101 4866 ex
1121 4804 1268 4866 Bandinio
1289 4806 1386 4868 lluxil.

291 4907 320 4983 9)
341 4906 385 4968 lle
407 4908 439 4968 in
461 4908 610 4970 Malthaeo
632 4908 808 4970 numeravit
831 4908 900 4986 439,
922 4909 953 4968 in
974 4909 1071 4969 blarco
1093 4907 1142 4986 89,
1165 4907 1197 4968 in
1220 4911 1300 4969 Luca
1324 4910 1393 4984 493,
1421 4910 1452 4970 in
1474 4907 1607 4970 lobenne
1628 4907 1679 4984 77,

207 5011 238 5070 in
260 5009 335 5072 actis
359 5009 438 5086 499,
466 5010 497 5070 in
525 5009 654 5090 epistula
681 5007 721 5070 ad
750 5011 901 5072 Ilomenos
925 5009 980 5087 76,
1007 5010 1039 5070 in
1062 5009 1089 5068 4.
1116 5008 1158 5070 ad
1180 5009 1349 5072 Corinthios
1372 5012 1422 5088 96,
1443 5011 1475 5071 in
1498 5009 1686 5096 apocalypsi¹

207 5111 277 5188 llll,
299 5112 331 5172 in
354 5111 494 5191 epistulis
514 5111 670 5175 catholicis
693 5111 744 5172 55.

292 5215 320 5290 3)
340 5214 502 5275 Praeterea
530 5211 700 5276 videndum
729 5223 777 5276 cst
808 5233 848 5276 ne
878 5217 946 5296 quis
977 5213 1231 5294 frequentissimis
1258 5217 1415 5278 erroribus
1442 5213 1679 5299 typographicis,

206 5335 284 5398 ques
305 5315 445 5378 Fleclrius
466 5317 647 5400 plerumque
669 5317 789 5379 Essiam
810 5325 936 5380 secutus
958 5317 1076 5399 inipso
1098 5316 1220 5397 vulgato
1242 5326 1329 5381 textu
1352 5316 1458 5399 edidit,
1481 5315 1521 5380 ad
1541 5315 1677 5379 codicem
