4254 6130
591 143 596 148 ⁵
725 196 832 258 uuna
857 194 1008 259 nuruuu
1033 195 1310 258 nrosrououuu
1475 151 1480 166 ’
1603 179 1607 195 ’
1686 183 1760 260 ⁴97

280 400 542 506 possessionem
569 405 604 468 et
630 398 751 492 semini
777 399 851 472 eius
875 409 957 494 post
982 399 1103 494 ipsum,
1130 421 1209 470 curn
1235 421 1304 471 non
1330 397 1475 469 haberet
1500 393 1613 468 filium.
1657 388 1759 468 ⁶Lo-

280 532 377 594 cutus
413 530 468 592 est
500 527 617 590 autem
650 519 736 590 deus
769 519 848 612 quie
883 521 947 592 erit
979 541 1100 593 semen
1134 520 1208 592 eius
1244 519 1363 590 accola
1396 519 1430 588 in
1457 531 1549 588 terra
1576 517 1695 603 aliena,
1724 525 1760 587 et

279 642 433 715 servituti
459 661 522 712 eos
549 640 731 726 subicient,
759 650 794 712 et
819 641 909 713 male
935 642 1129 714 tractabunt
1161 662 1225 712 cos
1251 639 1346 711 annis
1377 637 1649 732 quadringentis:
1692 630 1761 708 qet

279 771 418 854 gentem
446 761 499 832 oui
525 761 704 833 servierint
731 781 798 852 ego
825 761 998 848 indicetne,
1026 761 1113 834 dixit
1139 759 1307 844 dominus,
1335 767 1475 852 etpost
1501 758 1588 830 haec
1614 759 1760 830 exibunt

279 891 315 952 et
339 881 537 954 deservient
563 882 644 952 mihi
670 882 703 952 in
730 881 808 952 loeo
835 882 911 954 isto.
963 873 1035 954 8Εἰ
1061 881 1158 954 dedit
1183 881 1227 951 illi
1253 887 1495 951 testamentum
1523 879 1757 954 circumcisio-

279 1003 347 1072 nis:
375 1011 411 1072 et
444 1004 492 1072 sic
526 1003 641 1094 gemuit
672 1003 770 1073 lsaao
804 1012 840 1073 et
874 1001 1085 1074 circumcidit
1111 1024 1189 1074 eum
1216 1000 1273 1072 die
1300 1009 1433 1084 octava,
1459 1009 1495 1070 et
1519 999 1615 1072 lsaac
1640 999 1757 1080 lacob,
1857 1092 1864 1100 .

279 1131 313 1192 ct
338 1122 440 1192 lacob
467 1120 652 1194 duodecim
679 1121 900 1215 patriarchas.
952 1114 1019 1194 9Ει
1044 1120 1261 1216 patriarchae
1288 1121 1500 1192 aemulantes
1526 1119 1652 1213 loseph
1668 1141 1757 1190 ven-

278 1241 437 1312 diderunt
462 1242 495 1312 in
511 1241 728 1338 Aegyptum:
755 1252 790 1314 et
816 1251 892 1314 erat
917 1243 1004 1315 deus
1031 1265 1108 1314 cum
1136 1265 1180 1314 eo
1215 1232 1290 1314 ¹⁰et
1315 1240 1438 1334 cripuit
1464 1261 1543 1312 eum
1570 1263 1617 1312 ex
1643 1239 1756 1312 omni-

276 1360 341 1430 bus
367 1360 638 1435 tribulationibus
667 1361 754 1446 eius,
782 1373 818 1433 et
842 1362 939 1435 dedit
971 1363 1003 1434 ei
1038 1363 1184 1456 gratiam
1217 1371 1253 1433 et
1280 1351 1481 1454 sapientiam
1508 1361 1541 1432 in
1567 1367 1756 1455 conspectu

276 1479 462 1552 Pharaonis
488 1483 579 1574 regis
604 1481 878 1576 Aegyptiomm,
911 1492 946 1554 et
977 1483 1147 1554 constituit
1180 1503 1259 1553 eum
1291 1481 1525 1576 praepositum
1553 1503 1657 1576 super
1682 1479 1756 1552 Ae-

157 1695 163 1705 ,
275 1609 416 1694 gyptum
444 1611 478 1672 et
503 1623 606 1696 super
632 1623 779 1674 omnem
807 1604 948 1675 domum
975 1625 1082 1674 suam.
1116 1595 1138 1640 Η
1155 1601 1252 1674 Venit
1279 1611 1394 1673 autem
1420 1604 1529 1674 sames
1555 1601 1589 1674 in
1615 1601 1755 1672 univer-

277 1743 350 1793 sam
376 1720 567 1814 Aegyptum
595 1733 630 1794 et
658 1723 826 1796 Cbanaan
854 1733 889 1796 et
914 1723 1083 1795 tribulatio
1110 1744 1257 1815 magna,
1274 1731 1309 1793 et
1334 1744 1403 1793 non
1422 1722 1640 1794 inveniebant
1657 1721 1755 1792 cibos

277 1851 393 1936 patres
418 1842 531 1913 nostri.
582 1836 607 1880 ⁴²
626 1845 712 1914 Cum
742 1845 899 1916 audisset
924 1853 1039 1915 autem
1064 1843 1168 1914 lacob
1195 1863 1276 1914 esse
1304 1843 1506 1914 trumentum
1529 1843 1562 1912 in
1580 1829 1752 1935 Aegypte,

278 1962 368 2032 misit
399 1973 514 2057 patres
545 1973 686 2034 nostros
720 1965 888 2056 primum,
940 1955 965 2000 ⁴³
982 1973 1017 2034 et
1048 1963 1081 2034 in
1113 1961 1266 2034 secundo
1301 1964 1458 2056 cognitus
1493 1973 1547 2034 est
1576 1962 1700 2056 loseph
1734 1984 1755 2034 a

221 2139 222 2143 ,
278 2083 438 2156 iratribus
463 2083 541 2168 suis,
567 2093 603 2154 et
627 2083 883 2158 manifestatum
910 2093 964 2156 est
989 2083 1159 2156 Pharaoni
1184 2105 1294 2175 genus
1321 2083 1403 2156 eius.
1443 2072 1469 2120 ¹⁴
1480 2083 1614 2155 Mittens
1640 2090 1753 2153 autem

278 2201 404 2296 loseph
431 2203 584 2275 arcessiit
608 2203 713 2275 laoob
741 2213 875 2298 patrem
902 2227 1000 2276 suum
1027 2215 1063 2276 et
1088 2225 1226 2278 omnem
1255 2205 1496 2297 cognationem
1522 2205 1556 2274 in
1574 2203 1753 2276 animabus

279 2323 494 2416 septuaginta
521 2323 680 2418 quinque.
732 2314 759 2359 ⁴⁵
774 2325 817 2396 Et
843 2324 1023 2398 descendit
1056 2325 1160 2398 Iacob
1194 2325 1228 2395 in
1261 2323 1474 2420 Aegyptum,
1507 2333 1542 2395 et
1573 2324 1752 2398 defunctus

279 2453 334 2514 est
358 2443 433 2536 ipse
459 2453 494 2514 et
518 2454 636 2538 patres
661 2445 785 2531 nostri,
830 2436 858 2482 ⁴⁶
874 2455 910 2518 et
935 2446 1087 2518 translati
1120 2456 1197 2518 sunt
1229 2447 1264 2516 in
1299 2447 1447 2539 Sychem
1480 2455 1516 2516 et
1546 2444 1648 2538 positi
1675 2454 1753 2516 sunt
1875 2529 1879 2544 Ι

278 2565 312 2634 in
339 2563 521 2658 sepulchro
548 2563 643 2656 quod
669 2565 751 2636 emit
775 2564 952 2638 Abraham
978 2567 1089 2660 pretio
1116 2566 1248 2658 argenti
1275 2588 1296 2637 a
1328 2565 1402 2639 filiis
1427 2567 1568 2636 Emmor
1602 2564 1658 2636 tilii
1685 2566 1751 2658 Sy-

280 2685 389 2756 chem.
441 2675 467 2720 Π
484 2685 567 2755 Cum
594 2683 887 2779 adpropinquaret
913 2697 1027 2758 autem
1055 2698 1188 2782 tempus
1221 2686 1497 2782 repromissionis
1529 2707 1631 2778 quam
1665 2707 1750 2756 con-

279 2807 390 2878 sessus
417 2813 492 2875 erat
516 2804 604 2876 deus
620 2803 792 2892 Abrahae,
820 2808 926 2878 crevit
951 2809 1100 2902 populus
1127 2817 1161 2878 et
1184 2809 1420 2903 multiplicatus
1447 2817 1500 2878 est
1524 2805 1558 2876 in
1579 2805 1748 2899 Aegypto,

279 2919 305 2962 ¹⁸
322 2924 438 3017 quoad
472 2945 581 3016 usque
614 2926 763 2997 surexit
795 2949 860 2998 rex
892 2929 977 3000 alius
1010 2929 1044 2999 in
1069 2927 1247 3021 Aegypto,
1281 2929 1338 3022 qui
1364 2951 1433 3000 non
1459 2927 1590 2998 sciebat
1615 2927 1748 3020 loseph.

280 3037 383 3116 19Ηίο
413 3044 681 3116 circumveniens
714 3069 825 3139 genus
857 3059 1009 3120 nostrum
1047 3047 1177 3120 adflixit
1211 3059 1330 3144 patres
1339 3044 1357 3136 ',
1390 3059 1426 3120 ut
1456 3055 1671 3140 exponerent
1695 3047 1748 3116 in-

280 3168 390 3237 lantes
423 3187 521 3250 suos,
555 3185 599 3235 ne
632 3165 893 3238 vivificarentur.
946 3159 1118 3238 ”Eodem
1152 3177 1309 3264 tempore
1344 3178 1444 3242 natus
1476 3175 1529 3238 ost
1554 3168 1686 3251 Moses,
1713 3177 1771 3238 et·

279 3285 339 3357 luit
369 3294 488 3378 gratus
520 3284 599 3356 deo.
653 3286 717 3369 Qui
750 3286 894 3358 nutritus
928 3298 981 3359 est
1014 3288 1122 3360 tribus
1148 3290 1323 3362 mensibus
1355 3290 1387 3360 in
1414 3288 1519 3360 domo
1548 3287 1746 3381 patrissui:

279 3397 301 3442 ²¹
317 3406 478 3499 exposito
505 3413 619 3476 autem
651 3405 707 3476 illo
743 3398 876 3478 sus'tulit
901 3428 980 3479 eum
1011 3407 1077 3480 filia
1111 3408 1298 3482 Pharaonis
1330 3421 1365 3481 et
1399 3408 1554 3480 enutrivit
1579 3430 1657 3480 eum
1684 3406 1746 3478 sibi

278 3527 312 3598 in
337 3527 450 3598 filium.
502 3517 529 3563 ²²
544 3527 583 3594 Et
609 3526 761 3598 eruditus
788 3519 865 3598 'est
889 3529 1005 3600 Moses
1032 3529 1124 3601 omni
1150 3529 1312 3623 sapientia
1331 3530 1587 3624 Aegyptiomm,
1614 3537 1649 3598 ct
1674 3537 1748 3598 erat

278 3657 402 3741 potens
429 3647 462 3716 in
488 3645 604 3716 verbis
638 3655 674 3716 et
697 3645 732 3716 in
759 3647 922 3740 operibus
953 3651 1033 3720 suis.
1086 3642 1112 3688 ²³
1129 3649 1211 3722 Cum
1239 3659 1351 3720 autem
1380 3650 1575 3744 impleretur
1601 3648 1633 3718 ei
1659 3669 1745 3740 qua-

279 3769 435 3862 draginta
461 3788 627 3838 annorum
653 3775 805 3859 tempus,
833 3769 989 3842 ascendit
1014 3771 1049 3842 in
1075 3791 1135 3840 eor
1160 3769 1232 3840 eius
1257 3778 1294 3840 ut
1327 3771 1477 3842 visitaret
1508 3771 1629 3841 fratres
1663 3790 1746 3840 suos

278 3889 365 3960 filios
390 3887 525 3959 lsrabel.
577 3875 657 3956 ”ut
682 3909 760 3958 cum
786 3887 929 3960 vidisset
956 3890 1127 3982 quendam
1153 3889 1306 3962 iniuriam
1331 3891 1530 3982 patientem,
1563 3889 1747 3962 vindicavit

278 4009 386 4092 illum,
421 4018 455 4078 et
489 4005 569 4078 sccit
596 4007 759 4080 ultionem
793 4008 824 4080 ei
864 4009 921 4102 qui
954 4010 1109 4081 iniuriam
1143 4009 1331 4080 sustinebat
1363 4031 1531 4104 percusso
1563 4009 1744 4104 Aegyptio.

278 4119 542 4198 ”Existimabat
569 4135 683 4198 autem
710 4128 909 4221 intellegere
935 4131 1057 4200 iratres
1084 4129 1242 4221 quoniam
1269 4130 1355 4202 deus
1382 4151 1446 4225 per
1475 4151 1614 4202 menum
1640 4129 1746 4223 ipsius

279 4247 379 4318 daret
403 4247 547 4318 salutem
572 4247 651 4318 illis:
680 4257 714 4318 at
739 4247 784 4318 illi
809 4270 879 4320 non
904 4249 1151 4321 intellexerunt.
1202 4241 1409 4344 ”Sequenti
1440 4271 1524 4322 vero
1552 4249 1609 4322 die
1636 4272 1745 4343 appa-

279 4367 344 4437 ruit
375 4367 438 4438 illis
471 4368 692 4460 litigantibus,
727 4377 763 4438 et
792 4369 1035 4440 reconciliabat
1066 4391 1129 4442 eos
1160 4370 1194 4440 in
1225 4389 1349 4462 pacem
1376 4372 1495 4444 dicens
1520 4370 1598 4455 Viri,
1624 4372 1746 4440 fratres
1847 4411 1851 4424 -

279 4487 377 4558 estis:
405 4489 549 4580 utquid
574 4489 707 4562 nocetis
733 4489 957 4560 alterutrum?
999 4479 1025 4526 ’Ἰ
1039 4489 1104 4574 Qui
1131 4501 1245 4562 autem
1271 4489 1423 4562 iniuriam
1454 4491 1601 4564 faciebat
1625 4489 1744 4584 proxi-

279 4629 336 4679 mo
363 4629 437 4693 suo,
463 4609 610 4702 reppulit
635 4631 714 4680 cum
741 4591 860 4682 diceus
887 4609 970 4694 Quis
996 4620 1031 4681 te
1056 4610 1226 4682 constituit
1250 4609 1436 4703 principem
1464 4621 1498 4682 et
1519 4610 1668 4682 iudicem
1685 4632 1745 4680 su-

187 4743 190 4754 ·
278 4750 342 4821 per
371 4731 462 4800 nos?
512 4721 724 4824 ”Numquid
756 4727 948 4800 interficere
981 4752 1038 4801 mc
1070 4741 1106 4803 tu
1131 4730 1199 4814 vis,
1234 4729 1525 4826 quemadmodum
1550 4730 1746 4802 interfecisti

277 4849 351 4920 heri
376 4848 611 4944 Aegyptium?
654 4841 790 4942 ”Fugit
816 4859 930 4920 autem
955 4849 1071 4921 llloses
1103 4851 1137 4920 in
1162 4853 1273 4935 verbo
1301 4851 1381 4936 isto,
1409 4859 1444 4922 ct
1467 4853 1575 4923 lactus
1600 4860 1655 4922 est
1680 4851 1747 4924 ad-

277 4991 366 5040 vena
400 4969 434 5040 in
468 4978 560 5042 terra
592 4969 755 5057 Mediam,
788 4970 847 5044 ubi
880 4970 1057 5064 generavit
1087 4969 1174 5042 filios
1207 4978 1314 5076 duog
1363 4963 1390 5010 Ὢ
1405 4971 1446 5042 Et
1481 4971 1626 5064 expletis
1652 4971 1749 5042 annis

873 5090 938 5176 Vll,
965 5093 987 5160 6
1017 5131 1061 5144 -
1091 5093 1149 5164 30.
