4254 6130
358 427 433 500 918
751 496 754 509 ‚
807 431 913 492 LIBER
941 429 1092 491 AC'l'UUhl
1119 427 1397 491 Apostolorum

358 537 490 546 ..ι’-
515 537 524 542 -
531 535 599 542 ω...-
608 535 743 543 .------.
848 539 858 544 -
919 539 927 544 .
1361 536 1643 544 .--.-..-.-----.
1651 537 1842 546 ——-.-...--—-

313 683 319 690 ·
353 636 494 706 niebant
529 633 732 704 confitentes
766 645 800 703 et
834 635 1074 717 adnuntiantes
1109 646 1205 704 actus
1239 655 1332 704 suos.
1393 627 1523 704 19ΜιιΙιί
1560 643 1674 704 autem
1709 655 1755 703 ex
1792 635 1843 704 his

293 823 297 836 ,
353 757 410 849 qui
438 757 572 827 ruerant
600 753 734 825 curiosa
763 755 883 824 sectati
910 756 1124 825 contulerunt
1149 755 1256 824 libros
1275 764 1310 824 et
1328 755 1575 825 conbuserunt
1593 775 1710 824 coram
1730 755 1842 826 omui-

351 879 436 948 bus:
465 886 499 946 et
526 875 732 968 computatis
759 875 876 967 pretiis
904 875 1037 958 illorum
1065 876 1267 946 invenerunt
1293 874 1474 967 pecuniam
1502 875 1723 945 denariorum
1741 875 1841 966 quin-

354 997 516 1090 quaginta
544 996 680 1064 milium.
728 985 754 1030 ’⁰
771 996 818 1064 lta
845 997 976 1066 lortiter
996 996 1140 1066 verbum
1165 995 1294 1066 domini
1314 995 1495 1066 crescebat
1513 1005 1547 1064 et
1565 994 1841 1065 confirmabatur.

354 1109 376 1150 ²¹
397 1117 456 1186 His
491 1126 605 1186 autern
641 1116 789 1207 expletis
821 1117 1002 1209 proposuit
1035 1117 1158 1187 Paulus
1191 1116 1225 1186 iu
1251 1116 1385 1208 spiritu,
1413 1115 1552 1186 transita
1579 1111 1785 1189 Macedouia'
1808 1127 1843 1185 ει

353 1236 482 1306 Achaia
517 1235 567 1306 ire
600 1235 892 1326 Hierosolymam,
929 1237 1048 1306 dicens
1081 1237 1241 1328 quoniam
1276 1245 1459 1329 postquam
1494 1238 1591 1306 luero
1619 1236 1674 1319 ibi,
1704 1245 1842 1328 oportet.

353 1367 472 1426 meet
503 1357 649 1426 Romam
689 1354 818 1424 videre.
872 1347 1046 1425 ”Mittens
1084 1366 1198 1426 autern
1227 1356 1260 1425 in
1286 1355 1522 1426 Macedoniam
1550 1354 1641 1426 duos
1669 1377 1715 1426 ex
1742 1357 1840 1440 mint,

354 1477 538 1546 strantibus
565 1475 639 1559 sibi,
669 1475 884 1546 T‘unotheum
912 1485 947 1545 et
973 1477 1140 1562 Erastum,
1169 1477 1243 1569 ipse
1272 1476 1435 1548 remansit
1461 1475 1507 1546 ad
1534 1487 1670 1569 tempus
1697 1477 1730 1546 ln
1749 1478 1840 1546 Asia.

353 1591 379 1634 ²³
397 1598 500 1667 Facta
529 1605 583 1667 est
610 1606 725 1666 autem
753 1597 785 1664 in
812 1596 868 1666 illo
898 1605 1056 1688 tempore
1085 1597 1232 1668 turbatio
1260 1617 1330 1667 nou
1357 1596 1494 1666 minima
1528 1595 1574 1666 de
1609 1597 1671 1666 via.
1726 1588 1840 1666 2‘De-

355 1715 496 1785 metrius
523 1717 612 1785 enirn
641 1715 781 1807 quidam
800 1716 947 1799 nomine,
968 1717 1197 1808 argentarius
1226 1717 1355 1788 iaciens
1373 1717 1480 1787 aedes
1498 1725 1683 1807 argenteas
1700 1717 1840 1786 Deanae

353 1837 553 1928 praestabat
579 1835 765 1907 artificibus
791 1857 861 1906 non
888 1835 1061 1906 modicum
1090 1848 1287 1929 quaestum3
1331 1830 1359 1874 ἤ
1376 1857 1465 1929 quos
1492 1857 1690 1906 convocans
1717 1848 1751 1906 et
1778 1858 1840 1906 eos

354 1957 412 2048 qul
439 1956 636 2027 huiusmodi
662 1967 760 2026 erant
796 1956 954 2048 opifices,
990 1957 1076 2026 dixit
1102 1957 1178 2042 Viri,
1208 1958 1300 2028 scitis
1332 1959 1411 2050 quia
1439 1957 1484 2027 de
1511 1957 1578 2030 hoc
1605 1955 1748 2028 artificio
1776 1957 1839 2027 ad-

353 2077 489 2168 quisitio
526 2087 581 2146 est
615 2077 731 2160 nobis,
781 2067 859 2146 ²‘'’et
893 2077 1015 2146 ridetis
1049 2088 1084 2147 et
1118 2078 1242 2150 auditis
1269 2080 1349 2170 quia
1381 2098 1449 2146 non
1481 2077 1593 2146 solnm
1620 2077 1747 2169 Ephesi
1776 2077 1837 2148 sed

354 2217 444 2288 pene
473 2197 577 2267 totius
602 2197 707 2267 Asiae
734 2197 859 2266 Paulus
887 2198 941 2266 hic
968 2197 1119 2268 suadens
1147 2200 1270 2269 avertit
1288 2199 1426 2268 multam
1447 2197 1591 2281 turbam,
1611 2197 1732 2269 dicens
1750 2219 1838 2290 quo-

353 2317 444 2389 niam
472 2339 542 2388 non
569 2327 646 2386 sunt
674 2317 718 2387 dli
748 2319 804 2408 qui
832 2317 990 2387 manibus
1018 2317 1109 2388 fiunt.
1162 2311 1188 2355 Ἤ
1206 2321 1282 2390 Non
1309 2321 1418 2390 solum
1446 2331 1560 2388 autem
1588 2317 1674 2387 baec
1701 2319 1838 2411 pericli-

354 2438 479 2507 tabitur
505 2437 606 2508 nobis
633 2459 714 2530 pars
743 2438 774 2506 ln
802 2437 1081 2528 redargutionem
1109 2439 1236 2524 veuire,
1264 2439 1329 2523 sed
1356 2449 1390 2510 et
1417 2459 1564 2530 magnae
1582 2439 1724 2510 Deanae
1749 2450 1838 2509 tem-

353 2559 445 2649 plum
475 2559 508 2626 in
536 2557 674 2627 nihilum
702 2557 930 2650 deputabitur,
960 2559 1024 2629 sed
1052 2571 1086 2628 et
1112 2559 1244 2630 destrui
1269 2560 1409 2653 incipiet
1436 2561 1597 2630 maiestas
1621 2560 1706 2643 eius,
1735 2581 1837 2650 quam

354 2687 424 2748 tota
451 2677 535 2748 Asia
563 2688 598 2747 et
624 2677 719 2748 orbis
747 2678 835 2746 colit.
889 2670 915 2714 ²⁸
932 2677 991 2748 llis
1018 2677 1142 2748 auditis
1169 2680 1290 2772 repleti
1316 2690 1394 2750 sunt
1420 2681 1469 2750 ira
1496 2689 1531 2748 et
1558 2681 1839 2750 exclamaverunt

355 2799 511 2868 dicentes
538 2799 660 2888 lllagna
687 2799 804 2868 Deana
831 2800 1068 2892 Ephesiorum.
1122 2790 1148 2834 ²⁹
1164 2799 1205 2868 Et
1232 2800 1370 2892 impleta
1398 2810 1453 2870 est
1479 2801 1598 2870 civitas
1626 2796 1837 2882 contusione,

354 2930 389 2988 et
414 2919 580 3011 impetum
615 2921 767 2988 lecerunt
801 2941 867 2989 uno
903 2919 1015 2989 animo
1050 2919 1082 2987 in
1117 2919 1302 3004 theatrum,
1339 2931 1438 3012 rapto
1467 2920 1551 2991 Gaio
1579 2929 1614 2990 ει
1639 2919 1838 2989 Aristarcho

353 3038 613 3122 Macedonibus,
642 3039 821 3108 comitibus
849 3039 951 3109 Pauli.
1004 3031 1031 3075 ³⁰
1048 3039 1153 3108 Paulo
1189 3050 1303 3110 autem
1339 3042 1477 3111 volente
1510 3041 1636 3112 intrare
1663 3042 1695 3110 in
1723 3063 1837 3134 popu-

354 3161 424 3229 lum
451 3181 520 3229 non
549 3160 779 3251 permiserunt
805 3160 977 3252 discipuli:
1023 3152 1045 3196 ³¹
1066 3159 1206 3251 quidam
1234 3171 1349 3231 autern
1378 3172 1412 3230 ει
1431 3160 1476 3230 de
1494 3161 1598 3232 Asiae
1617 3161 1837 3254 principibus,
1870 3235 1875 3246 ,

354 3280 411 3370 qui
439 3289 537 3350 erant
564 3279 664 3350 amici
690 3279 774 3362 eius,
803 3280 968 3350 miserunt
994 3280 1039 3350 ad
1067 3301 1145 3349 eum
1173 3289 1337 3372 rogantes
1356 3301 1398 3349 ne
1427 3303 1465 3350 se
1484 3281 1582 3352 daret
1604 3282 1638 3351 in
1656 3281 1836 3351 theatrum.

321 3392 455 3469 '³²Atti
484 3411 600 3471 autem
627 3399 718 3470 aliud
746 3401 955 3470 clamabant:
984 3400 1174 3470 eratenim
1202 3401 1350 3472 ecclesia
1377 3404 1534 3487 contusa,
1569 3413 1604 3472 et
1630 3401 1745 3494 plures
1773 3423 1837 3470 ne·
1921 3398 1928 3414 '

353 3520 509 3592 sciebant
544 3543 612 3614 qua
645 3543 692 3590 ex
726 3543 832 3592 causa
873 3521 1124 3591 convenissent.
1184 3512 1210 3556 ³³
1227 3523 1278 3591 lle
1313 3521 1412 3592 turba
1457 3531 1571 3594 autem
1612 3521 1837 3592 detraxerunt

353 3641 602 3724 Alexandrum,
631 3642 901 3733 propellentibus
929 3663 1006 3710 eum
1035 3640 1178 3712 ludaeis.
1232 3641 1432 3713 Alexander
1459 3665 1544 3736 ergo
1573 3663 1676 3712 manu
1702 3639 1835 3714 silentio

352 3765 524 3854 postulato
560 3759 702 3832 volebat
742 3762 909 3832 rationem
948 3759 1097 3830 reddere
1130 3763 1269 3853 populo.
1328 3753 1354 3800 ³⁵
1372 3764 1483 3847 Quem
1522 3773 1558 3834 ut
1600 3769 1837 3854 cognoverunt

353 3882 515 3952 ludaeum
543 3903 634 3964 esse,
661 3902 732 3950 vox
759 3883 849 3952 lacta
876 3891 928 3950 est
955 3901 1021 3950 una
1049 3882 1201 3951 omnium
1228 3884 1328 3973 quasi
1353 3905 1417 3976 per
1444 3886 1548 3956 horas
1576 3883 1664 3954 duas
1683 3881 1835 3952 claman-

354 4003 435 4072 tium
463 4004 587 4095 Magna
617 3996 741 4071 'Diana
767 4001 1006 4096 Ephesiorum.
1060 3993 1143 4071 35Ει
1170 4023 1247 4072 cum
1275 4003 1435 4076 sedasset
1462 4005 1575 4076 scriba
1594 4003 1721 4086 turbas,
1749 4001 1836 4071 dixit

355 4122 422 4192 l'iri
449 4123 561 4207 Elesii,
590 4123 666 4214 quis
692 4121 782 4191 eninr
811 4132 864 4193 est
891 4121 1066 4191 hominum
1094 4122 1149 4214 qui
1176 4123 1307 4193 nesciat
1323 4124 1550 4216 Ephesiorum
1569 4124 1740 4194 civitatem
1761 4122 1834 4190 cul-

355 4243 474 4314 tricem
502 4264 582 4313 esse
610 4239 756 4332 magnae
782 4243 911 4312 Dianae
938 4241 1097 4334 lorisque
1126 4243 1255 4334 probs?
1298 4237 1326 4280 ³⁶
1343 4244 1425 4314 Cum
1454 4265 1539 4336 ergo
1567 4243 1619 4314 his
1646 4241 1834 4314 contradici

354 4385 423 4434 uon
449 4363 568 4457 possit
597 4371 735 4454 oportet
760 4384 825 4433 vos
853 4362 996 4433 sedatos
1022 4383 1102 4432 esse
1130 4374 1164 4432 et
1190 4363 1270 4432 nihil
1298 4375 1428 4434 temere
1463 4385 1577 4456 agere.
1631 4355 1657 4400 ³¹
1674 4361 1834 4433 Adduxi-

355 4484 417 4554 stis
456 4484 546 4555 enim
581 4482 738 4553 homines
773 4483 857 4553 istos
893 4503 1005 4574 neque
1041 4483 1230 4574 sacrilegos
1264 4507 1377 4577 neque
1412 4485 1694 4578 blasphemantes
1731 4481 1833 4572 deam

353 4614 514 4675 vestram.
567 4596 594 4640 ³⁸
612 4603 715 4688 Quod
741 4603 769 4673 si
796 4603 990 4674 Demetrius
1017 4603 1136 4693 etqui
1163 4623 1240 4672 cum
1268 4625 1312 4675 εο
1339 4615 1418 4676 sunt
1443 4603 1590 4675 artifices
1616 4605 1744 4674 habent
1770 4603 1834 4674 ad-

353 4747 476 4796 versus
504 4725 652 4818 aliquem
680 4743 829 4804 causam,
857 4733 1046 4793 conventus
1072 4725 1229 4795 forenses
1256 4735 1401 4816 aguntur
1419 4736 1454 4796 et
1480 4720 1728 4820 ‘proconsules
1747 4733 1832 4806 sunt,
1948 4748 1951 4754 ¹

354 4857 517 4918 accusent
542 4846 706 4916 invicem:
750 4836 777 4880 ³⁹
790 4843 818 4913 si
846 4843 927 4934 quid
955 4854 1070 4914 autem
1098 4843 1237 4914 alterius
1263 4845 1312 4916 rei
1339 4847 1512 4939 quaeritis,
1540 4846 1573 4915 in
1599 4846 1749 4938 legitima
1773 4865 1835 4914 ec-

313 4985 320 5004 ¹
353 4967 456 5038 clesia
483 4967 611 5060 poterit
637 4965 780 5036 absolvi.
833 4953 858 4999 ⁵⁰
874 4964 960 5034 Nam
990 4976 1024 5034 et
1050 4964 1280 5057 periclitamur
1306 4970 1403 5060 argui
1430 4966 1608 5038 seditionis
1635 4965 1832 5048 hodiernae,

353 5067 435 5158 cum
463 5088 573 5160 nullus
610 5087 782 5158 obnoxius
815 5085 857 5154 sit
888 5085 933 5155 de
967 5108 1037 5177 quo
1063 5085 1236 5178 possimus
1271 5088 1421 5158 reddere
1451 5089 1616 5160 rationem
1646 5107 1835 5156 concursus

353 5211 458 5282 istius.
512 5209 657 5280 Etcum
686 5207 771 5278 haec
798 5205 952 5288 dixisset,
981 5206 1106 5276 dimisit
1132 5207 1323 5278 ecclesiam.

929 5327 1010 5412 xlx,
1043 5329 1086 5396 l9
1123 5365 1160 5378 -
1194 5326 1250 5398 lb.
