4146 6120
940 359 1122 427 EPISTULA
1148 357 1275 426 [tuost

357 469 502 483 nau-v*-
510 463 682 476 ...ω-..Μ
688 467 808 474 ......-,..,--
815 461 1728 480 *mm—ffi-
1734 461 1849 472 ..v-n...-

357 568 452 642 dicet
478 565 600 658 uliquis
629 565 811 638 Totidem
840 566 961 651 bobes,
991 575 1027 636 et
1052 585 1121 656 ego
1149 585 1259 657 opero
1284 563 1419 636 babeo:
1454 561 1603 636 ostende
1635 561 1717 634 mibi
1742 559 1849 637 fidem

359 683 453 760 tuem
485 686 560 758 siue
592 664 777 778 operibus,
813 695 849 754 ct
881 705 950 778 ego
985 683 1170 756 ostendum
1204 683 1264 756 tibi
1298 703 1346 754 ex
1378 680 1545 776 operibus
1583 679 1688 756 fidem
1722 703 1851 756 mecm.

360 798 455 881 19Τιι
482 805 596 876 credis
623 805 787 898 quoniam
814 825 903 878 unus
929 813 983 876 εει
1009 804 1122 878 deus?
1156 804 1251 876 Bene
1277 801 1377 872 laem:
1413 809 1450 874 ει
1480 799 1674 874 doemones
1703 801 1854 876 credunt

361 936 396 998 et
422 933 708 998 contremescunt
761 915 789 960 ²⁰
805 923 863 996 Vis
890 933 1006 998 numm
1032 924 1131 1006 scire,
1159 942 1181 992 o
1208 921 1315 1010 bomo
1343 920 1460 1006 inanis,
1485 918 1757 1012 quoniam-fides
1774 922 1853 994 sinc

362 1044 526 1137 operibus
554 1035 712 1116 ‘mortua
737 1047 818 1116 eet?
862 1035 885 1084 ²¹
905 1041 1082 1114 Abrobam
1108 1051 1208 1135 peter
1233 1049 1353 1112 noster
1378 1060 1492 1112 nonne
1525 1061 1573 1114 ex
1605 1039 1772 1132 operibus
1797 1041 1852 1112 iu·

362 1162 527 1236 stificatus
555 1173 616 1247 est,
645 1161 796 1236 offerens
821 1163 919 1234 Isaac
945 1161 1048 1234 filiurn
1075 1183 1175 1234 suum
1202 1180 1310 1253 super
1336 1160 1470 1232 altare?
1522 1151 1548 1196 ¹²
1565 1158 1671 1232 Vides
1689 1159 1852 1252 quoniam

364 1281 452 1356 fides
479 1280 736 1375 cooperabatur
762 1281 928 1374 operibus
954 1281 1051 1366 illius,
1079 1289 1114 1352 et
1139 1301 1188 1350 ex
1215 1278 1381 1372 operibus
1406 1278 1496 1351 fides
1520 1289 1761 1352 consummate
1787 1289 1852 1350 est

360 1395 387 1440 ⁹³
403 1403 446 1474 Et
472 1401 632 1494 suppleta
658 1408 713 1472 est
739 1399 907 1493 scripture
940 1401 1062 1472 dicens
1089 1398 1242 1472 Credidit
1273 1396 1450 1470 Abraham
1477 1398 1563 1502 deo,
1597 1408 1633 1504 et
1658 1407 1853 1492 reputatum

364 1531 418 1594 est
444 1521 476 1592 ei
504 1519 549 1592 ad
576 1519 747 1603 iustitiam,
776 1529 811 1590 et
837 1519 969 1591 amicus
997 1519 1054 1590 dei
1083 1519 1275 1611 appellatus
1303 1527 1366 1588 εει.
1417 1506 1444 1556 ²⁵
1462 1517 1588 1588 Videtis
1613 1518 1776 1610 quoniam
1803 1539 1852 1588 ex

365 1640 532 1732 operibus
558 1637 758 1708 iustificetur
783 1637 891 1708 homo
919 1647 1049 1734 et'non
1066 1647 1122 1708 'cx
1149 1636 1219 1707 lide
1247 1640 1401 1708 tantum?
1444 1627 1472 1674 ’⁵
1489 1636 1650 1708 Similiter
1674 1647 1790 1710 cutem
1817 1649 1853 1708 ct

362 1757 457 1829 Raab
493 1757 659 1828 meretrix
693 1777 808 1827 nonne
843 1755 1084 1847 exoperibus
1112 1755 1292 1827 iustificata
1320 1764 1390 1840 est,
1427 1755 1620 1849 suscipiens
1655 1756 1790 1827 nuntios
1816 1766 1853 1828 et

363 1877 428 1948 clia
454 1877 510 1946 via
538 1875 690 1946 eiciens?
733 1865 761 1910 ⁹⁰
779 1875 872 1945 Siout
898 1875 989 1945 enim
1017 1896 1144 1968 corpus
1173 1877 1246 1946 sine
1283 1874 1403 1968 spiritu
1436 1883 1609 1946 mortuum
1643 1885 1710 1960 est,
1745 1877 1852 1947 itaet

364 1996 451 2068 fides
479 1997 552 2066 sinc
581 1993 746 2086 operibus
774 2001 910 2062 mortua
938 2000 999 2062 est.

952 2349 956 2356 ,
1082 2277 1131 2346 111.

442 2476 518 2531 ¹⁰⁰)
531 2485 643 2556 Nolite
670 2485 787 2576 plures
814 2480 968 2573 magistri
994 2479 1078 2564 lieri,
1105 2481 1229 2550 tratres
1260 2482 1345 2565 mei,
1378 2481 1529 2556 scientes
1556 2486 1717 2577 quonism
1743 2483 1855 2556 maius

364 2605 527 2678 iudicium
555 2603 697 2674 sumitis.
751 2593 817 2670 'ln
843 2599 958 2672 multis
985 2597 1075 2670 enim
1103 2599 1310 2670 offendimus
1337 2622 1475 2673 omnes:
1510 2604 1539 2674 si
1572 2605 1648 2698 quis
1682 2606 1717 2674 in
1743 2605 1855 2676 verbo

365 2745 436 2794 non
465 2721 617 2804 offendit
645 2721 700 2791 hic
726 2720 901 2813 perlectus
930 2729 984 2789 εει
1009 2719 1076 2790 vir:
1105 2728 1222 2811 potest
1248 2719 1351 2790 etiam
1379 2719 1640 2795 circumducere
1672 2725 1769 2796 freno
1794 2735 1854 2795 to-

364 2855 438 2914 tum
465 2861 602 2934 corpus.
657 2831 722 2910 ³Si
750 2848 865 2910 eutem
893 2837 991 2930 equis
1015 2837 1133 2908 bonos
1159 2838 1193 2908 in
1221 2859 1281 2910 orn
1307 2840 1470 2912 mittimus
1496 2842 1543 2914 ad
1570 2842 1855 2916 consentiendum

365 2961 484 3044 nobis,
521 2970 556 3031 ct
589 2979 692 3030 omne
727 2979 855 3052 corpus
889 2957 1024 3029 illorum
1056 2956 1341 3030 circumferimus:
1395 2947 1512 3032 ‘ecoe
1544 2971 1580 3032 ct
1613 2981 1739 3046 naves,
1775 2982 1855 3032 cum

366 3099 516 3172 magnae
541 3077 609 3148 sint
636 3087 671 3148 ct
696 3100 718 3148 a
744 3079 857 3150 ventis
883 3075 1006 3148 validis
1032 3076 1218 3162 minentur,
1252 3079 1535 3152 circumferuntur
1567 3103 1588 3152 a
1621 3079 1760 3152 modico
1785 3103 1855 3172 gu-

367 3198 558 3268 bernaculo
584 3197 644 3268 ubi
670 3197 821 3290 impetus
847 3195 1026 3288 dirigentis
1052 3197 1213 3268 voluerit:
1265 3189 1338 3267 ⁵ita
1364 3206 1401 3267 et
1432 3197 1548 3293 lingua
1573 3199 1749 3272 modicum
1769 3200 1856 3292 cui-

331 3377 334 3384 .
365 3319 447 3389 dem
491 3317 687 3390 membrum
726 3327 781 3388 est
817 3325 853 3386 et
892 3337 1019 3408 magna
1056 3316 1195 3387 exaltat.
1250 3305 1295 3362 (ῃ)
1310 3313 1402 3386 Εεεε
1436 3328 1584 3410 quonum
1620 3319 1708 3412 ignis
1748 3339 1855 3410 quam
1949 3323 1956 3332 '

367 3457 529 3529 magnam
571 3435 693 3506 silvam
734 3434 894 3506 incendit
952 3425 1026 3505 6Ει
1057 3437 1173 3526 lingue
1205 3433 1295 3526 ignis
1330 3443 1398 3518 est,
1431 3437 1637 3510 universitas
1672 3438 1856 3530 iniquitatis

366 3556 483 3648 lingua
519 3555 735 3626 constituitur
766 3555 801 3624 in
832 3553 999 3624 membris
1033 3553 1178 3637 nostris,
1215 3573 1306 3644 quoe
1340 3555 1489 3626 maculat
1522 3565 1630 3628 totum
1664 3577 1792 3651 corpus
1819 3568 1856 3628 et

366 3675 553 3748 inflammat
577 3683 690 3748 rotam
716 3673 901 3744 nativitatis
926 3680 1077 3756 nostroe,
1103 3671 1314 3744 inflammato
1340 3695 1362 3743 a
1385 3675 1556 3766 gebenna.
1599 3669 1745 3748 7Omnis
1762 3676 1855 3747 enim

366 3803 488 3866 notius
515 3793 707 3866 bestiarum
733 3803 768 3864 et
793 3795 973 3864 volucrum
1004 3799 1040 3861 et
1064 3790 1274 3884 serpentium
1309 3802 1575 3889 ceterorumque
1609 3796 1794 3868 domantur
1819 3803 1856 3867 et

367 3914 511 3984 domata
545 3921 624 3988 sunt
657 3933 679 3982 a
712 3923 833 3986 nature
867 3911 1036 3982 bumnnu:
1080 3902 1262 4002 ⁸linguem
1298 3921 1413 3986 autem
1445 3916 1557 3987 nullus
1583 3916 1759 3988 bominum
1785 3913 1854 3988 do·

368 4051 466 4102 more
492 4039 618 4123 potest
662 4031 850 4122 inquietum
878 4029 1017 4114 malum,
1045 4031 1148 4123 plena
1174 4051 1312 4102 veneno
1339 4034 1527 4106 mortifero.
1553 4029 1615 4108 ⁹1n
1641 4036 1718 4128 ipso
1744 4035 1854 4106 bene-

368 4147 515 4222 dicimus
542 4147 647 4220 deum
675 4158 711 4220 ct
736 4159 881 4243 patrem,
910 4157 945 4218 et
971 4149 1004 4218 in
1031 4151 1107 4242 ipsa
1133 4145 1370 4226 maledicimus
1397 4153 1562 4236 ¹hominos
1594 4155 1653 4247 qui
1687 4154 1733 4225 ad
1758 4147 1854 4226 sirni-

366 4267 543 4340 litudinem
571 4267 626 4340 dei
654 4269 732 4340 lacti
759 4277 853 4340 sunt:
898 4260 923 4304 ⁴⁰
941 4289 988 4338 ex
1014 4269 1091 4362 ipso
1117 4289 1181 4340 ore
1198 4269 1358 4362 procedit
1373 4271 1571 4346 benedictio
1589 4285 1625 4345 ct
1649 4271 1853 4345 maledictio.

367 4388 445 4459 Non
477 4396 632 4480 oportet,
674 4389 797 4459 iratres
830 4388 915 4471 mei,
950 4387 1038 4458 bueo
1070 4387 1116 4460 its
1152 4386 1233 4458 fiori.
1295 4380 1510 4483 uNumquid
1542 4395 1620 4464 sons
1653 4391 1699 4466 dc
1725 4391 1854 4464 eodem

366 4506 533 4578 toramine
559 4516 698 4577 emanat
724 4507 860 4578 dulcem
889 4517 924 4576 ει
950 4527 1104 4578 amaram
1132 4511 1285 4600 uquam?
1330 4501 1356 4548 ¹²
1370 4509 1545 4604 Numquid
1571 4520 1703 4604 potest,
1729 4513 1856 4583 iratres

365 4627 451 4710 mei,
479 4625 565 4696 ficus
598 4647 684 4698 uvas
716 4625 832 4697 iacere
867 4634 926 4698 eut
957 4627 1034 4698 vitis
1065 4627 1177 4698 ficus‘l
1208 4627 1264 4698 Sic
1298 4649 1413 4720 neque
1448 4631 1540 4702 salsa
1573 4629 1712 4702 dulcem
1739 4639 1856 4725 potest

365 4745 481 4815 secere
515 4765 651 4837 aquom.
704 4738 730 4784 ¹³
748 4743 832 4829 Quis
863 4743 1003 4836 sapiens
1038 4756 1073 4816 ot
1104 4745 1342 4840 disciplinatus
1376 4749 1465 4820 inter
1495 4751 1584 4820 vos?
1620 4749 1783 4822 ostendat
1806 4771 1856 4821 ex

367 4864 461 4934 bona
501 4866 766 4936 conuersatione
806 4863 1044 4955 operationem
1086 4885 1185 4936 susm
1230 4865 1264 4936 in
1305 4867 1606 4944 monsuetudinem
1652 4869 1854 4962 supientiae.

366 4973 454 5030 Μ’)
469 4984 572 5068 Quod
599 4984 627 5054 si
654 4986 765 5056 zelum
794 5003 949 5055 omarum
976 4983 1112 5056 hebetis
1140 4995 1174 5055 et
1201 4987 1440 5058 contentiones
1466 4987 1499 5056 in
1526 4985 1691 5059 cordibus
1717 4991 1854 5074 vestris,

364 5101 468 5172 nolito
503 5102 640 5192 gloriori
674 5111 708 5172 ct
742 5103 930 5174 mendaces
964 5125 1045 5176 esse
1084 5105 1257 5176 ¹aduersus
1291 5107 1481 5177 veritatem.
1546 5098 1571 5142 ¹⁵
1586 5107 1663 5177 Non
1698 5119 1751 5178 est
1787 5109 1854 5180 isto

925 5224 959 5305 ΙΙ,
992 5227 1036 5292 ll)
1068 5261 1113 5275 -
1142 5225 1189 5308 Ill,
1223 5228 1278 5292 ts.
