4220 6124
748 323 930 388 EPISTULA
954 322 1007 388 AD
1034 324 1260 391 CORINTHIOS
1284 325 1305 387 t
1692 322 1767 396 269

290 536 354 612 sed
388 554 458 627 ego
489 531 554 604 snb
587 528 712 604 nuliius
745 527 885 623 redigor
917 537 1099 624 potestate.
1152 519 1279 601 ¹³Esoa
1304 527 1425 614 venui
1452 539 1487 600 ct
1512 538 1633 602 venter
1657 527 1767 600 escis:

291 656 379 729 deus
410 663 524 726 numm
558 661 595 724 et
626 651 718 722 hunc
751 660 787 722 et
818 650 906 722 hoec
941 650 1106 722 destruet.
1146 649 1279 743 Corpus
1313 658 1429 722 autem
1461 671 1533 722 non
1557 647 1771 722 fornicationi

292 775 357 847 sed
382 772 533 858 domino,
560 781 595 844 et
621 769 782 844 dominus
808 772 962 865 corpori:
1005 761 1032 809 ⁴²
1048 769 1137 844 deus
1162 791 1248 842 vcro
1275 779 1310 844 et
1334 769 1511 844 dominum
1537 769 1713 842 suscitavit
1735 778 1772 840 ct

292 915 358 966 nos
384 891 558 966 suscitavit
583 913 648 987 per
671 891 832 964 virtutem
858 913 966 966 sunm
1018 879 1108 938 Μ)
1121 891 1269 964 Nescitis
1293 891 1455 984 qnoniam
1482 911 1631 984 corporo
1652 897 1771 962 reatu

294 1014 450 1086 membre
476 1013 597 1086 Christi
623 1015 728 1088 sonti
754 1012 878 1086 totiens
904 1033 990 1106 ergo
1016 1010 1174 1084 membro
1200 1011 1321 1084 Christi
1355 1013 1476 1086 fecium
1510 1011 1669 1086 membru
1693 1029 1770 1082 me-
1907 1071 1909 1079 ,

294 1133 448 1208 retrioisi
474 1133 585 1206 Absit.
638 1124 729 1206 ”An
753 1135 891 1208 nescitis
917 1134 1081 1228 anoniem
1106 1131 1164 1227 qui
1190 1133 1335 1206 adheret
1359 1133 1530 1206 meretrici
1559 1153 1663 1204 unum
1690 1151 1771 1202 cor·

294 1277 361 1350 pus
386 1253 553 1328 efficitur?
579 1255 686 1326 Erunt
711 1253 810 1339 enim,
836 1255 964 1349 inquid,
991 1254 1063 1328 duo
1088 1255 1122 1324 in
1149 1273 1253 1326 cerne
1279 1275 1358 1328 unc.
1409 1246 1436 1292 ¹⁷
1464 1253 1530 1340 Qui
1563 1260 1679 1326 aunem
1704 1249 1772 1324 ad-

295 1376 395 1448 heret
419 1375 573 1460 domino,
599 1397 687 1448 unus
712 1375 851 1470 spiritus
878 1385 940 1450 est
993 1364 1086 1424 Μ’)
1101 1373 1222 1466 Fugite
1246 1373 1517 1448 fornicationem.
1544 1373 1655 1446 Omne
1680 1372 1771 1446 euim

295 1507 476 1591 peccatum
502 1494 748 1589 quodcumque
772 1496 891 1568 fecerit
916 1496 1024 1570 homo
1050 1504 1149 1566 extre
1175 1516 1303 1589 corpus
1330 1503 1398 1566 est:
1434 1493 1491 1588 qui
1524 1504 1640 1566 cotem
1665 1491 1772 1566 iorni-

295 1627 411 1702 cetur,
443 1617 476 1688 in
511 1635 639 1710 corpus
672 1635 771 1688 suum
802 1625 934 1710 peccet
986 1606 1012 1654 ¹⁹
1025 1611 1079 1686 An
1112 1615 1251 1688 nescitis
1283 1615 1446 1709 quioniam
1472 1615 1629 1687 membre
1657 1623 1772 1686 vesun

296 1737 460 1830 templum
495 1745 549 1808 est
582 1735 720 1830 spiritus
754 1737 878 1823 uncti,
910 1735 968 1830 qui
1000 1733 1166 1806 invehis
1197 1745 1265 1821 cst,
1291 1755 1394 1830 qoem
1421 1735 1556 1807 hebetis
1582 1757 1604 1807 a
1630 1733 1710 1820 dcc,
1738 1743 1774 1804 ct

295 1855 476 1928 nonestis
502 1855 635 1927 vestri?
677 1847 830 1952 ”Empti
854 1856 946 1929 enim
972 1854 1056 1928 estis
1080 1855 1214 1949 praetio
1239 1877 1384 1951 magno:
1411 1854 1600 1950 glorificate
1627 1865 1663 1926 et
1687 1875 1772 1949 por-

296 1986 367 2049 teto
393 1975 498 2048 deum
523 1973 558 2045 in
585 1995 735 2070 corpore
758 1987 887 2051 vestro.

1003 2182 1067 2256 vll.

374 2327 383 2369 ¹
400 2323 449 2386 <⁸¹³
461 2335 514 2406 Dc
540 2335 665 2430 quibos
681 2347 797 2410 eutem
814 2337 1007 2434 scripsistis
1033 2337 1161 2410 honum
1188 2345 1243 2408 est
1267 2335 1396 2408 homini
1413 2336 1591 2412 mutierem
1608 2357 1678 2409 non
1696 2345 1773 2408 ton-

298 2476 400 2548 gere:
442 2447 617 2550 'propter
640 2455 900 2530 fornicationem
926 2466 1041 2530 nutem
1067 2457 1301 2551 unusquisqne
1332 2477 1431 2530 wem
1463 2477 1612 2530 umorem
1637 2457 1774 2536 habent.

297 2585 334 2648 ct
358 2595 587 2669 nonqumeque
612 2597 711 2648 suom
736 2576 849 2650 virum
874 2577 1009 2682 hubent
1061 2571 1199 2652 ³Uxori
1223 2579 1278 2650 vir
1301 2577 1455 2650 demtum
1490 2577 1630 2664 rcddct,
1656 2577 1775 2650 simili-

300 2705 354 2768 ter
379 2704 494 2768 numm
528 2705 564 2768 et
596 2717 686 2768 uxor
717 2697 803 2768 viro.
854 2685 999 2770 ‘Mulier
1030 2699 1083 2771 sni
1115 2698 1271 2794 corporis
1304 2707 1514 2793 potestatem
1547 2719 1618 2772 non
1648 2697 1776 2770 hubent

299 2815 365 2888 sed
390 2815 460 2887 vir:
487 2813 637 2888 similiter
669 2825 784 2890 eutem
817 2827 853 2888 ct
885 2817 938 2889 vir
971 2819 1023 2892 sui
1056 2821 1213 2922 corporis
1242 2827 1452 2915 potestatem
1482 2841 1553 2892 non
1578 2819 1687 2892 hobct
1711 2817 1776 2890 scd

299 2936 429 3008 mulier.
479 2926 620 3008 ⁵Nolite
645 2935 806 3008 iruudnrc
833 2937 988 3025 invicem,
1015 2937 1077 3012 nisi
1101 2940 1189 3012 forte
1216 2961 1264 3014 ex
1289 2959 1463 3012 consensu
1489 2937 1535 3010 nd
1560 2949 1715 3034 tempus,
1739 2947 1777 3008 ut

300 3055 431 3127 vocetis
457 3055 619 3127 orationi:
652 3057 835 3130 etiterum
869 3057 1078 3130 revertimini
1103 3059 1137 3130 in
1163 3059 1200 3132 id
1224 3060 1353 3154 ipsum,
1383 3079 1431 3131 ne
1455 3067 1601 3152 temptet
1614 3059 1693 3132 'vos
1718 3079 1774 3129 sa-

301 3185 398 3247 tenos
431 3183 575 3267 propter
605 3173 881 3255 incontinentiam
912 3187 1075 3250 vestram.
1126 3168 1207 3230 ω’)
1224 3180 1300 3252 Hoc
1330 3189 1446 3252 eutem
1478 3177 1559 3251 dico
1585 3177 1775 3252 secundm

300 3292 560 3386 indulgentiam,
602 3315 673 3367 non
707 3296 897 3370 meandum
928 3298 1118 3393 immrium.
1169 3289 1281 3372 'Volo
1314 3307 1430 3371 autem
1464 3318 1586 3370 omncs
1617 3297 1775 3370 homines

299 3435 382 3488 csse
406 3413 494 3487 siout
519 3435 576 3486 mc
601 3415 731 3509 ipsum:
765 3416 830 3489 scd
855 3417 1089 3513 unnsquisque
1119 3417 1297 3514 proprium
1328 3417 1436 3491 hobct
1466 3417 1595 3492 donum
1622 3439 1669 3490 ex
1695 3415 1775 3501 deo,

301 3533 389 3606 otius
412 3533 553 3630 quidem
578 3536 644 3622 sic,
680 3535 765 3611 otius
790 3557 876 3610 vero
910 3539 969 3610 sic
1019 3530 1194 3612 ⁸<⁸⁸tltioo
1219 3547 1334 3614 anem
1358 3559 1429 3614 non
1452 3539 1567 3634 nupds
1593 3547 1629 3612 ct
1652 3537 1775 3622 viduis,
1845 3587 1849 3596 ·

301 3655 432 3732 honum
457 3665 512 3728 cst
535 3655 600 3728 iliis
627 3655 656 3728 si
680 3656 731 3728 sio
756 3667 919 3730 moueant
943 3657 1033 3731 sicut
1056 3669 1094 3731 st
1117 3680 1202 3753 ego:
1245 3650 1370 3752 ”quod
1393 3659 1423 3730 si
1447 3680 1518 3732 non
1535 3679 1576 3732 sc
1593 3659 1775 3741 continent,

301 3775 447 3848 muhant:
472 3775 596 3852 meiius
620 3787 677 3850 cst
698 3777 789 3850 enim
813 3778 947 3850 nuhmc
971 3801 1076 3874 quam
1101 3779 1162 3851 mi.
1207 3769 1297 3826 Μ
1313 3777 1373 3852 His
1400 3780 1491 3852 enim
1517 3779 1574 3873 qui
1596 3779 1775 3852 matrimo-

299 3896 361 3970 nio
385 3895 487 3970 iuncti
511 3905 593 3970 emit
615 3897 792 3992 praecipio
817 3920 886 3971 non
913 3921 984 3994 ego
1009 3899 1075 3973 scd
1100 3899 1269 3985 dominus,
1295 3919 1444 3972 muomm
1475 3898 1598 3974 cuim
1623 3921 1695 3972 non
1719 3897 1769 3971 di·

302 4015 467 4104 eosdem
509 4009 533 4055 ¹¹
552 4015 649 4110 qrmd
674 4016 704 4090 si
729 4017 938 4106 dscessmit,
965 4042 1108 4094 monere
1133 4019 1308 4092 mnuhtam
1335 4029 1395 4093 ont
1418 4019 1493 4093 viro
1526 4042 1591 4094 suo
1616 4019 1774 4092 reconci-

301 4136 390 4208 tinri:
414 4146 450 4208 ct
472 4136 525 4208 vir
549 4157 698 4210 uxorem
723 4159 771 4212 nc
793 4138 958 4214 demittet
1009 4135 1035 4181 ⁴¹
1050 4143 1141 4215 Nom
1165 4141 1292 4216 cetenis
1316 4161 1385 4235 ogo
1402 4141 1493 4228 dico,
1519 4162 1589 4214 non
1605 4139 1774 4214 domim

303 4247 355 4306 (Ψ
364 4255 401 4328 Si
426 4257 505 4350 quit
527 4256 634 4330 irater
657 4281 802 4334 morem
829 4259 937 4335 hehet
960 4262 1133 4337 infidelem
1160 4269 1197 4336 ct
1220 4261 1309 4334 hoec
1334 4261 1506 4336 consentit
1523 4261 1679 4334 habitare
1696 4281 1775 4332 cum

302 4373 372 4462 iiic,
396 4397 466 4448 non
491 4375 638 4452 dimuittnt
660 4379 769 4468 illam3
810 4371 839 4422 ⁴⁸
853 4391 889 4454 et
914 4383 944 4456 si
969 4405 1038 4476 quo
1064 4379 1188 4454 nudior
1210 4381 1319 4455 hehet
1342 4381 1452 4454 uinum
1470 4380 1642 4456 iniidctcm
1668 4390 1704 4454 ct
1719 4379 1775 4452 hic
1896 4421 1899 4428 ·

195 4527 199 4537 ¹
302 4497 472 4572 nomento
495 4497 652 4572 hobitere
677 4523 754 4572 cum
780 4499 844 4582 iliu
869 4523 940 4576 non
966 4502 1113 4575 dmoni
1134 4501 1256 4574 virum.
1305 4493 1580 4576 “Sanctificatus
1605 4509 1659 4573 est
1684 4498 1774 4572 cnim

301 4616 354 4688 vir
377 4614 525 4690 infidelis
549 4617 583 4690 in
609 4620 753 4692 monime
784 4617 888 4706 tosti,
922 4631 958 4694 et
989 4621 1199 4696 sanctificate
1232 4631 1287 4696 est
1311 4621 1433 4696 mutier
1457 4621 1602 4698 infidelis
1634 4643 1698 4717 per
1723 4619 1776 4690 vi-

301 4759 379 4808 rum
403 4735 562 4814 fidelem:
588 4739 737 4834 alioquin
762 4737 820 4809 filii
844 4738 950 4816 vestri
975 4737 1126 4812 inmundi
1152 4753 1278 4828 essent
1304 4763 1395 4815 nunc
1420 4751 1536 4818 autem
1562 4741 1671 4816 suncti
1688 4749 1775 4812 sunt.
1892 4821 1896 4832 ¹

301 4849 444 4944 ¹5Quod
479 4859 508 4932 si
543 4858 687 4932 iniidciis
721 4859 885 4946 discedit,
917 4858 1092 4933 discedot:
1125 4883 1195 4933 non
1227 4871 1283 4935 est
1306 4862 1399 4936 cuim
1425 4864 1579 4938 servituti
1604 4861 1777 4935 subiectus

301 4979 407 5052 [ναίον
431 4991 490 5055 sut
515 5001 617 5053 soror
642 4980 676 5052 in
702 4979 883 5068 eiusmodi,
908 4979 944 5050 in
968 5000 1056 5074 pace
1083 4991 1198 5053 nutem
1229 4983 1367 5056 vocavit
1396 5005 1464 5056 nos
1488 4984 1584 5058 deus
1637 4975 1665 5022 ¹⁶
1679 4979 1777 5054 Unde

303 5100 393 5175 cuim
420 5102 497 5188 scis,
524 5100 660 5186 mulier,
693 5101 857 5174 dvirum
884 5101 1016 5176 salvum
1043 5100 1173 5196 tocies?
1206 5113 1265 5176 aut
1290 5104 1383 5178 unde
1408 5111 1484 5192 scis
1511 5107 1574 5196 vir,
1599 5106 1630 5177 si
1655 5103 1776 5177 mdic-

849 5223 901 5308 Vi,
930 5223 976 5292 i3
1007 5261 1052 5279 -
1080 5221 1144 5306 Vll,
1175 5224 1230 5292 t6.
