4220 6124
388 375 460 448 322
699 353 706 364 ’
857 373 1036 438 ausuum
1061 373 1113 437 nu
1140 375 1385 440 nouosuusus

1690 479 1855 490 ...κ-..ὴ

388 565 500 652 carnis
526 580 599 652 eius
624 601 688 674 per
713 589 869 665 mortem,
898 579 1063 651 exhibere
1090 599 1155 650 vos
1181 589 1320 651 sanctos
1348 589 1383 650 et
1415 579 1653 652 immaculatos
1686 573 1741 649 'et
1766 579 1857 648 inre-

388 701 635 793 prehensibiles
661 721 778 770 coram
804 700 897 794 ipso,
940 696 966 742 ²³
982 701 1011 772 si
1038 709 1151 772 tamen
1178 700 1385 792 permanetis
1412 699 1446 769 in
1471 698 1542 769 lide
1568 697 1698 770 fundati
1725 708 1759 769 et
1785 711 1856 770 sta-

389 821 476 892 biles
502 831 536 891 et
561 819 739 890 inmobiles
766 843 786 892 a
821 843 884 915 spe
911 821 1076 914 evangelii
1112 819 1207 913 quod
1234 820 1393 905 audistis,
1421 818 1517 910 quod
1541 817 1778 911 praedicatum
1806 830 1859 890 est

390 942 423 1010 in
450 941 607 1012 universa
635 951 790 1012 creatura
825 964 915 1034 quae
949 943 1011 1012 sub
1049 942 1147 1013 caelo
1175 951 1243 1024 est,
1278 941 1373 1012 ouius
1399 941 1508 1010 lactus
1534 961 1610 1010 sum
1637 959 1705 1029 ego
1733 939 1857 1010 Paulus

391 1047 556 1132 minister:
600 1052 626 1098 ²⁴
643 1062 700 1154 qui
731 1083 820 1131 nunc
852 1063 989 1153 gaudeo
1023 1063 1057 1132 in
1081 1061 1300 1155 passionibus
1332 1081 1397 1153 pro
1427 1059 1529 1131 vobis
1556 1067 1591 1128 et
1616 1056 1790 1150 adimpleo
1817 1080 1859 1128 ea

391 1203 478 1274 quae
511 1180 635 1251 desunt
666 1183 866 1274 passionum
897 1177 1020 1252 Christi
1053 1181 1086 1251 in
1120 1199 1223 1254 came
1255 1198 1336 1250 mea
1371 1199 1434 1272 pro
1468 1191 1619 1272 corpore
1645 1179 1735 1264 eius,
1764 1179 1859 1272 quod

391 1313 443 1372 est
469 1301 631 1385 ecclesia,
675 1293 702 1336 ²⁵
719 1303 814 1372 ouius
840 1303 949 1374 lactus
976 1325 1051 1373 sum
1078 1323 1146 1394 ego
1173 1301 1327 1372 minister
1352 1299 1542 1370 secundum
1567 1299 1857 1392 dispensationem

391 1422 456 1507 dei,
485 1444 573 1514 quae
608 1421 689 1494 data
721 1433 774 1492 est
803 1422 883 1492 mibi
915 1423 949 1492 in
981 1445 1046 1494 vos
1073 1431 1109 1493 ut
1133 1422 1294 1514 impleam
1327 1421 1473 1492 verbum
1499 1418 1572 1504 dei,
1616 1409 1643 1456 ²⁸
1659 1418 1857 1512 mysterium

391 1541 486 1634 quod
512 1540 752 1614 absconditum
778 1542 838 1612 luit
863 1563 884 1613 a
910 1543 1057 1614 saeculis
1083 1553 1118 1612 et
1144 1519 1433 1634 generationibus,
1459 1562 1549 1610 nunc
1575 1547 1689 1610 autem
1716 1539 1823 1608 manif
1841 1579 1857 1589 -

389 1671 594 1734 statumesl
620 1661 745 1732 sanctis
772 1663 862 1746 cius,
905 1655 930 1697 ²⁷
948 1663 1071 1754 quibus
1096 1662 1203 1732 voluit
1228 1662 1316 1732 deus
1341 1671 1443 1732 notas
1471 1661 1587 1732 lacere
1617 1658 1755 1730 divitias
1782 1660 1858 1750 glo-

390 1785 464 1854 riae
490 1782 694 1854 sacramenti
720 1781 819 1852 huius
846 1783 879 1852 in
906 1785 1074 1876 gentitus,
1102 1781 1197 1876 quod
1223 1791 1277 1852 est
1301 1781 1455 1852 Christus
1480 1781 1515 1850 in
1537 1779 1647 1864 vobis,
1673 1800 1758 1872 spes
1783 1780 1860 1870 glo-

390 1904 480 1986 riae,
523 1893 550 1938 ²⁸
564 1924 669 1993 quem
696 1923 760 1974 nos
787 1903 1024 1986 adnuntiamus
1042 1903 1266 1996 corripientes
1293 1921 1431 1972 omnem
1450 1901 1624 1972 hominem
1642 1909 1678 1970 ot
1695 1899 1860 1970 docentes

392 2043 532 2094 omnem
564 2022 737 2094 hominem
774 2024 806 2092 iu
841 2025 933 2094 omni
963 2025 1150 2118 sapientia,
1184 2033 1221 2094 ut
1254 2022 1481 2093 exhibeamus
1516 2043 1656 2093 ornnem
1690 2020 1860 2091 hominem

390 2145 579 2236 perlectum
603 2143 639 2214 in
664 2143 797 2214 Christo
824 2144 915 2228 lesu;
959 2138 986 2184 ²⁹
1000 2146 1035 2216 in
1060 2163 1130 2237 quo
1158 2153 1193 2214 el
1217 2144 1339 2214 laboro
1367 2142 1532 2214 certando
1559 2141 1749 2213 secundum
1772 2161 1861 2232 ope-

393 2251 559 2334 rationem
586 2263 669 2347 eius,
697 2285 797 2356 quam
827 2275 989 2358 operatur
1013 2266 1049 2335 in
1075 2286 1131 2336 me
1154 2265 1191 2334 iu
1216 2265 1351 2335 virtute.

1106 2473 1141 2542 ll.

470 2615 527 2670 ⁴4⁴)
535 2625 620 2694 Volo
647 2625 737 2694 enim
762 2645 829 2696 vos
862 2626 950 2696 scire
974 2625 1111 2718 wqualern
1144 2623 1404 2696 sollicitudiuem
1437 2623 1584 2694 habeam
1612 2647 1675 2716 pro
1702 2625 1803 2696 vobis
1825 2635 1863 2694 ct

396 2765 458 2836 pro
486 2743 539 2812 his
570 2745 628 2836 qui
660 2754 737 2815 sunt
764 2739 964 2815 ’Laodiciae
996 2756 1031 2815 et
1063 2745 1269 2838 quicumque
1299 2763 1372 2814 non
1404 2743 1564 2815 viderunt
1594 2747 1718 2816 laoiem
1750 2766 1862 2816 meam

392 2864 429 2934 in
460 2883 582 2947 carne,
632 2855 694 2934 ’ut
727 2865 947 2936 consolantur
981 2865 1089 2936 corda
1123 2865 1292 2958 ipsorum,
1334 2864 1487 2935 instructi
1521 2866 1554 2934 in
1589 2867 1730 2938 caritate
1761 2876 1797 2936 et
1828 2866 1864 2936 in

396 3005 518 3056 omnes
550 2983 685 3054 divitias
718 2984 936 3078 plenitudinis
972 2987 1178 3068 intellectus,
1209 2985 1245 3054 iu
1281 2983 1455 3076 agnitione
1487 2988 1644 3080 mysterii
1675 2985 1732 3058 dei
1758 2986 1864 3080 patris

393 3105 517 3176 Christi
542 3105 633 3190 lesu,
685 3097 744 3174 3ιιι
776 3127 846 3198 quo
878 3116 955 3177 sunt
989 3127 1110 3177 omnes
1144 3105 1294 3175 thesauri
1324 3106 1513 3198 sapientiae
1543 3115 1578 3178 et
1607 3107 1772 3177 scientiae
1799 3105 1862 3176 ab·
1899 3157 1903 3166 .

396 3225 551 3298 scordili.
602 3215 662 3274 “⁵³
679 3225 753 3296 Hoc
780 3235 892 3296 autem
923 3227 1005 3298 dioc
1037 3237 1075 3296 ut
1107 3243 1210 3296 nemo
1245 3245 1312 3295 vos
1343 3221 1492 3319 decipiat
1520 3228 1555 3296 in
1581 3227 1761 3320 suptilitate
1789 3245 1864 3298 ser—

395 3369 546 3418 monum.
597 3339 712 3416 5Nam
740 3339 823 3417 'ets-i
858 3369 1007 3440 corpore
1038 3347 1167 3417 absens
1199 3368 1291 3430 snm,
1324 3345 1389 3416 sed
1421 3346 1540 3440 spiritu
1571 3348 1752 3418 vobiscum
1778 3368 1863 3429 sum,

396 3467 553 3559 gaudens
578 3467 760 3540 stridens
787 3467 944 3539 ordinem
970 3477 1125 3537 vestrum
1152 3477 1188 3538 et
1213 3466 1464 3536 firmamentum
1490 3466 1565 3536 eius
1593 3489 1683 3558 qliae
1709 3468 1743 3538 in
1769 3466 1864 3537 curt-

370 3573 452 3658 ¹sto
480 3597 534 3656 est
568 3587 649 3658 fidei
674 3581 827 3658 ¹uestrae.
878 3578 941 3634 crs)
959 3588 1052 3658 Sicut
1086 3609 1170 3681 ergo
1203 3587 1386 3680 accepistis
1418 3587 1586 3657 Christum
1613 3589 1725 3658 lesum
1752 3587 1865 3658 dorni-

397 3727 487 3792 mun,
514 3707 547 3777 iu
573 3708 649 3801 ipso
677 3709 864 3792 ambulate,
910 3701 1083 3778 “radicati
1109 3717 1145 3778 et
1169 3705 1444 3799 superaedificati
1469 3707 1503 3777 in
1520 3708 1597 3800 ipso
1625 3717 1660 3778 et
1672 3706 1867 3779 confirmati

397 3825 467 3898 lide
490 3827 579 3899 sicut
605 3837 640 3898 et
666 3828 838 3912 didicistis,
866 3827 1080 3899 abundantes
1106 3828 1139 3898 in
1166 3827 1350 3920 gratiarum
1383 3827 1526 3898 actione.
1578 3817 1638 3873 ⁸¹⁷)
1657 3823 1797 3900 'Videte
1823 3849 1867 3896 ne

398 3947 473 4038 quis
500 3968 564 4017 vos
591 3947 739 4042 decipiat
769 3969 833 4044 per
864 3947 1082 4040 philcsoliam
1115 3958 1153 4018 et
1178 3947 1313 4018 inanem
1344 3947 1509 4018 salaciam
1539 3949 1733 4020 secuudum
1760 3947 1866 4018 tradi-

398 4067 526 4138 tionem
551 4067 743 4154 hcminnm,
770 4068 960 4140 secundum
987 4069 1155 4140 elementa
1182 4067 1298 4138 mundi
1325 4075 1359 4137 et
1384 4089 1455 4138 non
1481 4068 1671 4140 secundnm
1690 4069 1866 4154 Christum,

396 4177 505 4280 ⁹quia
539 4188 573 4258 in
607 4189 685 4283 ipsc
724 4187 887 4260 inhabitat
919 4189 1031 4260 omnis
1065 4187 1242 4282 plenitudo
1278 4187 1459 4259 divinitatis
1497 4189 1736 4282 corporaliter,
1789 4181 1868 4260 10ει

399 4308 481 4378 estis
506 4309 540 4382 in
564 4308 622 4378 illo
648 4310 785 4404 repleti,
813 4311 872 4402 qni
898 4319 951 4380 est
984 4319 1086 4404 caput
1123 4309 1233 4379 omm's
1259 4307 1469 4401 principatus
1496 4319 1531 4380 ct
1556 4311 1751 4404 potestatis,
1796 4301 1818 4346 ⁴¹
1834 4309 1869 4380 in

398 4449 468 4522 quo
501 4439 538 4500 et
575 4429 763 4501 circumcisi
796 4429 878 4500 estis
912 4429 1171 4500 circumcisione
1206 4451 1275 4500 non
1307 4447 1411 4500 manu
1443 4431 1548 4516 lacta,
1574 4432 1610 4501 in
1636 4429 1868 4524 expoliatione

398 4550 556 4644 corporis
588 4549 716 4634 carnis,
750 4550 784 4620 in
815 4549 1075 4622 circumcisione
1106 4549 1242 4632 Cluisti,
1294 4539 1319 4584 ¹²
1336 4551 1526 4644 consepulti
1557 4550 1590 4620 ei
1623 4552 1657 4620 in
1681 4550 1866 4642 baptismo,

397 4671 527 4763 inquo
555 4679 590 4742 ει
613 4671 851 4742 resurrexistis
883 4693 946 4764 per
978 4669 1082 4742 fidem
1110 4669 1319 4762 operationis
1346 4669 1418 4754 dei,
1447 4669 1505 4762 qui
1531 4671 1704 4741 suscitarit
1727 4670 1819 4740 illum
1848 4692 1870 4740 a

398 4792 552 4863 mortuns.
605 4781 836 4878 18(θηιιιοε,
865 4813 941 4862 cum
969 4788 1093 4862 mortui
1120 4790 1244 4860 essetis
1268 4791 1304 4859 in
1331 4789 1467 4861 delictis.
1490 4801 1524 4862 et
1548 4791 1729 4884 praeputio
1757 4791 1869 4862 carnis

396 4923 551 4997 vestrae,
582 4911 834 4985 convivificavit
868 4933 944 4983 cum
975 4909 1052 4996 illc,
1085 4909 1219 4981 donans
1247 4910 1350 4982 vobis
1382 4911 1499 4984 omnia
1525 4910 1662 4996 delicta,
1707 4901 1733 4946 ¹⁴
1746 4909 1871 4994 dolans
1932 4943 1941 4962 ·

397 5033 495 5124 quod
528 5033 711 5105 adversum
742 5053 809 5104 nos
839 5043 917 5104 crat
953 5027 1215 5124 'chirograffum
1240 5029 1407 5118 decretis,
1435 5032 1532 5126 quod
1558 5041 1633 5104 erat
1659 5031 1868 5102 contrarium

287 5229 290 5234 ,
360 5250 363 5257 ¹
396 5154 508 5240 nous,
535 5165 571 5226 et
596 5155 708 5248 ipsum
732 5155 806 5226 tulit
839 5151 884 5224 de
909 5151 1042 5238 modic,
1078 5149 1235 5244 adfigens
1262 5153 1344 5225 illud
1370 5154 1476 5238 ornei,
1521 5143 1547 5188 ⁴⁵
1564 5153 1746 5246 expolians
1770 5150 1867 5244 prin·-

968 5274 990 5357 1,
1015 5274 1064 5348 23
1095 5311 1140 5324 ·-
1169 5273 1203 5356 ll,
1234 5275 1290 5343 lt.
