4254 6130
365 351 438 424 bib
806 351 912 416 LIBER
938 349 1088 414 lowen
1114 347 1390 414 acoenonoetus

365 453 675 467 ..--...—-—--——---

365 557 490 632 nostris
515 555 675 628 Bernaba
702 565 737 626 et
762 554 879 639 Paulo,
923 544 950 592 ’Β
966 553 1161 628 bominibus
1188 554 1244 646 qui
1272 555 1486 626 tradiderunt
1512 555 1643 626 animas
1669 577 1751 626 suas
1777 577 1841 648 pro

365 678 503 752 normae
529 673 658 750 domini
683 675 789 746 nonni
815 675 892 748 lesu
918 673 1049 748 Christi.
1099 666 1290 746 ''llisimus
1316 697 1402 768 ergo
1428 675 1546 747 ludam
1573 681 1608 746 et
1634 674 1841 770 Silam,‚qui

366 808 401 870 et
427 798 491 892 ipsi
517 795 617 868 vobis
650 795 768 866 verbis
800 795 950 868 relevent
981 791 1115 866 eadem.
1166 785 1193 832 ’⁸
1208 795 1325 867 Visum
1360 806 1414 867 est
1445 796 1537 868 anim
1565 795 1696 890 spiritui
1722 805 1841 868 sancto

263 903 269 916 ’
366 929 402 992 et
426 917 527 990 nobis
553 914 632 986 nihil
657 915 742 986 ultra
768 915 933 1007 inponere
958 915 1060 986 vobis
1088 915 1202 987 oneris
1229 939 1332 1008 quarn
1359 915 1447 986 baec
1477 910 1710 999 'accesserim
1763 907 1790 952 ὓ
1806 925 1843 986 ut

367 1035 565 1112 abstineatis
589 1055 655 1104 vos
681 1033 727 1104 ab
754 1034 937 1106 immolatis
962 1021 1220 1108 simulacrorum
1248 1045 1284 1108 et
1309 1035 1475 1128 sanguine
1508 1037 1675 1108 suffocato
1709 1045 1744 1108 ct
1770 1037 1841 1107 lor-

367 1157 555 1238 nicolinus,
589 1175 609 1225 a
641 1153 764 1245 quibus
796 1153 1029 1226 custodientes
1061 1177 1127 1228 vos
1158 1156 1250 1228 bane
1276 1155 1395 1246 agetis
1447 1155 1575 1228 Valete.
1624 1148 1651 1194 ³⁰
1668 1155 1715 1228 llli
1741 1155 1843 1248 igitur

366 1277 495 1354 dimissi
523 1273 777 1348 descenderunt
802 1273 1033 1359 Anthicciam,
1072 1286 1108 1350 et
1142 1284 1353 1368 congregata
1385 1275 1597 1349 multitudine
1629 1275 1843 1354 tradiderunt
1910 1313 1912 1320 ·

367 1397 555 1492 epistulam.
607 1386 630 1428 ³⁴
649 1395 759 1478 Quam
787 1415 863 1466 curn
890 1394 1062 1486 legissent,
1090 1396 1199 1488 gavisi
1225 1406 1303 1468 sunt
1329 1415 1435 1487 super
1460 1395 1703 1468 consolatione.
1747 1387 1841 1466 ”ln-

367 1519 430 1592 das
457 1525 572 1589 autem
599 1521 635 1586 et
660 1512 756 1598 Silas
783 1523 818 1586 et
843 1513 909 1606 ipsi
935 1535 1012 1584 curn
1039 1526 1157 1586 essent
1181 1515 1382 1608 prophetae,
1409 1514 1519 1586 verbo
1545 1515 1692 1608 plurimo
1713 1536 1842 1586 conse-

367 1637 424 1712 lati
456 1644 533 1710 sunt
565 1635 687 1706 iratres
719 1643 755 1704 et
786 1623 1089 1706 confirmaverunt}
1133 1627 1160 1674 ³³
1176 1636 1267 1708 lactc
1301 1644 1416 1706 antem
1447 1635 1494 1706 ibi
1526 1645 1686 1729 tempore
1713 1634 1841 1706 dimissi

369 1767 447 1833 sunt
472 1777 549 1828 cum
575 1775 663 1848 pace
697 1753 902 1826 alratribus
935 1755 981 1825 ad
1003 1775 1076 1826 eos
1107 1754 1164 1846 qui
1197 1755 1363 1826 miserunt
1392 1755 1478 1826 illos.
1529 1746 1556 1794 ³⁵
1573 1758 1696 1830 Pardus
1728 1765 1840 1828 autem

369 1889 405 1950 et
435 1875 614 1950 Barnabas
645 1873 912 1948 demorabantur
944 1872 1144 1948 Anthieciae
1177 1873 1344 1948 docontes
1384 1884 1420 1946 et
1458 1875 1734 1968 evangelizantes
1765 1897 1842 1946 cnm

370 1998 442 2072 aliis
468 1995 620 2090 pluribus
645 1993 791 2066 verbum
818 1993 957 2070 domini.
1007 1985 1129 2068 ³⁰Post
1155 1995 1283 2087 aliquot
1310 2005 1424 2068 autern
1451 1995 1527 2068 dies
1554 1990 1656 2068 dixit'
1687 1995 1734 2066 ad
1757 1995 1842 2067 llar-

369 2117 485 2196 naban
516 2113 640 2186 Paulus
670 2112 895 2186 Revertentes
925 2113 1104 2188 visitemus
1144 2115 1267 2188 tratres
1302 2136 1365 2210 per
1399 2117 1579 2188 vmiversas
1616 2115 1771 2188 civitates
1808 2115 1842 2184 in

370 2239 494 2332 quibus
519 2232 793 2330 praedicavimus
818 2233 964 2306 verbnm
990 2233 1128 2319 domini,
1155 2235 1334 2326 quomodo
1361 2258 1401 2308 se
1427 2236 1585 2310 habeant
1623 2229 1650 2273 ³³
1666 2235 1843 2308 Barnabas

371 2369 486 2434 autem
511 2355 652 2430 volebat
677 2373 795 2428 aecum
822 2351 1005 2428 adsumere
1037 2363 1073 2426 et
1097 2355 1284 2430 Iohannem
1301 2357 1374 2448 ‘qun
1407 2358 1668 2450 cognominatur
1698 2357 1842 2428 Marcus.

370 2471 530 2553 ”Pauus
556 2485 670 2548 autem
697 2473 846 2566 rogabat
869 2493 959 2558 eum,
986 2473 1041 2566 qui
1069 2474 1287 2548 discessisset
1312 2475 1357 2548 ab
1384 2476 1437 2546 eis
1462 2475 1700 2572 aPampbylia
1723 2484 1758 2546 et
1773 2496 1843 2546 non

371 2600 455 2674 isset
480 2619 558 2670 cum
584 2596 635 2668 eis
659 2595 694 2666 in
720 2615 818 2686 opus,
844 2613 913 2666 non
939 2592 1072 2666 debere
1097 2594 1205 2687 recipi
1237 2616 1327 2668 enm.
1378 2586 1406 2632 ³⁹
1418 2597 1520 2668 Facta
1546 2606 1600 2668 est
1625 2604 1740 2668 autem
1766 2593 1840 2666 dis-

373 2718 498 2800 sensio,
525 2713 571 2788 ita'
597 2723 634 2786 ut
659 2713 878 2788 discederent
904 2713 950 2786 ab
975 2714 1131 2798 invicem,
1159 2723 1195 2786 et
1219 2714 1397 2787 Barnabas
1422 2715 1582 2788 adsumto
1608 2717 1726 2788 Marco
1743 2715 1842 2788 navi-

372 2848 471 2931 garet
496 2837 664 2930 Cyprum:
692 2824 869 2907 .⁴⁰l’andns
894 2855 979 2906 vere
1006 2836 1116 2906 electo
1144 2833 1213 2906 Sila
1246 2827 1420 2926 protectus
1446 2847 1508 2922 est,
1542 2836 1686 2908 traditus
1711 2835 1844 2927 gratiae

372 2957 500 3036 domini
526 2977 546 3028 a
571 2955 738 3030 fratribus.
790 2941 1096 3030 “Perambulabat
1113 2963 1227 3028 autern
1253 2954 1384 3047 Syriam
1412 2964 1446 3026 et
1465 2956 1611 3030 Ciliciam
1638 2955 1843 3028 confirmans

373 3078 547 3154 ecclesias.

1068 3353 1150 3424 XVl.

450 3555 459 3600 ¹
479 3560 637 3636 Pervenit
663 3567 777 3634 autem
802 3560 941 3634 Derben
966 3569 1002 3632 et
1018 3561 1182 3654 Lystcam.
1228 3557 1268 3630 Et
1294 3577 1377 3630 cece
1401 3555 1586 3652 discipulus
1604 3557 1743 3650 quidam
1771 3567 1869 3630 erat·

374 3683 420 3757 ibi
446 3681 584 3758 nomme
610 3679 817 3765 Timotheus,
844 3679 930 3756 lilius
955 3681 1105 3756 ndens
1130 3677 1259 3752 ludcae
1284 3677 1404 3762 fidelia,
1430 3689 1528 3771 patre
1554 3678 1680 3771 gentili.
1732 3669 1845 3750 'Huic

375 3801 605 3878 testimoninm
637 3799 833 3876 reddebant
867 3801 925 3892 qni
958 3797 994 3872 in
1026 3797 1155 3892 Lystris
1189 3808 1286 3872 erant
1321 3807 1357 3872 et
1389 3799 1505 3872 lconic
1536 3799 1668 3872 tratres.
1719 3791 1845 3868 ‘'llunc

376 3922 481 3996 voluit
504 3921 629 3998 Paulus
654 3941 774 3996 secum
800 3917 979 4013 proficisci,
1006 3927 1042 3988 et
1066 3917 1251 3994 adsumens
1277 3919 1487 3992 circumcidit
1517 3939 1596 3990 eum
1622 3929 1765 4012 propter
1789 3919 1844 3990 lu-

375 4041 484 4120 daeos
510 4042 567 4135 qul
592 4051 689 4116 erant
713 4041 747 4114 in
771 4039 834 4115 illis
859 4039 960 4110 locis:
987 4039 1140 4114 sciebam
1166 4039 1396 4112 enimomnes
1423 4039 1518 4132 quod
1541 4047 1642 4132 pater
1658 4039 1733 4110 eius
1758 4061 1845 4130 gen-

376 4162 442 4238 titis
467 4173 569 4240 essm.
621 4150 736 4238 ‘Cum
762 4169 879 4236 numm
905 4159 1152 4253 pertransirent
1177 4158 1348 4242 civitates,
1385 4159 1568 4232 tradebant
1594 4159 1645 4231 eis
1671 4159 1845 4232 custodire

377 4283 542 4376 dogmata
569 4303 657 4375 qnae
684 4289 783 4356 mant
812 4279 955 4354 deceta
980 4279 1025 4352 ab
1053 4279 1221 4373 apostolis
1252 4287 1289 4352 et
1318 4279 1511 4352 senioribus
1536 4279 1595 4372 qui
1620 4289 1739 4352 essem
1762 4279 1844 4352 Hie·-

376 4403 569 4500 rcsolymis'.
628 4395 696 4478 ⁶132
729 4401 899 4476 eccledac
931 4399 1069 4492 mudena
1109 4397 1400 4472 confirmabantur
1437 4399 1507 4472 lide
1549 4409 1585 4472 et
1625 4399 1847 4474 abundabant

378 4545 522 4600 numero
565 4523 700 4597 cotidie.
756 4515 1020 4596 ‘Transeuntes
1057 4529 1172 4592 autem
1203 4519 1361 4614 Frygiam
1402 4529 1437 4592 ct
1476 4519 1629 4596 Galatiae
1668 4519 1846 4612 mnam

377 4645 484 4743 vetati
510 4655 587 4718 sunt
612 4645 658 4718 ab
674 4643 794 4740 spiriln
819 4649 940 4716 sande
965 4639 1058 4733 loqnni
1083 4641 1229 4714 verbum
1255 4641 1289 4712 in
1313 4639 1415 4713 Asia:
1456 4631 1560 4712 'cnm
1583 4640 1758 4716 venissent
1783 4663 1845 4714 au-

378 4775 448 4840 tam
475 4767 508 4836 in
533 4766 694 4859 Mysiam
725 4763 912 4839 tentabant
944 4762 994 4834 ire
1026 4759 1232 4854 Bythiniam,
1267 4769 1302 4832 et
1333 4782 1403 4834 non
1434 4759 1589 4853 permisit
1620 4782 1684 4836 eoa
1710 4761 1847 4854 spiritus

378 4887 464 4962 lesu.
502 4874 532 4984 ⁴⁸
548 4887 632 4960 Cnnr
659 4895 775 4962 antem
800 4882 1066 4978 pertransissent
1088 4881 1243 4975 Mysiam,
1269 4879 1525 4954 descenderunt
1550 4881 1732 4954 Troadem.
1775 4872 1846 4954 ⁹lit

379 5007 466 5080 visio
492 5027 557 5100 per
590 5014 728 5080 noctorn
753 5005 861 5078 Panlo
895 5012 1035 5076 ostansa
1067 5011 1137 5072 eet:
1169 5000 1221 5072 vir
1253 5001 1399 5074 Macedo
1425 5001 1565 5095 quidam
1592 5011 1668 5074 erat
1693 5011 1788 5074 stans
1813 5011 1848 5070 et

379 5127 570 5218 deprecans
606 5149 684 5200 suns
718 5136 753 5200 st
784 5125 904 5200 dicens
936 5123 1118 5196 'lransiens
1150 5121 1183 5194 in
1216 5121 1454 5196 Macedoniarn
1487 5121 1612 5194 adiuva
1637 5144 1711 5194 nna.
1765 5113 1792 5158 ¹⁰
1807 5121 1847 5192 Ut

905 5244 972 5328 XV,
1001 5245 1048 5316 26
1079 5283 1123 5294 --
1152 5243 1232 5326 xla,
1263 5245 1318 5314 tc.
