<?xml version="1.0" encoding="UTF-8"?>
<!DOCTYPE html PUBLIC "-//W3C//DTD XHTML 1.0 Transitional//EN"
    "http://www.w3.org/TR/xhtml1/DTD/xhtml1-transitional.dtd">
<html xmlns="http://www.w3.org/1999/xhtml" xml:lang="en" lang="en">
 <head>
  <title>
</title>
<meta http-equiv="Content-Type" content="text/html;charset=utf-8" />
  <meta name='ocr-system' content='tesseract 3.04.00' />
  <meta name='ocr-capabilities' content='ocr_page ocr_carea ocr_par ocr_line ocrx_word'/>
</head>
<body>
  <div class='ocr_page' id='page_1' title='image "./novumtestamentu02tiscgoog_0130.png"; bbox 0 0 4242 6118; ppageno 0'>
   <div class='ocr_carea' id='block_1_1' title="bbox 677 381 1748 464">
    <p class='ocr_par' dir='ltr' id='par_1_1' title="bbox 677 381 1748 464">
     <span class='ocr_line' id='line_1_1' title="bbox 677 381 1748 464; baseline 0.002 -4"><span class='ocrx_word' id='word_1_1' title='bbox 677 393 920 461; x_wconf 71' lang='lat' dir='ltr'><strong>uninomina</strong></span> <span class='ocrx_word' id='word_1_2' title='bbox 947 396 1151 462; x_wconf 83' lang='lat' dir='ltr'><strong>suonsnnu</strong></span> <span class='ocrx_word' id='word_1_3' title='bbox 1176 392 1331 460; x_wconf 81' lang='lat' dir='ltr'><strong>mnouu</strong></span> <span class='ocrx_word' id='word_1_4' title='bbox 1699 381 1748 464; x_wconf 79' lang='lat' dir='ltr'><strong>ts</strong></span> 
     </span>
    </p>
   </div>
   <div class='ocr_carea' id='block_1_2' title="bbox 159 587 1756 1416">
    <p class='ocr_par' dir='ltr' id='par_1_2' title="bbox 159 587 1756 1416">
     <span class='ocr_line' id='line_1_2' title="bbox 264 587 1752 696; baseline -0.004 -22"><span class='ocrx_word' id='word_1_5' title='bbox 264 625 343 674; x_wconf 93' lang='lat' dir='ltr'><strong>cum</strong></span> <span class='ocrx_word' id='word_1_6' title='bbox 369 601 659 696; x_wconf 81' lang='lat' dir='ltr'>persecutoribus,</span> <span class='ocrx_word' id='word_1_7' title='bbox 687 597 780 672; x_wconf 91' lang='lat' dir='ltr'><strong>etin</strong></span> <span class='ocrx_word' id='word_1_8' title='bbox 808 601 962 674; x_wconf 82' lang='lat' dir='ltr'><strong>saecnio&#39;</strong></span> <span class='ocrx_word' id='word_1_9' title='bbox 975 602 1087 674; x_wconf 86' lang='lat' dir='ltr'><strong>iutnro</strong></span> <span class='ocrx_word' id='word_1_10' title='bbox 1113 601 1218 674; x_wconf 84' lang='lat' dir='ltr'><strong>vitam</strong></span> <span class='ocrx_word' id='word_1_11' title='bbox 1253 607 1444 670; x_wconf 77' lang='lat' dir='ltr'><strong>aeternam.</strong></span> <span class='ocrx_word' id='word_1_12' title='bbox 1495 588 1519 632; x_wconf 83' lang='lat'><strong>³¹</strong></span> <span class='ocrx_word' id='word_1_13' title='bbox 1536 587 1627 644; x_wconf 58' lang='lat'>(¹⁴¹³)</span> <span class='ocrx_word' id='word_1_14' title='bbox 1658 597 1752 670; x_wconf 84' lang='lat' dir='ltr'><strong>Multi</strong></span> 
     </span>
     <span class='ocr_line' id='line_1_3' title="bbox 264 709 1755 818; baseline -0.005 -22"><span class='ocrx_word' id='word_1_15' title='bbox 264 733 379 796; x_wconf 89' lang='lat' dir='ltr'><strong>antem</strong></span> <span class='ocrx_word' id='word_1_16' title='bbox 406 733 507 796; x_wconf 90' lang='lat' dir='ltr'><strong>erunt</strong></span> <span class='ocrx_word' id='word_1_17' title='bbox 533 721 631 818; x_wconf 91' lang='lat' dir='ltr'><strong>primi</strong></span> <span class='ocrx_word' id='word_1_18' title='bbox 657 721 843 808; x_wconf 91' lang='lat' dir='ltr'><strong>novissimi,</strong></span> <span class='ocrx_word' id='word_1_19' title='bbox 870 733 906 794; x_wconf 91' lang='lat' dir='ltr'><strong>et</strong></span> <span class='ocrx_word' id='word_1_20' title='bbox 931 722 1107 794; x_wconf 86' lang='lat' dir='ltr'><strong>novissimi</strong></span> <span class='ocrx_word' id='word_1_21' title='bbox 1133 720 1242 814; x_wconf 90' lang='lat' dir='ltr'><strong>primi.</strong></span> <span class='ocrx_word' id='word_1_22' title='bbox 1294 709 1322 754; x_wconf 72' lang='lat'><strong>³²</strong></span> <span class='ocrx_word' id='word_1_23' title='bbox 1336 709 1428 766; x_wconf 53' lang='grc' dir='ltr'><strong>(ω)</strong></span> <span class='ocrx_word' id='word_1_24' title='bbox 1445 715 1552 788; x_wconf 81' lang='lat' dir='ltr'><strong>Erant</strong></span> <span class='ocrx_word' id='word_1_25' title='bbox 1577 727 1692 788; x_wconf 90' lang='lat' dir='ltr'><strong>antem</strong></span> <span class='ocrx_word' id='word_1_26' title='bbox 1719 719 1755 806; x_wconf 80' lang='lat' dir='ltr'><strong>iq</strong></span> 
     </span>
     <span class='ocr_line' id='line_1_4' title="bbox 159 837 1754 944; baseline -0.004 -27"><span class='ocrx_word' id='word_1_27' title='bbox 159 937 162 944; x_wconf 87' lang='lat'><em>.</em></span> <span class='ocrx_word' id='word_1_28' title='bbox 264 845 321 917; x_wconf 88' lang='lat' dir='ltr'><strong>via</strong></span> <span class='ocrx_word' id='word_1_29' title='bbox 347 844 578 916; x_wconf 82' lang='lat' dir='ltr'><strong>ascendentes</strong></span> <span class='ocrx_word' id='word_1_30' title='bbox 603 843 638 913; x_wconf 90' lang='lat' dir='ltr'><strong>in</strong></span> <span class='ocrx_word' id='word_1_31' title='bbox 665 842 920 937; x_wconf 78' lang='lat' dir='ltr'><strong>Hierosolyma,</strong></span> <span class='ocrx_word' id='word_1_32' title='bbox 947 853 984 914; x_wconf 91' lang='grc' dir='ltr'><strong>ιι</strong></span> <span class='ocrx_word' id='word_1_33' title='bbox 1008 841 1245 936; x_wconf 79' lang='lat' dir='ltr'><strong>praecedebat</strong></span> <span class='ocrx_word' id='word_1_34' title='bbox 1270 838 1348 910; x_wconf 89' lang='lat' dir='ltr'><strong>illos</strong></span> <span class='ocrx_word' id='word_1_35' title='bbox 1373 837 1481 924; x_wconf 88' lang='lat' dir='ltr'><strong>lesus,</strong></span> <span class='ocrx_word' id='word_1_36' title='bbox 1509 845 1545 910; x_wconf 92' lang='lat' dir='ltr'><strong>et</strong></span> <span class='ocrx_word' id='word_1_37' title='bbox 1568 839 1754 932; x_wconf 85' lang='lat' dir='ltr'><strong>stupebant</strong></span> 
     </span>
     <span class='ocr_line' id='line_1_5' title="bbox 265 957 1754 1058; baseline -0.002 -22"><span class='ocrx_word' id='word_1_38' title='bbox 265 975 301 1036; x_wconf 91' lang='lat' dir='ltr'><strong>et</strong></span> <span class='ocrx_word' id='word_1_39' title='bbox 325 975 512 1058; x_wconf 86' lang='lat' dir='ltr'><strong>sequentes</strong></span> <span class='ocrx_word' id='word_1_40' title='bbox 538 963 713 1036; x_wconf 86' lang='lat' dir='ltr'><strong>timebant</strong></span> <span class='ocrx_word' id='word_1_41' title='bbox 764 963 807 1034; x_wconf 86' lang='lat' dir='ltr'><strong>Et</strong></span> <span class='ocrx_word' id='word_1_42' title='bbox 833 962 1021 1034; x_wconf 81' lang='lat' dir='ltr'><strong>adsumens</strong></span> <span class='ocrx_word' id='word_1_43' title='bbox 1046 965 1169 1036; x_wconf 84' lang='lat' dir='ltr'><strong>iterum</strong></span> <span class='ocrx_word' id='word_1_44' title='bbox 1195 958 1387 1032; x_wconf 87' lang='lat' dir='ltr'><strong>duodecim</strong></span> <span class='ocrx_word' id='word_1_45' title='bbox 1414 957 1530 1052; x_wconf 90' lang='lat' dir='ltr'><strong>coepit</strong></span> <span class='ocrx_word' id='word_1_46' title='bbox 1554 959 1618 1032; x_wconf 86' lang='lat' dir='ltr'><strong>iilis</strong></span> <span class='ocrx_word' id='word_1_47' title='bbox 1635 959 1754 1032; x_wconf 88' lang='lat' dir='ltr'><strong>dicere</strong></span> 
     </span>
     <span class='ocr_line' id='line_1_6' title="bbox 265 1075 1755 1178; baseline -0.003 -21"><span class='ocrx_word' id='word_1_48' title='bbox 265 1105 355 1178; x_wconf 89' lang='lat' dir='ltr'><strong>qnae</strong></span> <span class='ocrx_word' id='word_1_49' title='bbox 385 1093 504 1156; x_wconf 88' lang='lat' dir='ltr'><strong>essent</strong></span> <span class='ocrx_word' id='word_1_50' title='bbox 535 1083 568 1156; x_wconf 91' lang='lat' dir='ltr'><strong>oi</strong></span> <span class='ocrx_word' id='word_1_51' title='bbox 600 1091 783 1168; x_wconf 89' lang='lat' dir='ltr'><strong>eventura,</strong></span> <span class='ocrx_word' id='word_1_52' title='bbox 835 1075 862 1122; x_wconf 70' lang='lat'><strong>³³</strong></span> <span class='ocrx_word' id='word_1_53' title='bbox 878 1083 958 1176; x_wconf 92' lang='lat' dir='ltr'><strong>qnia</strong></span> <span class='ocrx_word' id='word_1_54' title='bbox 989 1105 1073 1156; x_wconf 88' lang='lat' dir='ltr'><strong>cccc</strong></span> <span class='ocrx_word' id='word_1_55' title='bbox 1109 1081 1334 1154; x_wconf 87' lang='lat' dir='ltr'><strong>ascendimus</strong></span> <span class='ocrx_word' id='word_1_56' title='bbox 1368 1077 1404 1148; x_wconf 91' lang='lat' dir='ltr'><strong>in</strong></span> <span class='ocrx_word' id='word_1_57' title='bbox 1434 1078 1691 1174; x_wconf 78' lang='lat' dir='ltr'><strong>Hierosolyma,</strong></span> <span class='ocrx_word' id='word_1_58' title='bbox 1713 1090 1755 1154; x_wconf 73' lang='lat' dir='ltr'><strong>‘et</strong></span> 
     </span>
     <span class='ocr_line' id='line_1_7' title="bbox 265 1191 1756 1297; baseline -0.001 -21"><span class='ocrx_word' id='word_1_59' title='bbox 265 1203 352 1276; x_wconf 85' lang='lat' dir='ltr'><strong>filim</strong></span> <span class='ocrx_word' id='word_1_60' title='bbox 379 1204 527 1276; x_wconf 90' lang='lat' dir='ltr'><strong>bominis</strong></span> <span class='ocrx_word' id='word_1_61' title='bbox 554 1203 708 1276; x_wconf 89' lang='lat' dir='ltr'><strong>tradetur</strong></span> <span class='ocrx_word' id='word_1_62' title='bbox 733 1201 957 1297; x_wconf 85' lang='lat' dir='ltr'><strong>principibus·</strong></span> <span class='ocrx_word' id='word_1_63' title='bbox 974 1202 1195 1276; x_wconf 89' lang='lat' dir='ltr'><strong>sacerdotnm</strong></span> <span class='ocrx_word' id='word_1_64' title='bbox 1232 1210 1268 1272; x_wconf 88' lang='lat' dir='ltr'><strong>et</strong></span> <span class='ocrx_word' id='word_1_65' title='bbox 1302 1197 1443 1283; x_wconf 88' lang='lat' dir='ltr'><strong>scribis,</strong></span> <span class='ocrx_word' id='word_1_66' title='bbox 1478 1209 1524 1272; x_wconf 89' lang='grc' dir='ltr'><strong>ιι.</strong></span> <span class='ocrx_word' id='word_1_67' title='bbox 1543 1191 1756 1276; x_wconf 79' lang='lat' dir='ltr'><strong>damnabunt</strong></span> 
     </span>
     <span class='ocr_line' id='line_1_8' title="bbox 267 1301 1756 1416; baseline 0 -20"><span class='ocrx_word' id='word_1_68' title='bbox 267 1347 345 1396; x_wconf 88' lang='lat' dir='ltr'><strong>eum</strong></span> <span class='ocrx_word' id='word_1_69' title='bbox 372 1335 485 1396; x_wconf 89' lang='lat' dir='ltr'><strong>morte</strong></span> <span class='ocrx_word' id='word_1_70' title='bbox 511 1334 547 1396; x_wconf 88' lang='lat' dir='ltr'><strong>et</strong></span> <span class='ocrx_word' id='word_1_71' title='bbox 572 1323 710 1396; x_wconf 89' lang='lat' dir='ltr'><strong>tradent</strong></span> <span class='ocrx_word' id='word_1_72' title='bbox 736 1344 816 1394; x_wconf 92' lang='lat' dir='ltr'><strong>enm</strong></span> <span class='ocrx_word' id='word_1_73' title='bbox 842 1325 1017 1415; x_wconf 79' lang='lat' dir='ltr'><strong>gentibus,</strong></span> <span class='ocrx_word' id='word_1_74' title='bbox 1066 1301 1145 1394; x_wconf 63' lang='lat' dir='ltr'><strong>³‘et</strong></span> <span class='ocrx_word' id='word_1_75' title='bbox 1170 1319 1328 1394; x_wconf 83' lang='lat' dir='ltr'><strong>inludent</strong></span> <span class='ocrx_word' id='word_1_76' title='bbox 1354 1317 1387 1390; x_wconf 90' lang='lat' dir='ltr'><strong>ei</strong></span> <span class='ocrx_word' id='word_1_77' title='bbox 1404 1327 1440 1388; x_wconf 88' lang='lat' dir='ltr'><strong>et</strong></span> <span class='ocrx_word' id='word_1_78' title='bbox 1457 1333 1649 1416; x_wconf 79' lang='lat' dir='ltr'><strong>conspuent</strong></span> <span class='ocrx_word' id='word_1_79' title='bbox 1674 1345 1756 1396; x_wconf 88' lang='lat' dir='ltr'><strong>enm</strong></span> 
     </span>
    </p>
   </div>
   <div class='ocr_carea' id='block_1_3' title="bbox 150 1422 1902 1538">
    <p class='ocr_par' dir='ltr' id='par_1_3' title="bbox 150 1422 1902 1538">
     <span class='ocr_line' id='line_1_9' title="bbox 150 1422 1902 1538; baseline -0.001 -20"><span class='ocrx_word' id='word_1_80' title='bbox 150 1422 154 1434; x_wconf 59' lang='grc'>’</span> <span class='ocrx_word' id='word_1_81' title='bbox 267 1455 303 1518; x_wconf 89' lang='grc' dir='ltr'><strong>ιι</strong></span> <span class='ocrx_word' id='word_1_82' title='bbox 327 1445 549 1538; x_wconf 80' lang='lat' dir='ltr'><strong>flagellabunt</strong></span> <span class='ocrx_word' id='word_1_83' title='bbox 574 1465 672 1530; x_wconf 90' lang='lat' dir='ltr'><strong>enm,</strong></span> <span class='ocrx_word' id='word_1_84' title='bbox 699 1441 904 1514; x_wconf 89' lang='lat' dir='ltr'><strong>interficient</strong></span> <span class='ocrx_word' id='word_1_85' title='bbox 935 1465 1014 1516; x_wconf 92' lang='lat' dir='ltr'><strong>enm</strong></span> <span class='ocrx_word' id='word_1_86' title='bbox 1049 1453 1085 1514; x_wconf 89' lang='grc' dir='ltr'><strong>ιι</strong></span> <span class='ocrx_word' id='word_1_87' title='bbox 1118 1443 1217 1514; x_wconf 86' lang='lat' dir='ltr'><strong>tertia</strong></span> <span class='ocrx_word' id='word_1_88' title='bbox 1253 1440 1314 1512; x_wconf 91' lang='lat' dir='ltr'><strong>die</strong></span> <span class='ocrx_word' id='word_1_89' title='bbox 1347 1450 1515 1532; x_wconf 82' lang='lat' dir='ltr'><strong>resurget</strong></span> <span class='ocrx_word' id='word_1_90' title='bbox 1566 1433 1696 1492; x_wconf 54' lang='grc' dir='ltr'><strong>ΝΜ)</strong></span> <span class='ocrx_word' id='word_1_91' title='bbox 1713 1446 1756 1516; x_wconf 85' lang='lat' dir='ltr'><strong>Et</strong></span> <span class='ocrx_word' id='word_1_92' title='bbox 1897 1510 1902 1522; x_wconf 83' lang='lat'><strong>,</strong></span> 
     </span>
    </p>
   </div>
   <div class='ocr_carea' id='block_1_4' title="bbox 267 1559 1839 3222">
    <p class='ocr_par' dir='ltr' id='par_1_4' title="bbox 267 1559 1839 3222">
     <span class='ocr_line' id='line_1_10' title="bbox 267 1559 1755 1657; baseline -0.001 -19"><span class='ocrx_word' id='word_1_93' title='bbox 267 1565 437 1638; x_wconf 88' lang='lat' dir='ltr'><strong>accedunt</strong></span> <span class='ocrx_word' id='word_1_94' title='bbox 467 1565 514 1638; x_wconf 84' lang='lat' dir='ltr'><strong>ud</strong></span> <span class='ocrx_word' id='word_1_95' title='bbox 547 1587 627 1636; x_wconf 86' lang='lat' dir='ltr'><strong>curn</strong></span> <span class='ocrx_word' id='word_1_96' title='bbox 657 1564 806 1636; x_wconf 88' lang='lat' dir='ltr'><strong>Iacobus</strong></span> <span class='ocrx_word' id='word_1_97' title='bbox 840 1574 876 1636; x_wconf 93' lang='grc' dir='ltr'><strong>ιι</strong></span> <span class='ocrx_word' id='word_1_98' title='bbox 908 1565 1079 1636; x_wconf 86' lang='lat' dir='ltr'><strong>lohannes</strong></span> <span class='ocrx_word' id='word_1_99' title='bbox 1112 1563 1169 1634; x_wconf 85' lang='lat' dir='ltr'><strong>iiiii</strong></span> <span class='ocrx_word' id='word_1_100' title='bbox 1193 1559 1374 1634; x_wconf 88' lang='lat' dir='ltr'><strong>Zebedaei</strong></span> <span class='ocrx_word' id='word_1_101' title='bbox 1400 1559 1556 1634; x_wconf 88' lang='lat' dir='ltr'><strong>dicantes</strong></span> <span class='ocrx_word' id='word_1_102' title='bbox 1580 1563 1755 1657; x_wconf 78' lang='lat' dir='ltr'><strong>Magister,</strong></span> 
     </span>
     <span class='ocr_line' id='line_1_11' title="bbox 267 1672 1755 1778; baseline 0.001 -20"><span class='ocrx_word' id='word_1_103' title='bbox 267 1687 425 1758; x_wconf 89' lang='lat' dir='ltr'><strong>volumus</strong></span> <span class='ocrx_word' id='word_1_104' title='bbox 451 1694 489 1756; x_wconf 89' lang='lat' dir='ltr'><strong>nt</strong></span> <span class='ocrx_word' id='word_1_105' title='bbox 513 1685 760 1778; x_wconf 90' lang='lat' dir='ltr'><strong>quodcumque</strong></span> <span class='ocrx_word' id='word_1_106' title='bbox 785 1683 984 1778; x_wconf 87' lang='lat' dir='ltr'><strong>petierimus</strong></span> <span class='ocrx_word' id='word_1_107' title='bbox 1010 1683 1116 1756; x_wconf 82' lang='lat' dir='ltr'><strong>iacias</strong></span> <span class='ocrx_word' id='word_1_108' title='bbox 1142 1683 1254 1755; x_wconf 88' lang='lat' dir='ltr'><strong>nobis.</strong></span> <span class='ocrx_word' id='word_1_109' title='bbox 1289 1672 1319 1718; x_wconf 75' lang='lat'><strong>³⁶</strong></span> <span class='ocrx_word' id='word_1_110' title='bbox 1334 1679 1381 1751; x_wconf 84' lang='lat' dir='ltr'><strong>At</strong></span> <span class='ocrx_word' id='word_1_111' title='bbox 1406 1681 1461 1752; x_wconf 89' lang='lat' dir='ltr'><strong>ille</strong></span> <span class='ocrx_word' id='word_1_112' title='bbox 1479 1680 1566 1756; x_wconf 80' lang='lat' dir='ltr'><strong>dixit</strong></span> <span class='ocrx_word' id='word_1_113' title='bbox 1593 1683 1645 1754; x_wconf 88' lang='lat' dir='ltr'><strong>eis</strong></span> <span class='ocrx_word' id='word_1_114' title='bbox 1663 1685 1755 1770; x_wconf 88' lang='lat' dir='ltr'><strong>Quid</strong></span> 
     </span>
     <span class='ocr_line' id='line_1_12' title="bbox 267 1798 1754 1878; baseline 0.001 -1"><span class='ocrx_word' id='word_1_115' title='bbox 267 1806 366 1877; x_wconf 85' lang='lat' dir='ltr'><strong>vultis</strong></span> <span class='ocrx_word' id='word_1_116' title='bbox 400 1816 438 1876; x_wconf 90' lang='lat' dir='ltr'><strong>nt</strong></span> <span class='ocrx_word' id='word_1_117' title='bbox 469 1806 593 1878; x_wconf 80' lang='lat' dir='ltr'><strong>faciam</strong></span> <span class='ocrx_word' id='word_1_118' title='bbox 626 1805 752 1878; x_wconf 78' lang='lat' dir='ltr'><strong>vobis?</strong></span> <span class='ocrx_word' id='word_1_119' title='bbox 803 1798 829 1843; x_wconf 75' lang='lat'><strong>³⁷</strong></span> <span class='ocrx_word' id='word_1_120' title='bbox 846 1805 888 1876; x_wconf 84' lang='lat' dir='ltr'><strong>Et</strong></span> <span class='ocrx_word' id='word_1_121' title='bbox 920 1804 1082 1876; x_wconf 84' lang='lat' dir='ltr'><strong>dixerunt</strong></span> <span class='ocrx_word' id='word_1_122' title='bbox 1113 1805 1166 1876; x_wconf 87' lang='lat' dir='ltr'><strong>Da</strong></span> <span class='ocrx_word' id='word_1_123' title='bbox 1199 1803 1303 1875; x_wconf 87' lang='lat' dir='ltr'><strong>nobis</strong></span> <span class='ocrx_word' id='word_1_124' title='bbox 1337 1810 1374 1872; x_wconf 92' lang='lat' dir='ltr'><strong>ut</strong></span> <span class='ocrx_word' id='word_1_125' title='bbox 1405 1823 1493 1876; x_wconf 88' lang='lat' dir='ltr'><strong>unns</strong></span> <span class='ocrx_word' id='word_1_126' title='bbox 1518 1803 1566 1876; x_wconf 90' lang='lat' dir='ltr'><strong>ad</strong></span> <span class='ocrx_word' id='word_1_127' title='bbox 1592 1802 1754 1878; x_wconf 85' lang='lat' dir='ltr'><strong>dextram</strong></span> 
     </span>
     <span class='ocr_line' id='line_1_13' title="bbox 268 1915 1839 2020; baseline 0.003 -24"><span class='ocrx_word' id='word_1_128' title='bbox 268 1935 362 1998; x_wconf 88' lang='lat' dir='ltr'><strong>tuam</strong></span> <span class='ocrx_word' id='word_1_129' title='bbox 388 1933 424 1996; x_wconf 90' lang='grc' dir='ltr'><strong>ιι</strong></span> <span class='ocrx_word' id='word_1_130' title='bbox 450 1925 538 1996; x_wconf 86' lang='lat' dir='ltr'><strong>alius</strong></span> <span class='ocrx_word' id='word_1_131' title='bbox 561 1923 607 1996; x_wconf 92' lang='lat' dir='ltr'><strong>ad</strong></span> <span class='ocrx_word' id='word_1_132' title='bbox 634 1924 805 1996; x_wconf 89' lang='lat' dir='ltr'><strong>sinistram</strong></span> <span class='ocrx_word' id='word_1_133' title='bbox 832 1935 926 1996; x_wconf 91' lang='lat' dir='ltr'><strong>tuam</strong></span> <span class='ocrx_word' id='word_1_134' title='bbox 952 1924 1144 2018; x_wconf 82' lang='lat' dir='ltr'><strong>sedeamus¹</strong></span> <span class='ocrx_word' id='word_1_135' title='bbox 1167 1925 1201 1994; x_wconf 93' lang='lat' dir='ltr'><strong>in</strong></span> <span class='ocrx_word' id='word_1_136' title='bbox 1226 1922 1338 2016; x_wconf 80' lang='lat' dir='ltr'><strong>gloria</strong></span> <span class='ocrx_word' id='word_1_137' title='bbox 1365 1930 1433 2020; x_wconf 83' lang='lat' dir='ltr'><strong>tua.</strong></span> <span class='ocrx_word' id='word_1_138' title='bbox 1484 1915 1621 1996; x_wconf 62' lang='lat' dir='ltr'><strong>”Iesus</strong></span> <span class='ocrx_word' id='word_1_139' title='bbox 1638 1935 1753 2000; x_wconf 89' lang='lat' dir='ltr'><strong>autem</strong></span> <span class='ocrx_word' id='word_1_140' title='bbox 1836 1955 1839 1960; x_wconf 47' lang='lat'>¹</span> 
     </span>
     <span class='ocr_line' id='line_1_14' title="bbox 269 2043 1752 2139; baseline 0.001 -21"><span class='ocrx_word' id='word_1_141' title='bbox 269 2046 315 2118; x_wconf 89' lang='lat' dir='ltr'><strong>ait</strong></span> <span class='ocrx_word' id='word_1_142' title='bbox 348 2045 399 2116; x_wconf 88' lang='lat' dir='ltr'><strong>eis</strong></span> <span class='ocrx_word' id='word_1_143' title='bbox 430 2045 578 2118; x_wconf 83' lang='lat' dir='ltr'><strong>Nescitis</strong></span> <span class='ocrx_word' id='word_1_144' title='bbox 610 2045 694 2138; x_wconf 93' lang='lat' dir='ltr'><strong>qnid</strong></span> <span class='ocrx_word' id='word_1_145' title='bbox 727 2045 870 2139; x_wconf 87' lang='lat' dir='ltr'><strong>potatis:</strong></span> <span class='ocrx_word' id='word_1_146' title='bbox 903 2045 1049 2138; x_wconf 88' lang='lat' dir='ltr'><strong>potestis</strong></span> <span class='ocrx_word' id='word_1_147' title='bbox 1081 2043 1205 2116; x_wconf 89' lang='lat' dir='ltr'><strong>bibero</strong></span> <span class='ocrx_word' id='word_1_148' title='bbox 1239 2043 1384 2114; x_wconf 90' lang='lat' dir='ltr'><strong>cab&#39;com</strong></span> <span class='ocrx_word' id='word_1_149' title='bbox 1410 2063 1514 2136; x_wconf 89' lang='lat' dir='ltr'><strong>quem</strong></span> <span class='ocrx_word' id='word_1_150' title='bbox 1542 2065 1613 2138; x_wconf 78' lang='lat' dir='ltr'><strong>ego</strong></span> <span class='ocrx_word' id='word_1_151' title='bbox 1639 2045 1752 2120; x_wconf 81' lang='grc' dir='ltr'>ιιιιιιι</span> 
     </span>
     <span class='ocr_line' id='line_1_15' title="bbox 269 2157 1752 2259; baseline 0 -21"><span class='ocrx_word' id='word_1_152' title='bbox 269 2175 326 2238; x_wconf 91' lang='lat' dir='ltr'><strong>aut</strong></span> <span class='ocrx_word' id='word_1_153' title='bbox 350 2165 558 2258; x_wconf 87' lang='lat' dir='ltr'><strong>baptismum</strong></span> <span class='ocrx_word' id='word_1_154' title='bbox 585 2185 655 2258; x_wconf 93' lang='lat' dir='ltr'><strong>quo</strong></span> <span class='ocrx_word' id='word_1_155' title='bbox 682 2187 751 2258; x_wconf 70' lang='lat' dir='ltr'><strong>ogo</strong></span> <span class='ocrx_word' id='word_1_156' title='bbox 777 2164 935 2259; x_wconf 86' lang='lat' dir='ltr'><strong>baptizor</strong></span> <span class='ocrx_word' id='word_1_157' title='bbox 960 2163 1156 2259; x_wconf 75' lang='lat' dir='ltr'><strong>baptizari?</strong></span> <span class='ocrx_word' id='word_1_158' title='bbox 1207 2157 1293 2234; x_wconf 64' lang='lat' dir='ltr'><strong>aibt</strong></span> <span class='ocrx_word' id='word_1_159' title='bbox 1322 2162 1368 2234; x_wconf 85' lang='lat' dir='ltr'><strong>ilii</strong></span> <span class='ocrx_word' id='word_1_160' title='bbox 1400 2162 1563 2236; x_wconf 76' lang='lat' dir='ltr'><strong>dixerim</strong></span> <span class='ocrx_word' id='word_1_161' title='bbox 1596 2165 1629 2236; x_wconf 92' lang='grc' dir='ltr'><strong>ιι</strong></span> <span class='ocrx_word' id='word_1_162' title='bbox 1664 2165 1752 2238; x_wconf 87' lang='lat' dir='ltr'><strong>Pos-</strong></span> 
     </span>
     <span class='ocr_line' id='line_1_16' title="bbox 269 2284 1753 2378; baseline 0.001 -20"><span class='ocrx_word' id='word_1_163' title='bbox 269 2308 397 2358; x_wconf 89' lang='lat' dir='ltr'><strong>sumus.</strong></span> <span class='ocrx_word' id='word_1_164' title='bbox 440 2286 537 2358; x_wconf 89' lang='lat' dir='ltr'><strong>lesus</strong></span> <span class='ocrx_word' id='word_1_165' title='bbox 563 2295 678 2356; x_wconf 89' lang='lat' dir='ltr'><strong>antem</strong></span> <span class='ocrx_word' id='word_1_166' title='bbox 707 2285 754 2358; x_wconf 90' lang='lat' dir='ltr'><strong>ait</strong></span> <span class='ocrx_word' id='word_1_167' title='bbox 780 2285 831 2356; x_wconf 90' lang='lat' dir='ltr'><strong>cis</strong></span> <span class='ocrx_word' id='word_1_168' title='bbox 857 2284 1006 2357; x_wconf 83' lang='lat' dir='ltr'><strong>Calicem</strong></span> <span class='ocrx_word' id='word_1_169' title='bbox 1032 2285 1174 2378; x_wconf 88' lang='lat' dir='ltr'><strong>quidem</strong></span> <span class='ocrx_word' id='word_1_170' title='bbox 1201 2305 1305 2377; x_wconf 93' lang='lat' dir='ltr'><strong>quem</strong></span> <span class='ocrx_word' id='word_1_171' title='bbox 1339 2303 1409 2377; x_wconf 79' lang='lat' dir='ltr'><strong>ego</strong></span> <span class='ocrx_word' id='word_1_172' title='bbox 1442 2284 1528 2356; x_wconf 93' lang='lat' dir='ltr'><strong>bibo</strong></span> <span class='ocrx_word' id='word_1_173' title='bbox 1553 2284 1691 2372; x_wconf 89' lang='lat' dir='ltr'><strong>bibetis,</strong></span> <span class='ocrx_word' id='word_1_174' title='bbox 1718 2297 1753 2360; x_wconf 92' lang='grc' dir='ltr'><strong>ιι</strong></span> 
     </span>
     <span class='ocr_line' id='line_1_17' title="bbox 268 2392 1752 2500; baseline 0.001 -22"><span class='ocrx_word' id='word_1_175' title='bbox 268 2406 475 2499; x_wconf 86' lang='lat' dir='ltr'><strong>baptismum</strong></span> <span class='ocrx_word' id='word_1_176' title='bbox 502 2427 572 2500; x_wconf 93' lang='lat' dir='ltr'><strong>quo</strong></span> <span class='ocrx_word' id='word_1_177' title='bbox 599 2427 668 2498; x_wconf 77' lang='lat' dir='ltr'><strong>ego</strong></span> <span class='ocrx_word' id='word_1_178' title='bbox 693 2403 853 2499; x_wconf 85' lang='lat' dir='ltr'><strong>baptizor</strong></span> <span class='ocrx_word' id='word_1_179' title='bbox 877 2403 1149 2500; x_wconf 83' lang='lat' dir='ltr'><strong>baptizabimini:</strong></span> <span class='ocrx_word' id='word_1_180' title='bbox 1192 2392 1220 2440; x_wconf 74' lang='lat'><strong>⁴⁰</strong></span> <span class='ocrx_word' id='word_1_181' title='bbox 1236 2403 1365 2476; x_wconf 86' lang='lat' dir='ltr'><strong>sedere</strong></span> <span class='ocrx_word' id='word_1_182' title='bbox 1391 2413 1508 2476; x_wconf 90' lang='lat' dir='ltr'><strong>autem</strong></span> <span class='ocrx_word' id='word_1_183' title='bbox 1526 2405 1573 2477; x_wconf 91' lang='lat' dir='ltr'><strong>ad</strong></span> <span class='ocrx_word' id='word_1_184' title='bbox 1591 2406 1752 2480; x_wconf 85' lang='lat' dir='ltr'><strong>dextram</strong></span> 
     </span>
     <span class='ocr_line' id='line_1_18' title="bbox 270 2523 1751 2619; baseline 0.001 -21"><span class='ocrx_word' id='word_1_185' title='bbox 270 2547 382 2598; x_wconf 86' lang='lat' dir='ltr'><strong>meam</strong></span> <span class='ocrx_word' id='word_1_186' title='bbox 401 2527 466 2604; x_wconf 80' lang='lat' dir='ltr'><strong>,vei</strong></span> <span class='ocrx_word' id='word_1_187' title='bbox 492 2526 539 2598; x_wconf 90' lang='lat' dir='ltr'><strong>ad</strong></span> <span class='ocrx_word' id='word_1_188' title='bbox 564 2525 747 2611; x_wconf 87' lang='lat' dir='ltr'><strong>sinistram,</strong></span> <span class='ocrx_word' id='word_1_189' title='bbox 773 2545 845 2596; x_wconf 94' lang='lat' dir='ltr'><strong>non</strong></span> <span class='ocrx_word' id='word_1_190' title='bbox 870 2535 925 2596; x_wconf 89' lang='lat' dir='ltr'><strong>est</strong></span> <span class='ocrx_word' id='word_1_191' title='bbox 950 2547 1067 2597; x_wconf 92' lang='lat' dir='ltr'><strong>meum</strong></span> <span class='ocrx_word' id='word_1_192' title='bbox 1099 2523 1204 2610; x_wconf 90' lang='lat' dir='ltr'><strong>dare,</strong></span> <span class='ocrx_word' id='word_1_193' title='bbox 1236 2525 1302 2598; x_wconf 90' lang='lat' dir='ltr'><strong>sed</strong></span> <span class='ocrx_word' id='word_1_194' title='bbox 1337 2523 1463 2618; x_wconf 89' lang='lat' dir='ltr'><strong>quibus</strong></span> <span class='ocrx_word' id='word_1_195' title='bbox 1493 2535 1653 2619; x_wconf 89' lang='lat' dir='ltr'><strong>paratum</strong></span> <span class='ocrx_word' id='word_1_196' title='bbox 1686 2535 1751 2600; x_wconf 84' lang='lat' dir='ltr'><strong>ast</strong></span> 
     </span>
     <span class='ocr_line' id='line_1_19' title="bbox 269 2634 1751 2740; baseline 0.001 -24"><span class='ocrx_word' id='word_1_197' title='bbox 269 2634 293 2681; x_wconf 74' lang='lat'><strong>‘¹</strong></span> <span class='ocrx_word' id='word_1_198' title='bbox 309 2637 398 2692; x_wconf 57' lang='lat' dir='ltr'><strong>(m)</strong></span> <span class='ocrx_word' id='word_1_199' title='bbox 416 2645 459 2716; x_wconf 86' lang='grc' dir='ltr'><strong>Ει</strong></span> <span class='ocrx_word' id='word_1_200' title='bbox 492 2645 672 2718; x_wconf 80' lang='lat' dir='ltr'><strong>audientes</strong></span> <span class='ocrx_word' id='word_1_201' title='bbox 705 2646 832 2718; x_wconf 88' lang='lat' dir='ltr'><strong>decem</strong></span> <span class='ocrx_word' id='word_1_202' title='bbox 865 2654 1056 2740; x_wconf 88' lang='lat' dir='ltr'><strong>coeperunt</strong></span> <span class='ocrx_word' id='word_1_203' title='bbox 1088 2644 1257 2738; x_wconf 77' lang='lat' dir='ltr'><strong>indignari</strong></span> <span class='ocrx_word' id='word_1_204' title='bbox 1288 2645 1334 2720; x_wconf 90' lang='lat' dir='ltr'><strong>de</strong></span> <span class='ocrx_word' id='word_1_205' title='bbox 1366 2645 1495 2718; x_wconf 88' lang='lat' dir='ltr'><strong>iacobo</strong></span> <span class='ocrx_word' id='word_1_206' title='bbox 1530 2656 1566 2718; x_wconf 88' lang='lat' dir='ltr'><strong>ct</strong></span> <span class='ocrx_word' id='word_1_207' title='bbox 1589 2645 1751 2718; x_wconf 87' lang='lat' dir='ltr'><strong>iohanne.</strong></span> 
     </span>
     <span class='ocr_line' id='line_1_20' title="bbox 270 2756 1751 2862; baseline 0.001 -26"><span class='ocrx_word' id='word_1_208' title='bbox 270 2756 297 2804; x_wconf 58' lang='grc' dir='ltr'><strong>ι’</strong></span> <span class='ocrx_word' id='word_1_209' title='bbox 313 2767 408 2837; x_wconf 86' lang='lat' dir='ltr'><strong>iesus</strong></span> <span class='ocrx_word' id='word_1_210' title='bbox 435 2776 550 2838; x_wconf 89' lang='lat' dir='ltr'><strong>autem</strong></span> <span class='ocrx_word' id='word_1_211' title='bbox 575 2785 708 2839; x_wconf 86' lang='lat' dir='ltr'><strong>vocaus</strong></span> <span class='ocrx_word' id='word_1_212' title='bbox 734 2787 799 2838; x_wconf 92' lang='lat' dir='ltr'><strong>eos</strong></span> <span class='ocrx_word' id='word_1_213' title='bbox 825 2767 873 2838; x_wconf 93' lang='lat' dir='ltr'><strong>ait</strong></span> <span class='ocrx_word' id='word_1_214' title='bbox 897 2767 960 2838; x_wconf 87' lang='lat' dir='ltr'><strong>iliis</strong></span> <span class='ocrx_word' id='word_1_215' title='bbox 989 2765 1089 2838; x_wconf 86' lang='lat' dir='ltr'><strong>Scitis</strong></span> <span class='ocrx_word' id='word_1_216' title='bbox 1115 2766 1195 2859; x_wconf 92' lang='lat' dir='ltr'><strong>quia</strong></span> <span class='ocrx_word' id='word_1_217' title='bbox 1227 2765 1262 2836; x_wconf 91' lang='lat' dir='ltr'><strong>bi</strong></span> <span class='ocrx_word' id='word_1_218' title='bbox 1294 2767 1352 2859; x_wconf 90' lang='lat' dir='ltr'><strong>qni</strong></span> <span class='ocrx_word' id='word_1_219' title='bbox 1383 2764 1543 2838; x_wconf 85' lang='lat' dir='ltr'><strong>videntur</strong></span> <span class='ocrx_word' id='word_1_220' title='bbox 1568 2766 1751 2862; x_wconf 87' lang='lat' dir='ltr'><strong>principari</strong></span> 
     </span>
     <span class='ocr_line' id='line_1_21' title="bbox 273 2885 1750 2982; baseline 0 -26"><span class='ocrx_word' id='word_1_221' title='bbox 273 2886 432 2978; x_wconf 76' lang='lat' dir='ltr'><strong>gentibus</strong></span> <span class='ocrx_word' id='word_1_222' title='bbox 459 2885 676 2960; x_wconf 84' lang='lat' dir='ltr'><strong>dominantur</strong></span> <span class='ocrx_word' id='word_1_223' title='bbox 702 2886 763 2972; x_wconf 91' lang='lat' dir='ltr'><strong>eis,</strong></span> <span class='ocrx_word' id='word_1_224' title='bbox 790 2897 826 2958; x_wconf 92' lang='grc' dir='ltr'><strong>ιι</strong></span> <span class='ocrx_word' id='word_1_225' title='bbox 850 2886 1024 2981; x_wconf 89' lang='lat' dir='ltr'><strong>principes</strong></span> <span class='ocrx_word' id='word_1_226' title='bbox 1050 2907 1171 2958; x_wconf 88' lang='lat' dir='ltr'><strong>eornm</strong></span> <span class='ocrx_word' id='word_1_227' title='bbox 1198 2895 1408 2980; x_wconf 85' lang='lat' dir='ltr'><strong>potestatem</strong></span> <span class='ocrx_word' id='word_1_228' title='bbox 1434 2885 1564 2958; x_wconf 88' lang='lat' dir='ltr'><strong>habent</strong></span> <span class='ocrx_word' id='word_1_229' title='bbox 1580 2885 1750 2982; x_wconf 90' lang='lat' dir='ltr'><strong>ipsorum:</strong></span> 
     </span>
     <span class='ocr_line' id='line_1_22' title="bbox 271 2995 1751 3100; baseline 0.003 -24"><span class='ocrx_word' id='word_1_230' title='bbox 271 2995 297 3044; x_wconf 70' lang='lat'><strong>⁸³</strong></span> <span class='ocrx_word' id='word_1_231' title='bbox 311 3028 379 3078; x_wconf 92' lang='lat' dir='ltr'><strong>non</strong></span> <span class='ocrx_word' id='word_1_232' title='bbox 402 3006 449 3078; x_wconf 92' lang='grc' dir='ltr'><strong>ιιι</strong></span> <span class='ocrx_word' id='word_1_233' title='bbox 474 3017 529 3080; x_wconf 86' lang='grc' dir='ltr'><strong>ιιι</strong></span> <span class='ocrx_word' id='word_1_234' title='bbox 554 3015 669 3079; x_wconf 88' lang='lat' dir='ltr'><strong>antem</strong></span> <span class='ocrx_word' id='word_1_235' title='bbox 687 3007 722 3078; x_wconf 94' lang='lat' dir='ltr'><strong>in</strong></span> <span class='ocrx_word' id='word_1_236' title='bbox 747 3007 859 3094; x_wconf 90' lang='lat' dir='ltr'><strong>vobis,</strong></span> <span class='ocrx_word' id='word_1_237' title='bbox 885 3007 952 3080; x_wconf 91' lang='lat' dir='ltr'><strong>sed</strong></span> <span class='ocrx_word' id='word_1_238' title='bbox 978 3007 1186 3100; x_wconf 85' lang='lat' dir='ltr'><strong>quicumque</strong></span> <span class='ocrx_word' id='word_1_239' title='bbox 1208 3007 1353 3080; x_wconf 84' lang='lat' dir='ltr'><strong>voluerit</strong></span> <span class='ocrx_word' id='word_1_240' title='bbox 1377 3003 1450 3078; x_wconf 88' lang='lat' dir='ltr'><strong>tieri</strong></span> <span class='ocrx_word' id='word_1_241' title='bbox 1468 3007 1580 3078; x_wconf 92' lang='lat' dir='ltr'><strong>maior</strong></span> <span class='ocrx_word' id='word_1_242' title='bbox 1604 3008 1671 3080; x_wconf 90' lang='lat' dir='ltr'><strong>erit</strong></span> <span class='ocrx_word' id='word_1_243' title='bbox 1686 3029 1751 3080; x_wconf 83' lang='lat' dir='ltr'><strong>ve·</strong></span> 
     </span>
     <span class='ocr_line' id='line_1_23' title="bbox 272 3114 1750 3222; baseline 0.003 -26"><span class='ocrx_word' id='word_1_244' title='bbox 272 3135 344 3198; x_wconf 87' lang='lat' dir='ltr'><strong>ster</strong></span> <span class='ocrx_word' id='word_1_245' title='bbox 366 3127 526 3212; x_wconf 87' lang='lat' dir='ltr'><strong>minister,</strong></span> <span class='ocrx_word' id='word_1_246' title='bbox 566 3114 597 3211; x_wconf 59' lang='lat'><strong>,⁸⁴</strong></span> <span class='ocrx_word' id='word_1_247' title='bbox 613 3135 649 3198; x_wconf 90' lang='grc' dir='ltr'><strong>ιι</strong></span> <span class='ocrx_word' id='word_1_248' title='bbox 680 3129 887 3222; x_wconf 90' lang='lat' dir='ltr'><strong>quicumque</strong></span> <span class='ocrx_word' id='word_1_249' title='bbox 909 3127 1058 3200; x_wconf 88' lang='lat' dir='ltr'><strong>voluerit</strong></span> <span class='ocrx_word' id='word_1_250' title='bbox 1082 3127 1117 3198; x_wconf 95' lang='lat' dir='ltr'><strong>in</strong></span> <span class='ocrx_word' id='word_1_251' title='bbox 1139 3129 1241 3201; x_wconf 88' lang='lat' dir='ltr'><strong>vobis</strong></span> <span class='ocrx_word' id='word_1_252' title='bbox 1265 3127 1395 3221; x_wconf 89' lang='lat' dir='ltr'><strong>primns</strong></span> <span class='ocrx_word' id='word_1_253' title='bbox 1419 3147 1499 3198; x_wconf 89' lang='lat' dir='ltr'><strong>esse</strong></span> <span class='ocrx_word' id='word_1_254' title='bbox 1516 3128 1582 3200; x_wconf 88' lang='lat' dir='ltr'><strong>erit</strong></span> <span class='ocrx_word' id='word_1_255' title='bbox 1599 3129 1750 3200; x_wconf 91' lang='lat' dir='ltr'><strong>omnium</strong></span> 
     </span>
    </p>
   </div>
   <div class='ocr_carea' id='block_1_5' title="bbox 273 3235 1902 3332">
    <p class='ocr_par' dir='ltr' id='par_1_5' title="bbox 273 3235 1902 3332">
     <span class='ocr_line' id='line_1_24' title="bbox 273 3235 1902 3332; baseline 0.002 -14"><span class='ocrx_word' id='word_1_256' title='bbox 273 3267 404 3318; x_wconf 80' lang='lat' dir='ltr'><strong>servus.</strong></span> <span class='ocrx_word' id='word_1_257' title='bbox 446 3235 680 3319; x_wconf 71' lang='lat' dir='ltr'><strong>⁴⁶‘¹⁴⁵=‘·³Nam</strong></span> <span class='ocrx_word' id='word_1_258' title='bbox 707 3249 854 3321; x_wconf 81' lang='lat' dir='ltr'><strong>attilius</strong></span> <span class='ocrx_word' id='word_1_259' title='bbox 880 3247 1027 3320; x_wconf 91' lang='lat' dir='ltr'><strong>hominis</strong></span> <span class='ocrx_word' id='word_1_260' title='bbox 1052 3269 1122 3319; x_wconf 93' lang='lat' dir='ltr'><strong>non</strong></span> <span class='ocrx_word' id='word_1_261' title='bbox 1148 3248 1243 3320; x_wconf 89' lang='lat' dir='ltr'><strong>venit</strong></span> <span class='ocrx_word' id='word_1_262' title='bbox 1268 3257 1305 3320; x_wconf 89' lang='grc' dir='ltr'><strong>ιιι</strong></span> <span class='ocrx_word' id='word_1_263' title='bbox 1330 3247 1576 3318; x_wconf 81' lang='lat' dir='ltr'><strong>ministraretur</strong></span> <span class='ocrx_word' id='word_1_264' title='bbox 1601 3247 1650 3332; x_wconf 93' lang='lat' dir='ltr'><strong>ei,</strong></span> <span class='ocrx_word' id='word_1_265' title='bbox 1685 3248 1751 3320; x_wconf 90' lang='lat' dir='ltr'><strong>sed</strong></span> <span class='ocrx_word' id='word_1_266' title='bbox 1800 3245 1806 3258; x_wconf 85' lang='lat'>&#39;</span> <span class='ocrx_word' id='word_1_267' title='bbox 1874 3237 1902 3332; x_wconf 75' lang='grc'><strong>’,</strong></span> 
     </span>
    </p>
   </div>
   <div class='ocr_carea' id='block_1_6' title="bbox 237 3355 1823 4756">
    <p class='ocr_par' dir='ltr' id='par_1_6' title="bbox 237 3355 1823 4756">
     <span class='ocr_line' id='line_1_25' title="bbox 273 3355 1751 3460; baseline 0 -22"><span class='ocrx_word' id='word_1_268' title='bbox 273 3375 311 3438; x_wconf 92' lang='lat' dir='ltr'><strong>ut</strong></span> <span class='ocrx_word' id='word_1_269' title='bbox 336 3367 541 3439; x_wconf 86' lang='lat' dir='ltr'><strong>ministraret</strong></span> <span class='ocrx_word' id='word_1_270' title='bbox 567 3377 603 3439; x_wconf 90' lang='grc' dir='ltr'><strong>ιι</strong></span> <span class='ocrx_word' id='word_1_271' title='bbox 628 3367 729 3440; x_wconf 88' lang='lat' dir='ltr'><strong>daret</strong></span> <span class='ocrx_word' id='word_1_272' title='bbox 754 3369 902 3440; x_wconf 89' lang='lat' dir='ltr'><strong>animam</strong></span> <span class='ocrx_word' id='word_1_273' title='bbox 928 3389 1026 3440; x_wconf 89' lang='lat' dir='ltr'><strong>suam</strong></span> <span class='ocrx_word' id='word_1_274' title='bbox 1055 3367 1309 3440; x_wconf 85' lang='lat' dir='ltr'><strong>redemtionem</strong></span> <span class='ocrx_word' id='word_1_275' title='bbox 1327 3387 1391 3460; x_wconf 93' lang='lat' dir='ltr'><strong>pro</strong></span> <span class='ocrx_word' id='word_1_276' title='bbox 1409 3366 1532 3437; x_wconf 81' lang='lat' dir='ltr'><strong>multis.</strong></span> <span class='ocrx_word' id='word_1_277' title='bbox 1565 3355 1696 3414; x_wconf 59' lang='lat' dir='ltr'><strong>“imi</strong></span> <span class='ocrx_word' id='word_1_278' title='bbox 1709 3367 1751 3438; x_wconf 89' lang='lat' dir='ltr'><strong>Et</strong></span> 
     </span>
     <span class='ocr_line' id='line_1_26' title="bbox 237 3467 1823 3580; baseline -0.001 -22"><span class='ocrx_word' id='word_1_279' title='bbox 237 3467 240 3473; x_wconf 46' lang='grc'><em>’</em></span> <span class='ocrx_word' id='word_1_280' title='bbox 274 3486 414 3558; x_wconf 88' lang='lat' dir='ltr'><strong>veniunt</strong></span> <span class='ocrx_word' id='word_1_281' title='bbox 438 3486 648 3558; x_wconf 82' lang='lat' dir='ltr'><strong>Hierichum:</strong></span> <span class='ocrx_word' id='word_1_282' title='bbox 675 3496 711 3557; x_wconf 92' lang='grc' dir='ltr'><strong>ιι</strong></span> <span class='ocrx_word' id='word_1_283' title='bbox 736 3486 979 3579; x_wconf 88' lang='lat' dir='ltr'><strong>pmiiciscente</strong></span> <span class='ocrx_word' id='word_1_284' title='bbox 1007 3511 1053 3562; x_wconf 92' lang='lat' dir='ltr'><strong>eo</strong></span> <span class='ocrx_word' id='word_1_285' title='bbox 1078 3488 1240 3560; x_wconf 88' lang='lat' dir='ltr'><strong>Hiericho</strong></span> <span class='ocrx_word' id='word_1_286' title='bbox 1266 3498 1302 3560; x_wconf 95' lang='grc' dir='ltr'><strong>ιι</strong></span> <span class='ocrx_word' id='word_1_287' title='bbox 1327 3486 1502 3580; x_wconf 88' lang='lat' dir='ltr'><strong>discipulis</strong></span> <span class='ocrx_word' id='word_1_288' title='bbox 1527 3486 1602 3556; x_wconf 85' lang='lat' dir='ltr'><strong>eins</strong></span> <span class='ocrx_word' id='word_1_289' title='bbox 1619 3495 1656 3556; x_wconf 91' lang='lat' dir='ltr'><strong>ct</strong></span> <span class='ocrx_word' id='word_1_290' title='bbox 1671 3485 1749 3579; x_wconf 89' lang='lat' dir='ltr'><strong>pin·</strong></span> <span class='ocrx_word' id='word_1_291' title='bbox 1806 3513 1823 3523; x_wconf 56' lang='grc'><strong>·’</strong></span> 
     </span>
     <span class='ocr_line' id='line_1_27' title="bbox 274 3604 1750 3682; baseline 0 -6"><span class='ocrx_word' id='word_1_292' title='bbox 274 3605 360 3676; x_wconf 87' lang='lat' dir='ltr'><strong>rium</strong></span> <span class='ocrx_word' id='word_1_293' title='bbox 390 3605 602 3678; x_wconf 89' lang='lat' dir='ltr'><strong>multitudine</strong></span> <span class='ocrx_word' id='word_1_294' title='bbox 642 3604 730 3678; x_wconf 83' lang='lat' dir='ltr'><strong>filins</strong></span> <span class='ocrx_word' id='word_1_295' title='bbox 769 3607 898 3678; x_wconf 85' lang='lat' dir='ltr'><strong>Timaei</strong></span> <span class='ocrx_word' id='word_1_296' title='bbox 938 3609 1131 3682; x_wconf 86' lang='lat' dir='ltr'><strong>Bartimcns</strong></span> <span class='ocrx_word' id='word_1_297' title='bbox 1172 3629 1300 3680; x_wconf 89' lang='lat' dir='ltr'><strong>caccus</strong></span> <span class='ocrx_word' id='word_1_298' title='bbox 1339 3607 1487 3678; x_wconf 87' lang='lat' dir='ltr'><strong>sedabat</strong></span> <span class='ocrx_word' id='word_1_299' title='bbox 1522 3605 1618 3676; x_wconf 81' lang='lat' dir='ltr'><strong>irrxta</strong></span> <span class='ocrx_word' id='word_1_300' title='bbox 1658 3606 1750 3678; x_wconf 89' lang='lat' dir='ltr'><strong>viam</strong></span> 
     </span>
     <span class='ocr_line' id='line_1_28' title="bbox 276 3713 1749 3824; baseline 0.002 -29"><span class='ocrx_word' id='word_1_301' title='bbox 276 3723 487 3797; x_wconf 86' lang='lat' dir='ltr'><strong>mendicans.</strong></span> <span class='ocrx_word' id='word_1_302' title='bbox 538 3713 564 3760; x_wconf 58' lang='grc' dir='ltr'>*ι</span> <span class='ocrx_word' id='word_1_303' title='bbox 582 3725 648 3810; x_wconf 84' lang='lat' dir='ltr'><strong>Qui</strong></span> <span class='ocrx_word' id='word_1_304' title='bbox 674 3747 752 3798; x_wconf 90' lang='lat' dir='ltr'><strong>cum</strong></span> <span class='ocrx_word' id='word_1_305' title='bbox 785 3726 941 3802; x_wconf 84' lang='lat' dir='ltr'><strong>audisset</strong></span> <span class='ocrx_word' id='word_1_306' title='bbox 966 3730 1046 3824; x_wconf 92' lang='lat' dir='ltr'><strong>qnia</strong></span> <span class='ocrx_word' id='word_1_307' title='bbox 1072 3731 1169 3802; x_wconf 88' lang='lat' dir='ltr'><strong>iesus</strong></span> <span class='ocrx_word' id='word_1_308' title='bbox 1194 3729 1394 3800; x_wconf 87' lang='lat' dir='ltr'><strong>Nazarenus</strong></span> <span class='ocrx_word' id='word_1_309' title='bbox 1424 3733 1493 3810; x_wconf 91' lang='lat' dir='ltr'><strong>est,</strong></span> <span class='ocrx_word' id='word_1_310' title='bbox 1528 3724 1644 3818; x_wconf 88' lang='lat' dir='ltr'><strong>coepit</strong></span> <span class='ocrx_word' id='word_1_311' title='bbox 1677 3725 1749 3798; x_wconf 90' lang='lat' dir='ltr'><strong>cia·</strong></span> 
     </span>
     <span class='ocr_line' id='line_1_29' title="bbox 276 3837 1751 3932; baseline 0 -16"><span class='ocrx_word' id='word_1_312' title='bbox 276 3867 371 3916; x_wconf 91' lang='lat' dir='ltr'><strong>mare</strong></span> <span class='ocrx_word' id='word_1_313' title='bbox 397 3855 432 3917; x_wconf 90' lang='lat' dir='ltr'><strong>et</strong></span> <span class='ocrx_word' id='word_1_314' title='bbox 457 3845 575 3918; x_wconf 90' lang='lat' dir='ltr'><strong>dicere</strong></span> <span class='ocrx_word' id='word_1_315' title='bbox 599 3846 671 3916; x_wconf 85' lang='lat' dir='ltr'><strong>Filii</strong></span> <span class='ocrx_word' id='word_1_316' title='bbox 696 3846 807 3918; x_wconf 90' lang='lat' dir='ltr'><strong>David</strong></span> <span class='ocrx_word' id='word_1_317' title='bbox 832 3849 937 3932; x_wconf 88' lang='lat' dir='ltr'><strong>lesus,</strong></span> <span class='ocrx_word' id='word_1_318' title='bbox 964 3845 1132 3918; x_wconf 89' lang='lat' dir='ltr'><strong>miserere</strong></span> <span class='ocrx_word' id='word_1_319' title='bbox 1157 3849 1236 3920; x_wconf 91' lang='lat' dir='ltr'><strong>mei.</strong></span> <span class='ocrx_word' id='word_1_320' title='bbox 1287 3837 1314 3886; x_wconf 75' lang='lat'><strong>⁴⁸</strong></span> <span class='ocrx_word' id='word_1_321' title='bbox 1330 3847 1373 3918; x_wconf 85' lang='lat' dir='ltr'><strong>Et</strong></span> <span class='ocrx_word' id='word_1_322' title='bbox 1398 3843 1694 3918; x_wconf 89' lang='lat' dir='ltr'><strong>comminabantur</strong></span> <span class='ocrx_word' id='word_1_323' title='bbox 1718 3845 1751 3918; x_wconf 92' lang='lat' dir='ltr'><strong>ei</strong></span> 
     </span>
     <span class='ocr_line' id='line_1_30' title="bbox 275 3964 1750 4073; baseline 0.001 -40"><span class='ocrx_word' id='word_1_324' title='bbox 275 3965 370 4034; x_wconf 87' lang='lat' dir='ltr'><strong>multi</strong></span> <span class='ocrx_word' id='word_1_325' title='bbox 394 3974 432 4036; x_wconf 91' lang='lat' dir='ltr'><strong>nt</strong></span> <span class='ocrx_word' id='word_1_326' title='bbox 455 3975 597 4038; x_wconf 84' lang='lat' dir='ltr'><strong>taceret</strong></span> <span class='ocrx_word' id='word_1_327' title='bbox 649 3965 695 4038; x_wconf 84' lang='grc' dir='ltr'><strong>Αι</strong></span> <span class='ocrx_word' id='word_1_328' title='bbox 719 3967 774 4039; x_wconf 87' lang='lat' dir='ltr'><strong>ilie</strong></span> <span class='ocrx_word' id='word_1_329' title='bbox 799 3969 906 4040; x_wconf 88' lang='lat' dir='ltr'><strong>multo</strong></span> <span class='ocrx_word' id='word_1_330' title='bbox 932 3967 1046 4060; x_wconf 80' lang='lat' dir='ltr'><strong>magis</strong></span> <span class='ocrx_word' id='word_1_331' title='bbox 1072 3967 1231 4040; x_wconf 83' lang='lat' dir='ltr'><strong>clamarit</strong></span> <span class='ocrx_word' id='word_1_332' title='bbox 1246 3967 1316 4038; x_wconf 82' lang='lat' dir='ltr'><strong>Filii</strong></span> <span class='ocrx_word' id='word_1_333' title='bbox 1340 3965 1460 4050; x_wconf 88' lang='lat' dir='ltr'><strong>David,</strong></span> <span class='ocrx_word' id='word_1_334' title='bbox 1487 3964 1654 4073; x_wconf 79' lang='lat' dir='ltr'><strong>miscrpre</strong></span> <span class='ocrx_word' id='word_1_335' title='bbox 1672 3965 1750 4036; x_wconf 91' lang='lat' dir='ltr'><strong>mei.</strong></span> 
     </span>
     <span class='ocr_line' id='line_1_31' title="bbox 273 4074 1750 4182; baseline -0.001 -28"><span class='ocrx_word' id='word_1_336' title='bbox 273 4074 302 4122; x_wconf 72' lang='lat'><strong>⁴⁹</strong></span> <span class='ocrx_word' id='word_1_337' title='bbox 316 4085 359 4154; x_wconf 86' lang='lat' dir='ltr'><strong>Et</strong></span> <span class='ocrx_word' id='word_1_338' title='bbox 384 4094 480 4158; x_wconf 89' lang='lat' dir='ltr'><strong>stans</strong></span> <span class='ocrx_word' id='word_1_339' title='bbox 504 4087 601 4158; x_wconf 88' lang='lat' dir='ltr'><strong>lesus</strong></span> <span class='ocrx_word' id='word_1_340' title='bbox 625 4089 805 4182; x_wconf 87' lang='lat' dir='ltr'><strong>praecepit</strong></span> <span class='ocrx_word' id='word_1_341' title='bbox 828 4088 921 4160; x_wconf 88' lang='lat' dir='ltr'><strong>iilum</strong></span> <span class='ocrx_word' id='word_1_342' title='bbox 946 4089 1075 4160; x_wconf 84' lang='lat' dir='ltr'><strong>vocari.</strong></span> <span class='ocrx_word' id='word_1_343' title='bbox 1126 4090 1169 4160; x_wconf 87' lang='lat' dir='ltr'><strong>Et</strong></span> <span class='ocrx_word' id='word_1_344' title='bbox 1192 4097 1320 4160; x_wconf 89' lang='lat' dir='ltr'><strong>vocant</strong></span> <span class='ocrx_word' id='word_1_345' title='bbox 1351 4107 1495 4158; x_wconf 89' lang='lat' dir='ltr'><strong>caecum</strong></span> <span class='ocrx_word' id='word_1_346' title='bbox 1529 4076 1686 4156; x_wconf 86' lang='lat' dir='ltr'><strong>dicentes</strong></span> <span class='ocrx_word' id='word_1_347' title='bbox 1717 4083 1750 4154; x_wconf 90' lang='grc' dir='ltr'><strong>ιι</strong></span> 
     </span>
     <span class='ocr_line' id='line_1_32' title="bbox 275 4201 1749 4302; baseline -0.001 -28"><span class='ocrx_word' id='word_1_348' title='bbox 275 4201 518 4298; x_wconf 78' lang='lat' dir='ltr'><strong>Animacqnior</strong></span> <span class='ocrx_word' id='word_1_349' title='bbox 543 4216 629 4292; x_wconf 89' lang='lat' dir='ltr'><strong>esto,</strong></span> <span class='ocrx_word' id='word_1_350' title='bbox 657 4229 770 4300; x_wconf 82' lang='lat' dir='ltr'><strong>surge,</strong></span> <span class='ocrx_word' id='word_1_351' title='bbox 797 4219 901 4280; x_wconf 88' lang='lat' dir='ltr'><strong>vocat</strong></span> <span class='ocrx_word' id='word_1_352' title='bbox 926 4219 970 4280; x_wconf 87' lang='lat' dir='ltr'><strong>te.</strong></span> <span class='ocrx_word' id='word_1_353' title='bbox 1021 4201 1049 4246; x_wconf 74' lang='lat'><strong>⁵⁰</strong></span> <span class='ocrx_word' id='word_1_354' title='bbox 1066 4209 1131 4294; x_wconf 88' lang='lat' dir='ltr'><strong>Qni</strong></span> <span class='ocrx_word' id='word_1_355' title='bbox 1156 4209 1311 4302; x_wconf 88' lang='lat' dir='ltr'><strong>proiecto</strong></span> <span class='ocrx_word' id='word_1_356' title='bbox 1342 4206 1547 4280; x_wconf 88' lang='lat' dir='ltr'><strong>vestimento</strong></span> <span class='ocrx_word' id='word_1_357' title='bbox 1581 4224 1646 4274; x_wconf 89' lang='lat' dir='ltr'><strong>suo</strong></span> <span class='ocrx_word' id='word_1_358' title='bbox 1672 4201 1749 4272; x_wconf 81' lang='lat' dir='ltr'><strong>exi-</strong></span> 
     </span>
     <span class='ocr_line' id='line_1_33' title="bbox 276 4320 1749 4424; baseline 0 -32"><span class='ocrx_word' id='word_1_359' title='bbox 276 4323 360 4395; x_wconf 90' lang='lat' dir='ltr'><strong>liens</strong></span> <span class='ocrx_word' id='word_1_360' title='bbox 384 4325 479 4398; x_wconf 86' lang='lat' dir='ltr'><strong>venit</strong></span> <span class='ocrx_word' id='word_1_361' title='bbox 510 4325 557 4399; x_wconf 92' lang='lat' dir='ltr'><strong>ad</strong></span> <span class='ocrx_word' id='word_1_362' title='bbox 589 4349 680 4398; x_wconf 88' lang='lat' dir='ltr'><strong>enm.</strong></span> <span class='ocrx_word' id='word_1_363' title='bbox 730 4320 754 4364; x_wconf 61' lang='lat'><strong>⁵⁴</strong></span> <span class='ocrx_word' id='word_1_364' title='bbox 773 4329 817 4400; x_wconf 84' lang='lat' dir='ltr'><strong>Et</strong></span> <span class='ocrx_word' id='word_1_365' title='bbox 851 4329 1069 4424; x_wconf 86' lang='lat' dir='ltr'><strong>respondens</strong></span> <span class='ocrx_word' id='word_1_366' title='bbox 1101 4330 1198 4402; x_wconf 87' lang='lat' dir='ltr'><strong>lesus</strong></span> <span class='ocrx_word' id='word_1_367' title='bbox 1229 4327 1316 4400; x_wconf 82' lang='lat' dir='ltr'><strong>dixit</strong></span> <span class='ocrx_word' id='word_1_368' title='bbox 1345 4327 1388 4398; x_wconf 88' lang='lat' dir='ltr'><strong>iiii</strong></span> <span class='ocrx_word' id='word_1_369' title='bbox 1416 4323 1584 4411; x_wconf 88' lang='lat' dir='ltr'><strong>Quidvis</strong></span> <span class='ocrx_word' id='word_1_370' title='bbox 1610 4320 1671 4392; x_wconf 87' lang='lat' dir='ltr'><strong>tibi</strong></span> <span class='ocrx_word' id='word_1_371' title='bbox 1696 4321 1749 4392; x_wconf 86' lang='lat' dir='ltr'><strong>ia-</strong></span> 
     </span>
     <span class='ocr_line' id='line_1_34' title="bbox 276 4438 1748 4534; baseline -0.003 -21"><span class='ocrx_word' id='word_1_372' title='bbox 276 4443 388 4514; x_wconf 82' lang='lat' dir='ltr'><strong>ciam‘?</strong></span> <span class='ocrx_word' id='word_1_373' title='bbox 422 4446 555 4518; x_wconf 88' lang='lat' dir='ltr'><strong>Caecus</strong></span> <span class='ocrx_word' id='word_1_374' title='bbox 586 4458 700 4519; x_wconf 91' lang='lat' dir='ltr'><strong>autem</strong></span> <span class='ocrx_word' id='word_1_375' title='bbox 734 4448 822 4520; x_wconf 84' lang='lat' dir='ltr'><strong>dixit</strong></span> <span class='ocrx_word' id='word_1_376' title='bbox 854 4450 886 4520; x_wconf 93' lang='lat' dir='ltr'><strong>ei</strong></span> <span class='ocrx_word' id='word_1_377' title='bbox 918 4449 1093 4534; x_wconf 89' lang='lat' dir='ltr'><strong>Rabboni,</strong></span> <span class='ocrx_word' id='word_1_378' title='bbox 1119 4459 1157 4520; x_wconf 89' lang='lat' dir='ltr'><strong>nt</strong></span> <span class='ocrx_word' id='word_1_379' title='bbox 1189 4449 1339 4521; x_wconf 90' lang='lat' dir='ltr'><strong>videam.</strong></span> <span class='ocrx_word' id='word_1_380' title='bbox 1391 4438 1418 4484; x_wconf 50' lang='grc' dir='ltr'><strong><em>Β</em></strong></span> <span class='ocrx_word' id='word_1_381' title='bbox 1433 4446 1529 4516; x_wconf 88' lang='lat' dir='ltr'><strong>lesus</strong></span> <span class='ocrx_word' id='word_1_382' title='bbox 1562 4453 1678 4513; x_wconf 90' lang='lat' dir='ltr'><strong>antem</strong></span> <span class='ocrx_word' id='word_1_383' title='bbox 1702 4439 1748 4510; x_wconf 88' lang='lat' dir='ltr'><strong>ait</strong></span> 
     </span>
     <span class='ocr_line' id='line_1_35' title="bbox 276 4559 1749 4652; baseline -0.003 -19"><span class='ocrx_word' id='word_1_384' title='bbox 276 4563 320 4634; x_wconf 88' lang='lat' dir='ltr'><strong>ilii</strong></span> <span class='ocrx_word' id='word_1_385' title='bbox 344 4563 451 4649; x_wconf 84' lang='lat' dir='ltr'><strong>Vade,</strong></span> <span class='ocrx_word' id='word_1_386' title='bbox 478 4565 567 4638; x_wconf 83' lang='lat' dir='ltr'><strong>tides</strong></span> <span class='ocrx_word' id='word_1_387' title='bbox 593 4577 652 4638; x_wconf 89' lang='lat' dir='ltr'><strong>tua</strong></span> <span class='ocrx_word' id='word_1_388' title='bbox 685 4577 719 4639; x_wconf 93' lang='grc' dir='ltr'><strong>ιι</strong></span> <span class='ocrx_word' id='word_1_389' title='bbox 751 4570 883 4642; x_wconf 85' lang='lat' dir='ltr'><strong>salvum</strong></span> <span class='ocrx_word' id='word_1_390' title='bbox 915 4570 1004 4642; x_wconf 84' lang='lat' dir='ltr'><strong>iecit</strong></span> <span class='ocrx_word' id='word_1_391' title='bbox 1053 4571 1096 4640; x_wconf 86' lang='lat' dir='ltr'><strong>Et</strong></span> <span class='ocrx_word' id='word_1_392' title='bbox 1127 4568 1304 4640; x_wconf 82' lang='lat' dir='ltr'><strong>confestim</strong></span> <span class='ocrx_word' id='word_1_393' title='bbox 1339 4565 1437 4648; x_wconf 83' lang='lat' dir='ltr'><strong>vidit,</strong></span> <span class='ocrx_word' id='word_1_394' title='bbox 1472 4571 1508 4634; x_wconf 89' lang='lat' dir='ltr'><strong>ct</strong></span> <span class='ocrx_word' id='word_1_395' title='bbox 1539 4559 1749 4652; x_wconf 87' lang='lat' dir='ltr'><strong>sequebatur</strong></span> 
     </span>
     <span class='ocr_line' id='line_1_36' title="bbox 276 4703 540 4756; baseline 0.015 -4"><span class='ocrx_word' id='word_1_396' title='bbox 276 4703 355 4754; x_wconf 92' lang='lat' dir='ltr'><strong>enm</strong></span> <span class='ocrx_word' id='word_1_397' title='bbox 382 4707 415 4754; x_wconf 90' lang='grc' dir='ltr'><strong>ιιι</strong></span> <span class='ocrx_word' id='word_1_398' title='bbox 439 4707 540 4756; x_wconf 82' lang='lat' dir='ltr'><strong>viam.</strong></span> 
     </span>
    </p>
   </div>
   <div class='ocr_carea' id='block_1_7' title="bbox 876 4808 1155 4893">
    <p class='ocr_par' dir='ltr' id='par_1_7' title="bbox 876 4808 1155 4893">
     <span class='ocr_line' id='line_1_37' title="bbox 876 4808 1155 4893; baseline -0.018 -14"><span class='ocrx_word' id='word_1_399' title='bbox 876 4809 985 4893; x_wconf 83' lang='grc' dir='ltr'>Χ,3ι</span> <span class='ocrx_word' id='word_1_400' title='bbox 1023 4808 1155 4878; x_wconf 78' lang='grc'><strong>-52,</strong></span> 
     </span>
    </p>
   </div>
   <div class='ocr_carea' id='block_1_8' title="bbox 0 0 2133 6116">
    <p class='ocr_par' dir='ltr' id='par_1_8' title="bbox 0 0 2133 6116">
     <span class='ocr_line' id='line_1_38' title="bbox 0 0 2133 6116; baseline 0 0"><span class='ocrx_word' id='word_1_401' title='bbox 0 0 2133 6116; x_wconf 95' lang='lat' dir='ltr'><strong> </strong></span> 
     </span>
    </p>
   </div>
  </div>
 </body>
</html>
