4146 6120
389 399 462 469 368
915 397 1097 462 EPISTULA
1122 397 1174 462 ΑΙ)
1200 397 1401 462 HEBRAEOS

388 607 665 678 benevolentes
692 604 899 676 conversari.
952 595 979 640 ⁴⁹
995 602 1150 698 Amplius
1185 614 1300 676 autern
1335 603 1529 698 depraecor
1559 626 1624 676 vos
1650 604 1718 677 hoc
1742 606 1869 692 issara,
1934 597 1939 614 '

388 737 426 798 ut
451 745 521 818 quo
549 725 693 795 caterius
728 722 888 794 restituar
919 725 1030 797 vobis.
1081 714 1174 772 ΜΘ)
1187 725 1284 796 Deus
1310 734 1425 796 autam
1451 725 1564 819 pacis,
1593 725 1650 818 qui
1676 725 1795 798 aduxit
1820 726 1870 797 da

388 845 532 918 mortuis
559 851 735 938 pastorem
762 865 924 936 magnum
952 846 1068 916 ovium
1094 845 1128 915 iu
1155 844 1324 938 sunguine
1352 846 1546 916 tastamenti
1571 845 1718 931 aeterni,
1751 846 1869 918 domi-

388 989 469 1038 num
495 973 652 1036 nostrum
678 965 804 1049 lasum,
848 955 871 1000 ²¹
887 973 983 1058 aptet
1007 987 1074 1037 vos
1100 965 1134 1035 iu
1161 965 1255 1036 omui
1288 965 1404 1050 b0n0‚·
1436 975 1474 1036 ut
1498 964 1628 1038 faciatis
1654 967 1868 1039 voluntatem

389 1085 471 1170 eius,
498 1085 628 1156 iaciens
653 1084 756 1156 vobis
783 1083 878 1176 quod
904 1085 1043 1177 piacaat
1069 1105 1188 1156 coram
1215 1105 1256 1156 sa
1281 1105 1346 1178 par
1370 1086 1484 1156 lasum
1511 1086 1689 1171 Christum,
1714 1087 1769 1157 cui
1787 1088 1868 1179 glo-

387 1205 439 1277 ria
465 1205 665 1276 insaecula
692 1204 924 1288 saeculorum,
960 1225 1072 1276 amau.
1115 1191 1212 1252 Μ)
1228 1203 1327 1298 Rogo
1354 1215 1469 1278 autam
1494 1227 1570 1291 vos,
1597 1207 1729 1294 iratres,
1756 1207 1865 1279 suffe-

387 1325 471 1396 ratis
497 1325 644 1396 varhum
671 1324 805 1396 solacii:
842 1323 967 1396 etenim
994 1327 1177 1419 perpaucis
1203 1325 1325 1418 scripsi
1358 1325 1468 1398 vobis.
1518 1317 1546 1364 ²³
1563 1326 1767 1419 Cognoscite
1793 1329 1864 1398 fra-

387 1456 475 1516 trem
502 1455 656 1517 nostrum
684 1443 902 1515 Timotheum
935 1445 1130 1530 dimissum,
1165 1465 1242 1516 oum
1270 1465 1357 1538 quo,
1393 1445 1420 1515 si
1449 1444 1595 1518 salerius
1628 1448 1775 1534 venerit,
1809 1451 1865 1519 vi—

388 1565 482 1637 debo
516 1585 590 1636 vos.
647 1553 675 1602 ²⁴
688 1565 840 1636 Salutate
881 1585 1003 1636 omnes
1041 1563 1261 1658 praepositos
1303 1574 1440 1636 vestros
1479 1575 1514 1636 at
1549 1585 1677 1646 ‚omues
1712 1578 1864 1641 sanctos.

389 1685 542 1754 salutant
567 1705 633 1754 vos
660 1683 706 1756 da
731 1685 834 1756 ltalia.
886 1677 913 1722 ²⁵
931 1684 1046 1758 Gratia
1072 1707 1151 1756 cum
1178 1685 1340 1756 omuibus
1366 1685 1484 1770 vobis,
1520 1707 1631 1757 amau.

592 1853 763 1916 EXPLlCiT
792 1849 994 1922 'EPISTULA
1022 1855 1133 1920 PAULI
1160 1855 1348 1918 APOSTOLI
1372 1855 1425 1917 Ar>
1453 1855 1661 1920 HEBRAEOS.

923 2011 1001 2074 DEO
1031 2007 1194 2073 (tuturus
1219 2009 1334 2073 ΑΜΕΝ.
