4254 6130
827 365 932 426 traca
958 363 1107 427 acruun
1134 347 1411 428 aros‘rononun

639 451 1852 482 -—-...„„„......-....-..-....-....-.—..-...----—1-—-.....

394 567 536 640 insidiae
564 589 693 640 eorum.
747 569 991 641 custodiebant
1017 577 1129 640 autem
1158 579 1193 639 et
1217 579 1335 663 portas
1362 569 1418 642 die
1446 591 1489 640 ao
1512 578 1623 654 nocte,
1650 581 1686 639 ιιι
1713 591 1792 640 eum
1810 571 1885 664 in-¹

392 689 602 760 terficerent:
646 681 672 726 ⁹⁵
689 690 896 782 accipientes
922 699 1035 762 autem
1064 688 1219 782 discipuli
1246 690 1319 760 eius
1345 700 1446 762 nocte
1472 711 1537 783 per
1562 712 1695 760 murum
1723 689 1863 761 dimise—

269 857 273 864 ·
392 824 470 882 runt
496 829 574 882 eum
601 809 850 882 summittentes
875 811 911 880 in
936 817 1063 903 sporta.
1115 801 1142 848 ’Β
1160 807 1243 880 Cum
1270 819 1383 882 autem
1408 811 1563 882 venisset
1586 811 1622 880 in
1639 811 1863 895 Hierusalem,

393 931 559 1002 tentabat
584 929 725 1020 iungere
752 951 791 1000 aa
819 931 1009 1024 dscputts:
1039 939 1074 999 et
1100 951 1222 1002 omncs
1248 931 1413 1002 timebant
1447 951 1542 1016 eum,
1576 947 1647 1002 non
1680 929 1865 1002 credentes
1908 941 1914 1006 ἶ

392 1050 472 1142 quia
504 1059 598 1120 esset
630 1050 825 1143 discipulus.
877 1042 1090 1122 ”Barnabas
1124 1061 1239 1122 autem
1273 1051 1529 1144 adprehensum
1563 1050 1656 1120 illum
1689 1050 1789 1122 duxit
1820 1050 1865 1122 ad

348 1225 352 1238 .
392 1171 586 1262 apostolos,
620 1181 655 1240 et
688 1171 836 1242 narravit
866 1169 929 1240 illis
964 1169 1138 1262 quomodo
1171 1170 1205 1242 in
1238 1171 1294 1242 via
1326 1171 1472 1243 vidisset
1502 1170 1696 1255 dominum,
1724 1180 1759 1244 et
1785 1170 1867 1263 qrria

390 1291 523 1362 locutis
549 1299 602 1360 est
628 1291 670 1375 ei,
698 1300 733 1362 et
757 1291 934 1383 quomodo
961 1291 1135 1362 Damasco
1170 1289 1371 1362 fiducialiter
1396 1301 1517 1383 ageret
1542 1290 1577 1362 in
1610 1290 1750 1362 nomine
1776 1291 1862 1362 lesu.

391 1401 510 1480 28llrat
544 1419 656 1482 autem
690 1432 766 1482 cum
798 1408 862 1480 illis
895 1408 1023 1480 intrans
1058 1420 1094 1480 et
1126 1409 1247 1482 exiens
1282 1410 1317 1480 in
1349 1411 1563 1484 Hierusalem
1598 1420 1634 1482 et
1665 1409 1864 1482 fiducialiter

393 1553 503 1622 agens
528 1531 562 1602 in
587 1530 725 1602 nomina
752 1529 897 1602 domini:
940 1520 966 1568 ²⁹
983 1531 1188 1622 loquebatur
1214 1551 1353 1622 quoque
1381 1541 1415 1602 ot
1440 1532 1639 1626 disputabat
1671 1553 1747 1602 cum
1775 1531 1862 1601 Gre-

391 1651 458 1734 cis;
493 1650 538 1722 illi
571 1661 685 1720 autem
718 1649 930 1742 quaerebant
961 1650 1122 1722 occidere
1154 1649 1256 1722 illum.
1315 1641 1341 1687 ³⁰
1359 1651 1462 1734 Quod
1503 1673 1580 1722 cum
1620 1651 1864 1744 cognovissent

391 1773 522 1856 tratres,
549 1771 771 1842 deduxerunt
795 1791 876 1842 eum
902 1769 1106 1842 Caesaream
1141 1779 1177 1840 et
1209 1767 1413 1842 dimiserunt
1444 1772 1620 1844 Tharsum.
1671 1764 1695 1808 ³¹
1710 1771 1863 1842 Ecclesia

392 1890 531 1983 quidem
558 1912 621 1983 per
648 1900 754 1964 totam
779 1890 939 1962 Iudaeam
974 1900 1009 1960 et
1035 1890 1221 1962 Galilaeam
1255 1897 1290 1959 et
1323 1889 1512 1964 Samariam
1548 1891 1699 1964 habebat
1730 1912 1888 1990 pacem„

358 2012 363 2021 '
392 2021 428 2082 et
454 2009 697 2086 aedificabatur
724 2011 902 2084 ambulans
928 2010 962 2080 in
988 2010 1111 2082 timore
1138 2008 1278 2092 domini,
1305 2017 1340 2078 et
1365 2012 1601 2084 consolatione
1627 2012 1735 2084 sancti
1761 2011 1861 2104 spiri-

392 2142 447 2202 tus
472 2133 676 2224 replebatur.
728 2121 905 2202 ³2Factum
932 2139 985 2200 est
1011 2139 1124 2202 autem
1153 2139 1189 2200 ut
1214 2128 1334 2200 Petrus
1360 2129 1440 2202 dum
1475 2132 1699 2226 pertransiret
1723 2131 1860 2204 univer-

393 2273 471 2336 sos,
499 2251 679 2324 deveniret
712 2249 757 2320 ad
789 2260 927 2324 sanctos
963 2250 1020 2342 qui
1053 2249 1254 2322 habitabant
1277 2247 1430 2342 Lyddao.
1482 2245 1649 2324 3Ἶιιιιιιιίι
1675 2263 1789 2324 autem
1815 2253 1860 2324 ibi

393 2373 566 2456 bominem
593 2369 767 2464 quendarn
793 2371 932 2444 nomine
958 2373 1108 2442 teneam
1136 2371 1180 2442 ab
1207 2369 1305 2440 annis
1332 2378 1411 2442 octo
1438 2370 1608 2444 iacentem
1633 2371 1667 2442 in
1692 2373 1859 2464 grabatto,

393 2493 451 2584 qui
478 2501 552 2564 erat
585 2490 799 2584 paralyticus.
852 2479 931 2562 ³⁸Et
957 2491 1004 2562 ait
1028 2491 1073 2560 illi
1099 2491 1219 2565 Petrus
1253 2489 1410 2573 Aeneae,
1437 2501 1536 2564 sanat
1560 2501 1595 2564 te
1622 2492 1780 2564 dominus
1805 2494 1860 2564 le-

393 2634 453 2682 sus
480 2612 647 2684 Christus:
675 2631 778 2702 surge
804 2619 839 2682 et
864 2619 979 2682 sterne
1007 2610 1074 2682 tibi.
1126 2611 1168 2682 Et
1194 2610 1355 2682 continuo
1383 2612 1541 2684 surrexit.
1592 2605 1619 2650 ³⁵
1635 2613 1677 2684 Ει
1701 2613 1862 2686 viderunt

393 2733 483 2804 illum
519 2751 640 2804 ornnes
673 2730 731 2822 qui
765 2730 963 2804 habitabant
995 2730 1138 2824 Lyddae
1172 2740 1208 2801 et
1242 2732 1414 2815 Serenae,
1442 2732 1499 2824 qni
1526 2733 1686 2805 conversi
1712 2731 1861 2806 suntad

392 2852 576 2924 domiuum
628 2844 704 2924 ³⁶ln
728 2852 834 2944 loppe
861 2860 972 2924 autem
1000 2851 1059 2922 luit
1085 2851 1257 2943 quaedam
1275 2850 1439 2943 discipula
1458 2853 1595 2924 nomine
1615 2853 1743 2938 Tabita,
1770 2871 1861 2944 quae

392 2973 612 3067 interpretata
637 2971 756 3044 dicitur
781 2973 909 3044 Doroa:
938 2971 1024 3042 haec
1051 2979 1125 3044 erat
1150 2972 1251 3064 plena
1279 2971 1439 3064 operibus
1466 2973 1566 3046 bonis
1593 2985 1628 3046 et
1653 2971 1861 3066 elemosynis

392 3113 479 3185 quas
504 3093 661 3166 iaciebat.
712 3084 739 3128 ³⁷
750 3093 889 3164 Factum
917 3101 971 3164 est
1002 3101 1116 3164 autem
1142 3091 1176 3162 in
1209 3090 1334 3162 diebus
1359 3092 1422 3164 illis
1448 3101 1485 3164 ut
1509 3092 1677 3166 indrmnta
1702 3113 1860 3164 morere·

392 3225 458 3284 tur:
499 3233 601 3305 quam
635 3233 711 3283 cum
744 3213 921 3296 lavissent,
961 3220 1151 3305 posuerunt
1184 3231 1262 3282 eam
1296 3211 1332 3282 in
1362 3215 1536 3286 cenaculo.
1595 3206 1621 3254 ω
1634 3215 1717 3288 Cum
1748 3223 1861 3286 autem

392 3355 502 3427 prope
533 3343 628 3406 esset
660 3333 781 3426 Lydda
814 3333 859 3404 ab
891 3334 1013 3425 loppa,
1046 3331 1203 3424 discipuli
1234 3331 1414 3403 audientes
1448 3334 1529 3426 quia
1558 3334 1680 3406 Petrus
1707 3343 1803 3406 esset
1826 3335 1861 3406 in

392 3476 445 3539 ea,
472 3455 638 3528 miserunt
664 3453 753 3526 duos
779 3453 871 3524 viros
898 3453 944 3524 ad
970 3473 1049 3524 enm
1075 3460 1239 3544 rogantes
1265 3451 1317 3522 Ne
1343 3453 1515 3545 pigriteris
1540 3456 1661 3528 venire
1678 3477 1788 3548 usqne
1815 3453 1862 3528 ad

250 3643 257 3652 .
392 3595 466 3647 nos.
523 3565 551 3612 ³⁰
564 3575 765 3666 Exsurgcns
804 3582 919 3646 antem
950 3572 1069 3658 Petrus
1108 3571 1202 3642 venit
1234 3593 1310 3642 cum
1349 3573 1430 3643 illis:
1472 3583 1508 3644 et
1541 3595 1617 3646 curn
1652 3575 1859 3660 advenerer,

393 3695 565 3768 duxerunt
597 3695 687 3766 illum
720 3695 755 3764 in
787 3693 1002 3777 conscilium,
1038 3702 1073 3764 et
1111 3693 1406 3764 circumsteterunt
1443 3693 1535 3766 illurn
1573 3717 1695 3767 omnes
1732 3695 1859 3766 dduae

393 3815 514 3888 dontcs
541 3824 576 3886 et
602 3815 826 3886 ostendentes
844 3813 974 3884 tunicas
1001 3823 1036 3884 et
1052 3821 1171 3884 vestes
1198 3833 1286 3904 quas
1304 3812 1453 3884 iaciebat
1469 3813 1532 3886 illis
1548 3804 1673 3886 Doroa.
1698 3805 1859 3886 ”Eiectis

393 3945 508 4008 aamm
534 3935 693 4006 omnibns
720 3935 811 4006 foras
837 3935 956 4006 Petrus
983 3953 1117 4026 ponens
1143 3953 1255 4023 genua
1281 3933 1400 4016 oravit,
1426 3941 1462 4006 et
1487 3953 1675 4006 conversus
1707 3932 1753 4006 ad
1779 3955 1858 4006 cor-

393 4075 458 4149 pus
484 4055 571 4128 dixit
597 4055 731 4150 Tabita,
753 4075 866 4146 surge.
918 4053 963 4124 Αι
988 4054 1043 4124 illa
1078 4053 1211 4145 aperuit
1236 4052 1355 4124 oculos
1382 4073 1482 4136 suos,
1510 4061 1545 4124 et
1571 4054 1646 4126 viso
1672 4052 1775 4124 Patro
1801 4077 1858 4126 re-

393 4175 492 4250 sedit
543 4163 680 4248 “nam
707 4181 821 4248 autem
856 4173 898 4244 illi
934 4194 1071 4244 manum
1099 4172 1209 4244 erexit
1243 4193 1338 4258 eam,
1370 4182 1509 4246 etcum
1534 4184 1695 4246 vocasset
1720 4185 1859 4248 sanctos

393 4305 429 4368 et
453 4297 586 4380 viduas
614 4293 807 4387 adsignavit
833 4313 912 4366 eam
938 4294 1060 4366 vivam.
1112 4280 1275 4362 ”Notum
1310 4303 1425 4364 autem
1457 4294 1583 4366 iactum
1615 4305 1670 4366 est
1695 4317 1759 4388 per
1784 4297 1859 4368 uni·

392 4437 528 4492 versam
562 4417 706 4510 loppen,
736 4424 772 4488 et
805 4411 1024 4486 erediderunt
1056 4412 1147 4484 multi
1181 4412 1216 4484 in
1248 4411 1398 4492 domino.
1450 4404 1476 4452 ⁴³
1492 4413 1631 4486 Factum
1665 4425 1858 4512 astantem

392 4549 429 4610 ut
453 4537 530 4612 dics
555 4537 680 4610 multos
706 4543 898 4610 moraretur
925 4534 958 4604 in
985 4535 1092 4628 loppe
1119 4533 1211 4626 apud
1238 4533 1412 4625 quendam
1439 4534 1613 4608 Simonem
1643 4537 1833 4610 coriarium.

1109 4807 1149 4880 X.

468 5016 477 5060 ¹
498 5020 555 5090 Vir
581 5031 696 5094 antem
722 5017 861 5112 qmdam
887 5027 961 5090 erat
985 5013 1019 5092 in
1045 5014 1215 5090 Caesarea
1241 5017 1380 5090 nomine
1407 5017 1589 5102 Comelius,
1617 5019 1771 5092 centurio
1797 5039 1860 5090 co·

393 5142 498 5214 hortis
525 5163 613 5234 (prae
641 5139 761 5213 dicitru
786 5138 913 5222 Italica,
953 5129 1163 5228 ’religiosus
1189 5145 1225 5208 et
1250 5137 1373 5210 umens
1399 5139 1503 5212 doum
1530 5159 1607 5211 cum
1635 5139 1727 5212 omni
1754 5137 1859 5209 dorno

958 5257 1010 5340 ῘΧ,
1039 5258 1086 5330 25
1115 5297 1163 5314 -·
1190 5257 1229 5338 X,
1258 5259 1289 5331 2.
