4254 6130
711 161 817 244 uara
842 179 994 246 neruuu
1019 181 1298 244 APOSTOLORUM
1370 144 1371 152 Ν
1673 182 1746 254 205

271 385 305 454 in
330 384 614 477 Hierosolymam,
642 383 883 480 disceptabant
900 383 1068 456 adversus
1095 385 1185 456 illum
1213 383 1389 478 quierant
1414 407 1461 456 ex
1479 385 1745 472 circumcisione,
1842 463 1848 475 ,

270 496 457 576 ³dicentes
485 504 600 588 Quare
632 504 777 578 introisti
811 504 859 578 ad
892 503 985 576 viros
1010 506 1227 599 praeputium
1262 503 1434 576 habentes
1468 515 1503 577 et
1529 507 1745 580 manducasti

157 635 160 644 '
272 647 352 696 cum
385 625 476 695 illis?
533 614 731 718 llnoipiens
771 635 888 698 autem
926 621 1048 696 Petrus
1088 627 1289 720 exponebat
1327 626 1392 696 illis
1432 627 1589 699 ordinem
1625 625 1744 698 dicens

269 727 375 837 ⁵Ego
403 766 498 816 eram
524 745 558 816 in
585 746 721 818 civitate
747 746 878 840 loppen
904 763 1016 829 orans,
1044 755 1079 815 et
1096 746 1167 819 vidi
1193 749 1227 818 in
1253 769 1405 818 excessu
1423 749 1546 818 mentis
1563 748 1742 832 visionem,

272 864 489 937 descendens
523 885 586 936 vas
619 865 797 958 quoddam
830 864 926 936 velut
956 865 1097 937 linteum
1128 890 1291 960 magnum
1325 878 1488 960 quattuor
1518 868 1619 938 initiis
1646 890 1743 940 surn-

223 1011 226 1022 ’
270 985 356 1056 mitti
383 985 429 1056 de
455 985 561 1069 caelo,
590 995 625 1056 et
649 988 743 1058 veuit
769 1007 883 1078 usque
909 984 955 1056 ad
981 1007 1053 1071 me;
1102 981 1166 1058 θιιι
1200 1009 1270 1081 quo
1304 989 1439 1060 intuens
1467 989 1741 1073 considerabam,

272 1116 306 1176 et
332 1105 402 1176 vidi
428 1104 666 1198 quadrupedia
692 1116 805 1178 terrae
832 1113 868 1174 et
898 1103 1028 1177 bestias
1055 1117 1089 1178 et
1114 1108 1248 1202 reptilia
1274 1118 1309 1178 et
1335 1109 1482 1180 volatilia
1509 1109 1604 1180 caeli.
1638 1100 1742 1180 7hu-

271 1225 340 1297 divi
367 1235 481 1296 autem
516 1235 551 1296 et
579 1247 701 1298 vocem
733 1225 907 1296 dicentem
942 1223 1022 1296 mihi
1050 1227 1177 1322 Surge,
1205 1229 1323 1312 Petne,
1352 1228 1472 1300 occide
1499 1241 1533 1300 et
1560 1229 1740 1302 manduca.

269 1338 374 1416 ⁸Dixi
400 1355 514 1418 autem
541 1343 784 1440 Nequaquam,
813 1344 963 1429 domine,
990 1345 1071 1438 quia
1098 1367 1281 1419 commune
1315 1359 1374 1418 aut
1407 1349 1607 1422 inmundum
1639 1373 1741 1422 uum-

270 1487 373 1558 quam
407 1465 533 1536 introiit
564 1466 598 1536 in
631 1488 672 1538 os
705 1487 831 1538 meum.
884 1454 1105 1558 ⁹Respondit
1137 1475 1252 1538 autem
1288 1491 1358 1540 vox
1387 1468 1544 1542 secundo
1571 1472 1616 1543 de
1643 1474 1741 1544 caelo

271 1586 368 1670 Quae
396 1585 483 1658 deus
510 1586 687 1658 mundavit
712 1597 747 1657 tu
774 1605 960 1657 commune
986 1607 1030 1656 ne
1056 1585 1196 1658 dixeris.
1249 1579 1275 1624 '¹⁰
1292 1589 1366 1659 Hoc
1392 1600 1507 1662 autem
1533 1593 1661 1662 lactum
1689 1601 1742 1662 cst

227 1679 231 1690 ⁸
270 1727 334 1799 per
359 1715 420 1790 ter,
448 1715 483 1776 et
508 1715 648 1798 recepta
674 1716 753 1778 sunt
777 1727 913 1778 rursum
942 1707 1056 1778 omnia
1082 1707 1117 1776 in
1143 1709 1286 1779 caelum.
1340 1700 1362 1744 ⁴⁴
1381 1711 1423 1782 Et
1450 1733 1534 1784 ecce
1560 1712 1740 1784 confestim
1838 1753 1842 1768 ·

271 1825 429 1896 tresviri
464 1824 667 1896 adstiterunt
697 1826 732 1899 iu
764 1825 872 1898 domo
906 1827 940 1896 in
972 1850 1041 1920 qua
1075 1847 1179 1912 eram,
1213 1829 1311 1900 missi
1347 1853 1367 1901 a
1403 1831 1573 1904 Caesarea
1601 1831 1647 1903 ad
1673 1853 1739 1904 me.

270 1936 296 1982 ¹²
312 1945 405 2016 Dixit
432 1953 545 2016 autem
579 1945 718 2038 spiritus
745 1946 829 2016 mihi
864 1955 899 2018 ut
924 1946 1011 2018 irem
1044 1969 1123 2020 cum
1151 1949 1215 2019 illis
1242 1949 1323 2018 nihil
1350 1949 1512 2024 hesitans.
1566 1944 1740 2024 Venerunt

271 2075 386 2138 autem
420 2087 556 2136 mecum
591 2075 626 2137 et
660 2088 725 2138 sex
754 2067 877 2138 hatres
911 2067 976 2153 isti,
1010 2078 1045 2139 et
1080 2069 1227 2161 ingressi
1267 2092 1388 2142 sumus
1421 2071 1464 2140 in·
1489 2073 1633 2146 domum
1667 2073 1738 2144 viri.

269 2177 295 2222 ¹³
311 2185 468 2256 Narravit
493 2195 608 2256 autem
634 2187 735 2258 nobis
761 2187 940 2280 quomodo
966 2187 1113 2262 vidisset
1139 2190 1299 2281 angelum
1326 2190 1359 2260 in
1386 2189 1490 2262 domo
1509 2215 1573 2264 sua
1591 2203 1739 2266 stantem

270 2317 304 2376 et
330 2306 502 2378 dicentem
528 2306 593 2376 sibi
618 2308 713 2378 Mitte
738 2307 772 2377 in
797 2309 927 2402 loppen
954 2319 989 2380 et
1015 2309 1145 2380 arcessi
1178 2310 1353 2382 Simonem
1389 2311 1447 2404 qni
1474 2313 1739 2405 cognominatur

269 2426 405 2509 Petrus,
449 2415 475 2462 ¹⁴
492 2427 550 2518 qui
576 2427 736 2520 loquetur
761 2427 822 2498 tibi
848 2427 957 2499 verba
990 2429 1024 2500 in
1050 2428 1175 2522 quibus
1202 2428 1320 2500 salvus
1353 2431 1422 2502 eris
1455 2441 1491 2503 tu
1517 2443 1553 2504 et
1579 2423 1739 2505 universa

269 2545 395 2618 domus
421 2555 489 2618 tua.
541 2537 568 2582 ¹⁵
581 2545 665 2618 Cum
692 2556 807 2618 autem
834 2549 1031 2642 coepissem
1057 2549 1161 2642 loqui,
1189 2547 1319 2621 decidit
1344 2552 1482 2645 spiritus
1510 2563 1649 2624 sanctus
1676 2575 1737 2624 su-

268 2688 332 2760 per
358 2687 421 2737 eos
447 2665 536 2737 sicut
562 2667 656 2738 etin
682 2688 747 2738 nos
779 2668 813 2736 in
839 2667 943 2740 initio.
995 2660 1021 2704 ⁴⁶
1036 2669 1249 2742 llecordatus
1283 2693 1359 2743 sum
1392 2681 1508 2743 autern
1539 2674 1637 2746 verbi
1670 2675 1737 2748 do-

269 2785 359 2870 mini,
387 2787 475 2860 sicut
501 2785 640 2858 dicebat
677 2786 848 2858 lohannes
874 2787 1014 2880 quidem
1041 2789 1227 2882 baptizavit
1253 2813 1362 2884 aqua,
1390 2813 1454 2862 vos
1480 2802 1596 2865 autem
1622 2793 1736 2886 bapti-

270 2906 428 2976 zabimini
455 2906 574 2999 spiritu
601 2915 730 2978 sancto.
775 2897 801 2942 ⁴⁷
819 2906 854 2976 Si
881 2927 965 3000 ergo
992 2906 1140 2979 eandem
1167 2911 1313 3000 gratiam
1339 2911 1435 2985 dedit
1461 2912 1524 2982 illis
1542 2911 1630 2984 deus
1648 2913 1736 2984 sicut

238 3099 240 3106 ,
270 3035 305 3096 et
338 3026 438 3096 nobis
471 3026 528 3117 qui
562 3025 771 3098 credidimus
806 3027 841 3096 in
875 3027 1054 3098 dominum
1085 3029 1198 3100 lesum
1233 3030 1412 3116 Christum,
1440 3051 1508 3122 ego
1535 3032 1613 3124 quis
1639 3051 1734 3102 eram

270 3147 328 3239 qui
353 3165 495 3238 possem
521 3143 705 3238 prohibere
731 3146 861 3219 deum?
905 3139 931 3184 ¹⁸
947 3147 1007 3218 His
1033 3147 1157 3219 auditis
1185 3158 1370 3232 tacuerunt,
1397 3161 1432 3222 et
1458 3150 1735 3242 glorificaverunt

270 3267 374 3338 deum
400 3266 555 3338 dicentes
580 3265 672 3357 Ergo
699 3275 734 3337 et
759 3267 920 3359 gentibus
946 3267 1034 3340 deus
1060 3267 1303 3360 paenitentiam
1331 3271 1498 3342 advitam
1524 3268 1628 3342 dedit.
1656 3263 1735 3340 ⁴⁹ltt

269 3387 313 3458 illi
340 3386 479 3479 quidem
507 3385 564 3478 qui
591 3385 738 3480 dispersi
764 3389 897 3460 lucrant
924 3411 945 3458 a
971 3388 1187 3460 tribulatione
1214 3411 1304 3482 quae
1330 3391 1419 3461 laeta
1445 3391 1553 3460 lucrat
1571 3391 1636 3463 sub
1655 3392 1732 3461 Ste-

268 3507 382 3600 phano
415 3506 741 3600 perambulaverunt
766 3531 878 3601 usque
904 3509 1087 3580 Foenicem
1120 3517 1156 3578 et
1182 3508 1330 3602 Cyprum
1358 3520 1393 3582 et
1417 3509 1641 3597 anthiociam,
1668 3531 1732 3582 ue-

268 3627 349 3698 miui
383 3627 565 3719 loquentes
598 3627 743 3699 verbum
776 3629 840 3700 uisi
874 3630 957 3700 solis
991 3629 1134 3702 ludaeis.
1185 3621 1213 3670 ¹⁰
1228 3629 1333 3702 Erant
1367 3639 1482 3702 autem
1517 3631 1658 3723 quidam
1686 3653 1733 3702 ex

268 3747 320 3818 eis
345 3746 408 3816 viri
436 3747 549 3840 Cyprii
575 3757 610 3820 et
636 3748 790 3842 Cyrenei,
824 3749 987 3841 quicum
1014 3749 1209 3821 introissent
1242 3749 1470 3836 Anthiociam,
1505 3751 1734 3845 loquebantur
1761 3755 1764 3762 '

268 3875 304 3936 et
335 3865 381 3938 ad
416 3867 546 3940 Grecos
579 3867 818 3941 adnuntiantes
852 3868 1029 3942 dominum
1061 3870 1185 3941 lesum.
1237 3862 1260 3906 ²¹
1274 3871 1317 3942 Et
1349 3883 1423 3944 erat
1455 3893 1576 3944 manus
1602 3870 1732 3944 domini

269 3987 439 4056 cumeis:
470 3990 596 4060 multus
630 3987 771 4081 quidem
804 4010 968 4062 numerus
1002 3990 1213 4063 credentium
1247 4013 1438 4065 conversus
1465 4003 1520 4064 est
1546 3991 1591 4066 ad
1618 3991 1731 4062 domi-

268 4129 358 4176 num.
410 4099 437 4144 ²²
453 4106 613 4178 Pervenit
639 4118 753 4180 autem
780 4131 896 4182 sermo
923 4109 968 4181 ad
994 4131 1096 4182 aures
1123 4111 1291 4182 ecclesiae
1317 4135 1409 4206 quae
1436 4123 1510 4186 erat
1532 4111 1732 4204 Hierosoly-

269 4225 334 4298 mls
361 4247 466 4319 super
497 4228 587 4313 istis,
623 4237 658 4298 et
692 4228 859 4304 miserunt
890 4231 1071 4302 Barnuhan
1107 4253 1217 4324 usque
1249 4231 1483 4305 Anthiociam:
1509 4225 1552 4296 Β
1569 4231 1627 4326 qui
1654 4253 1731 4302 cum

268 4346 484 4438 pervenisset
516 4359 552 4419 et
583 4347 729 4420 vidisset
758 4350 903 4440 gratiam
937 4350 1003 4436 dei,
1037 4352 1180 4443 gavisus
1216 4361 1285 4436 est,
1320 4365 1356 4424 et
1381 4355 1583 4426 hortabatur
1609 4372 1731 4423 omnes

268 4466 447 4558 proposito
474 4467 588 4540 cordis
615 4489 819 4561 permanere
845 4471 879 4540 in
905 4471 1057 4556 dominc,
1101 4459 1127 4508 ²⁴
1144 4472 1224 4564 quia
1250 4483 1325 4544 crat
1350 4475 1532 4545 virbonus
1558 4483 1592 4544 et
1609 4473 1732 4564 plenus

268 4587 386 4679 spiritu
413 4597 533 4659 sancto
561 4597 596 4657 et
620 4585 698 4658 fide.
751 4589 794 4659 Et
827 4591 987 4684 adposita
1020 4601 1073 4662 est
1100 4591 1199 4662 turba
1235 4592 1518 4674 multa'domino.
1569 4584 1596 4628 ᾖ
1613 4591 1731 4662 Prole-

149 4753 155 4759 -
268 4717 343 4778 ctus
369 4717 423 4778 est
449 4717 564 4780 autem
592 4703 779 4781 'Tharsum
815 4720 850 4780 ut
876 4723 1058 4804 quaereret
1092 4712 1249 4798 Saulum;
1284 4735 1387 4809 quem
1424 4737 1502 4784 cum
1536 4713 1731 4795 invenisset,

266 4829 428 4920 perduxit
454 4829 688 4901 Anthiociam:
731 4819 757 4864 ²⁵
774 4840 809 4901 et
835 4852 962 4903 anuum
989 4840 1097 4902 totum
1125 4837 1319 4915 conversati
1355 4843 1433 4906 sunt
1465 4835 1499 4905 in
1525 4833 1672 4906 ecclesia
1699 4841 1734 4903 et
1774 4812 1777 4818 λ

267 4947 460 5022 docuerunt
495 4949 630 5022 turbam
666 4951 824 5034 multam,
858 4951 902 5022 ita
936 4962 973 5022 ut
1004 4952 1335 5054 cognominarenqur
1366 4955 1511 5052 primum
1539 4953 1736 5026 Anthiooiac

861 5072 914 5156 Xl,
943 5075 963 5142 3
994 5113 1039 5125 -
1069 5075 1126 5146 26.
