4242 6118
652 415 900 480 svnucsuruu
930 417 1139 480 SECUNDUM
1165 416 1371 499 unrruuuu
1716 419 1763 491 tt

265 651 376 724 neque
401 629 559 699 virtutem
586 622 654 695 dei.
693 612 721 660 ³⁰
738 621 777 690 ln
804 622 1068 692 resurrectione
1096 623 1187 692 enim
1215 639 1329 713 neque
1356 622 1486 693 nubent
1502 645 1616 718 neque
1631 629 1764 700 nuben-

268 761 329 835 tur,
356 747 419 820 sed
445 755 523 818 sunt
549 744 638 816 siout
665 740 782 832 angeli
808 740 866 812 dei
895 741 935 810 iu
967 741 1074 812 caelo.
1120 734 1640 817 31Ιιετεειιττεειίοιιεειιιειιι
1667 771 1763 821 mor-

269 881 403 942 tuomm
427 889 498 938 non
523 863 656 957 legistis
683 860 783 954 quod
809 861 947 933 dictum
985 869 1038 930 εει
1073 882 1094 930 a
1129 861 1199 932 deo
1227 860 1365 933 dicente
1391 864 1494 936 vobis
1544 859 1570 904 Ὦ
1586 867 1662 959 Ego
1690 893 1766 943 sum

271 990 357 1063 deus
375 985 549 1058 Abrabam
571 993 609 1054 et
629 983 718 1056 deus
733 981 830 1053 Isaac
849 991 885 1052 et
907 979 1007 1050 deus
1030 981 1161 1052 lacob‘l
1189 983 1268 1053 Non
1287 989 1340 1052 est
1359 981 1446 1054 deus
1466 995 1680 1061 mortuomm
1702 992 1766 1066 sed

271 1109 466 1182 viventium,
505 1096 532 1142 ³³
547 1104 591 1174 Et
610 1103 791 1176 audientes
808 1101 940 1172 turbae
962 1100 1173 1172 mirabantur
1196 1103 1230 1172 in
1249 1101 1406 1174 doctriua
1425 1104 1508 1176 eius.
1534 1095 1561 1144 ³⁴
1574 1097 1662 1158 ‘Ml
1676 1113 1766 1184 pha.

273 1231 374 1302 risaei
400 1239 513 1300 autem
541 1223 724 1296 audientes
751 1220 846 1316 quod
873 1220 1055 1292 silentium
1091 1222 1302 1315 inposuisset
1336 1222 1562 1312 Sadducaeis,
1591 1251 1766 1306 convene-

273 1360 350 1420 runt
375 1349 409 1420 in
434 1367 548 1431 uuum,
593 1335 623 1383 ³⁵
640 1355 676 1416 ει
700 1340 930 1436 interrogavit
960 1360 1040 1414 eum
1068 1365 1155 1414 unus
1182 1363 1230 1412 ex
1265 1341 1316 1412 eis
1348 1343 1435 1434 legis
1469 1345 1593 1419 doctor
1619 1360 1767 1426 temtans

274 1491 353 1540 eum
388 1459 601 1560 &Megisten
630 1463 726 1557 quod
752 1473 805 1536 est
829 1459 1035 1536 mandatum
1062 1485 1228 1554 magnum
1255 1462 1290 1532 in
1316 1462 1422 1554 lege‘l
1473 1457 1500 1502 ³⁷
1515 1467 1571 1538 Ait
1595 1471 1642 1540 illi
1668 1475 1764 1544 lesus
1829 1509 1832 1515 ·

273 1589 401 1680 Diliges
429 1587 608 1659 dominum
637 1584 741 1656 deum
767 1593 860 1655 tuum
887 1605 936 1654 ex
963 1593 1038 1656 toto
1066 1582 1175 1654 corde
1204 1591 1264 1652 tuo
1292 1591 1326 1652 et
1353 1604 1396 1654 ex
1425 1595 1497 1656 tota
1523 1590 1635 1661 anima
1653 1603 1710 1664 tua
1729 1607 1764 1666 et

275 1709 309 1779 in
339 1717 411 1780 tota
443 1716 560 1778 mente
593 1715 662 1776 tua.
714 1694 741 1741 ω
757 1704 831 1774 Hoc
864 1713 918 1774 est
951 1703 1041 1774 enim
1075 1703 1268 1774 maximum
1304 1712 1339 1772 et
1371 1705 1517 1797 primum
1551 1711 1760 1786 mandatum.

275 1819 302 1865 ³⁰
315 1827 508 1899 Secundum
536 1835 655 1898 autem
672 1824 782 1895 simile
808 1833 861 1894 est
884 1823 964 1894 huic
984 1824 1113 1916 Diliges
1133 1822 1334 1916 proximum
1360 1833 1453 1896 tuum
1472 1827 1559 1899 siout
1584 1840 1619 1904 te
1637 1834 1759 1926 ipsum.

276 1938 302 1986 ⁴⁰
318 1949 354 2018 ln
379 1947 432 2018 his
458 1946 598 2018 duobus
625 1943 795 2016 mandatis
821 1943 982 2014 universa
1003 1943 1062 2012 lex
1079 1941 1213 2036 pendet
1234 1952 1270 2012 et
1289 1943 1489 2037 prophetae.
1528 1936 1653 2000 “ml
1668 1955 1760 2026 con.

279 2068 429 2161 gregatis
463 2075 579 2138 autem
613 2065 808 2136 Pharisaeis
842 2063 1065 2155 interrogavit
1098 2083 1162 2134 eos
1196 2063 1293 2133 lesus
1345 2051 1372 2100 ⁴²
1384 2065 1502 2140 dicens
1527 2069 1631 2153 ⁴Quid
1657 2075 1759 2146 vobis

278 2187 415 2260 videtur
440 2186 486 2258 de
513 2187 677 2257 Christo?
705 2185 807 2256 Cuius
833 2181 920 2254 filius
952 2185 1028 2253 est‘?
1054 2183 1179 2253 Dicunt
1205 2184 1238 2253 ei
1264 2183 1385 2257 David.
1444 2179 1471 2228 δ’
1486 2187 1543 2258 Ait
1568 2189 1633 2261 illis
1661 2193 1758 2276 Quo-

278 2306 385 2380 modo
412 2328 497 2400 ergo
523 2304 638 2378 David
664 2303 698 2374 in
724 2303 844 2396 spiritu
869 2313 972 2374 vocat
998 2325 1077 2374 eum
1105 2301 1285 2374 dominum
1313 2304 1431 2378 dicens
1477 2297 1610 2380 “Dixit
1642 2311 1757 2384 domi-

278 2451 342 2502 nus
369 2427 512 2501 domino
539 2447 621 2498 meo
649 2422 742 2496 Sede
769 2445 789 2494 a
816 2423 948 2494 dextris
975 2425 1061 2494 meis
1087 2423 1202 2494 donec
1228 2446 1356 2518 ponam
1389 2428 1544 2500 inimicos
1571 2439 1650 2502 tuos
1676 2455 1756 2504 soa-

277 2551 393 2622 billum
420 2548 550 2644 pedum
576 2545 740 2618 tuorum?
778 2530 806 2580 ⁴⁵
822 2543 857 2614 Si
884 2563 969 2635 ergo
987 2543 1099 2614 David
1124 2553 1229 2614 vocat
1255 2565 1334 2617 eum
1362 2549 1548 2634 dominum,
1576 2553 1754 2643 quomodo

280 2669 467 2741 filiuseius
494 2669 573 2738 est?
625 2652 752 2708 mm)
765 2663 807 2732 Et
832 2683 934 2734 nemo
968 2671 1104 2756 poterat
1130 2663 1346 2758 respondere
1379 2670 1410 2741 ei
1443 2669 1623 2755 verbum,
1640 2693 1755 2765 neque

281 2811 384 2862 ausus
410 2789 470 2859 lirit
496 2787 679 2879 quisquam
705 2803 751 2854 ex
778 2781 833 2854 illa
860 2780 917 2853 die
944 2803 1023 2853 eum
1050 2785 1197 2878 amplius
1224 2787 1447 2881 interrogare.

960 2989 1139 3058 XXffl'.

358 3138 486 3194 ΗΜ)
501 3146 595 3216 Tunc
620 3145 716 3214 lesus
741 3143 875 3214 locutus
902 3151 955 3213 est
981 3141 1026 3212 ud
1052 3143 1170 3215 turbas
1197 3155 1231 3216 ει
1258 3147 1303 3217 ad
1330 3147 1517 3241 discipulos
1544 3171 1627 3220 suos
1671 3143 1752 3222 ’di-

285 3290 366 3341 cens
393 3269 503 3360 Super
528 3263 727 3336 cathedram
754 3264 841 3336 Mosi
868 3261 1031 3334 sedemnt
1056 3264 1191 3336 scribae
1218 3275 1253 3336 ει
1270 3267 1458 3340 Pharisaei:
1497 3261 1639 3339 ³omnia
1666 3291 1751 3362 ergo

285 3407 522 3483 quaecumque
548 3385 699 3458 dixerint
724 3385 826 3456 vobis
853 3391 990 3455 servate
1016 3391 1051 3454 et
1076 3385 1193 3471 facite;
1227 3387 1414 3459 secundum
1442 3409 1548 3482 opera
1574 3409 1658 3460 vcro
1687 3410 1750 3460 eu-

285 3531 360 3580 rum
390 3507 495 3600 nolite
530 3507 660 3577 lacere:
699 3505 815 3576 dicunt
854 3504 943 3574 enim
976 3513 1010 3573 et
1042 3525 1111 3576 non
1142 3505 1276 3578 iaciunt.
1327 3497 1442 3554 ‘ml
1455 3507 1602 3601 Alligant
1636 3519 1751 3580 autem

286 3649 392 3700 onera
425 3627 544 3720 gravia
576 3635 612 3696 et
645 3625 861 3719 inportabilia
895 3633 930 3694 et
965 3623 1130 3716 inponunt
1171 3628 1205 3698 in
1238 3649 1376 3698 umeros
1408 3627 1599 3714 bominum,
1642 3629 1749 3723 digito

280 3759 400 3820 autem
426 3769 490 3819 suo
516 3746 635 3818 nolunt
661 3767 703 3816 ea
729 3765 882 3817 movere.
932 3734 1052 3790 “ml
1066 3744 1187 3818 Omnia
1214 3765 1298 3819 vero
1326 3769 1434 3842 opera
1465 3769 1527 3820 suu
1561 3751 1686 3822 iaciunt
1715 3761 1752 3820 ut

287 3869 467 3941 videantur
503 3866 548 3938 ab
587 3865 799 3938 bominibus:
841 3865 981 3938 dilatant
1011 3865 1100 3952 enim
1136 3867 1331 3960 philacteria
1365 3889 1427 3939 sua
1461 3879 1496 3938 ει
1536 3869 1752 3962 magnificant

287 3989 452 4062 fimbrias:
491 3979 632 4058 ⁶amant
664 3987 755 4058 enim
781 3987 911 4081 primos
936 3984 1110 4057 recubitus
1144 3988 1178 4058 in
1205 3991 1320 4060 caenis
1352 3999 1387 4059 et
1413 3989 1541 4082 primas
1568 3989 1752 4061 cathedras

287 4111 321 4182 in
352 4107 541 4204 synagogis
578 4099 640 4179 7et
673 4108 894 4182 salutationes
928 4106 962 4177 in
999 4105 1074 4176 loro
1109 4117 1144 4177 et
1174 4108 1292 4180 vocari
1331 4107 1374 4178 ab
1414 4108 1608 4180 hominibus
1642 4109 1750 4180 rabbi.

285 4220 411 4278 ⁸<²³⁰·⁴⁰·³
431 4230 501 4300 Vos
535 4237 649 4300 autem
668 4229 789 4330 ‚nolite
821 4227 938 4300 vocari
977 4225 1090 4298 rabbi:
1128 4250 1215 4300 unus
1255 4229 1346 4300 euim
1387 4237 1440 4300 est
1482 4229 1646 4322 magister
1685 4249 1749 4300 ve-

213 4439 220 4448 ,
287 4359 367 4436 ster,
394 4370 516 4422 omnes
549 4357 663 4419 autem
693 4368 760 4419 vos
785 4349 906 4420 tratres
938 4347 1030 4418 estis.
1080 4340 1152 4418 9Ει
1184 4359 1317 4442 patrem
1351 4349 1456 4422 nolite
1488 4371 1616 4422 vocare
1649 4348 1751 4420 vobis

288 4479 558 4564 superterram:
586 4490 673 4540 unus
699 4469 790 4540 enim
816 4477 869 4540 est
894 4477 992 4562 pater
1017 4477 1134 4538 vester
1159 4471 1216 4561 qui
1243 4471 1277 4540 in
1303 4471 1406 4542 caelis
1432 4481 1494 4543 est.
1546 4461 1659 4541 1οΝεε
1686 4490 1751 4540 vo-

288 4591 410 4662 cemini
435 4587 597 4680 magistri,
625 4587 704 4682 quia
730 4588 894 4680 magister
918 4597 1036 4660 vester
1052 4611 1139 4658 uuus
1153 4599 1207 4660 est
1224 4589 1384 4662 Christus.
1416 4583 1439 4628 ¹¹
1455 4584 1545 4640 ‘ml
1560 4589 1623 4674 Qui
1642 4589 1752 4660 maior

288 4719 342 4782 est
366 4718 528 4792 vestmm,
556 4707 621 4779 erit
646 4708 799 4779 minister
823 4717 956 4780 vester:
996 4699 1021 4746 ⁴¹
1034 4709 1091 4802 qui
1119 4719 1233 4781 autem
1260 4731 1299 4780 se
1325 4711 1528 4782 exaltaverit
1558 4708 1750 4780 humiliabi-

256 4819 349 4914 'tur‚
377 4840 413 4902 et
437 4828 495 4922 qui
521 4847 561 4898 se
586 4827 813 4899 humiliaverit
838 4829 1051 4900 exaltabitur.
1091 4819 1222 4876 Μὰ)
1235 4829 1306 4898 Vae
1333 4837 1446 4898 autem
1473 4829 1587 4914 vobis,
1615 4827 1751 4899 scribae

288 4959 323 5020 et
349 4948 521 5020 Pharisaei
547 4947 766 5042 hypocritae,
800 4949 879 5042 quia
911 4949 1065 5022 clauditis
1093 4970 1234 5040 regnum
1270 4949 1444 5022 caelorum
1472 4957 1550 5019 ante
1576 4949 1750 5020 homiues:

287 5090 352 5142 vos
378 5069 469 5140 euim
494 5089 565 5139 non
589 5067 728 5154 intratis,
755 5089 820 5138 uec
845 5069 1055 5141 introeuntes
1082 5069 1188 5138 sinitis
1215 5069 1348 5140 intrare.
1381 5059 1521 5116 ‘mli’
1543 5069 1613 5140 Vae
1639 5068 1749 5168 vobis,
1861 5127 1865 5136 .

286 5189 421 5261 scribae
447 5197 483 5259 et
507 5187 682 5260 Pharisaei
708 5189 918 5282 hypocritae,
947 5190 1026 5282 quia
1052 5189 1198 5260 circuitis
1225 5209 1320 5260 mare
1347 5198 1381 5260 et
1408 5187 1538 5260 aridam
1565 5197 1602 5259 ut
1621 5189 1751 5260 laniatis

761 5307 856 5394 XXII,
885 5309 932 5380 30
986 5349 1035 5362 —
1086 5307 1194 5397 XXlll,
1225 5310 1281 5378 te.
