4254 6130
732 391 840 454 amaa
866 389 1018 452 soruba
1045 388 1325 452 lrosronoaau
1437 379 1441 388 '
1700 387 1783 456 tat·

280 495 570 506 -ssu--m—-a-n—
578 495 721 504 -.ι-ὴ..-

277 593 403 665 vestris
427 601 463 661 et
490 591 650 664 omnihus
672 592 730 684 qui
756 593 861 682 longe
888 601 974 674 sunt,
1003 605 1243 682 quoscumque
1262 588 1485 662 advocaverit
1498 589 1659 687 dominus
1684 590 1772 662 deus

275 719 403 784 noster.
456 700 484 746 ‘⁰
499 709 582 780 Aliis
617 710 720 781 etiam
761 708 880 780 verbis
915 708 1069 800 plurimis
1104 707 1306 778 testificatus
1345 717 1415 793 est,
1456 716 1490 778 et
1524 707 1773 780 exhortabatur

278 849 343 900 eos
370 827 492 898 diceus
524 807 709 899 Salvamini
744 847 765 898 a
792 827 1019 919 generatione
1053 827 1117 898 ista
1146 848 1264 920 prava.
1316 814 1339 862 Μ
1361 827 1428 911 Qui
1454 847 1540 918 ergo
1567 837 1774 920 receperunt

278 966 476 1018 sermonem
503 945 589 1028 eius,
616 945 779 1038 baptizati
806 952 894 1027 nunt,
922 953 957 1014 et
985 945 1167 1037 adpositae
1203 945 1342 1016 suntin
1369 945 1426 1016 illa
1458 945 1516 1018 die
1542 947 1677 1017 animae
1704 946 1772 1016 eir-

279 1066 363 1137 citer
395 1064 460 1134 tn'a
487 1063 595 1134 milia:
646 1054 673 1102 ⁴²
690 1073 789 1134 erant
821 1071 939 1134 autem
973 1074 1242 1154 perseverantes
1278 1063 1312 1132 i'n
1348 1064 1505 1136 doctriua
1533 1067 1771 1156 apostolorum

278 1193 313 1256 et
339 1180 651 1257 communicatione
677 1179 853 1251 fractionis
879 1180 979 1272 panis
1006 1190 1041 1250 et
1067 1183 1294 1254 orationibus.
1346 1171 1373 1220 ‘²
1389 1182 1509 1253 Fiehat
1536 1193 1651 1254 autem
1680 1182 1774 1252 omni

280 1302 415 1374 animae
450 1301 567 1384 timor;
602 1300 706 1370 multa
735 1319 876 1390 quoque
902 1298 1062 1391 prodigia
1098 1309 1133 1370 et
1160 1301 1260 1391 signa
1287 1319 1351 1393 per
1378 1299 1558 1390 apostolos
1584 1301 1714 1392 fiebant
1739 1301 1773 1370 in

278 1406 502 1500 Hierusalem,
530 1429 565 1488 et
591 1426 704 1488 metus
729 1405 805 1488 er'at
831 1437 980 1507 magnus
1005 1417 1039 1488 in
1064 1418 1246 1490 universis.
1291 1407 1318 1454 ⁴⁴
1331 1418 1462 1488 Omnes
1490 1419 1581 1490 euim
1609 1421 1667 1513 qni
1694 1439 1772 1490 cre·

279 1537 410 1610 debant
440 1545 542 1606 erant
574 1535 703 1628 pariter
735 1543 771 1604 et
803 1533 983 1604 habebant
1017 1537 1132 1608 omnia
1166 1535 1378 1620 communia,
1423 1525 1450 1574 ⁴⁵
1465 1539 1710 1628 possessiones
1738 1549 1774 1608 et

280 1655 488 1728 substantias
514 1654 723 1738 vendebant,
751 1661 787 1722 et
813 1651 1017 1724 dividebant
1042 1657 1097 1726 illa
1125 1655 1287 1726 omuibus
1304 1665 1407 1746 prout
1433 1654 1555 1747 cuique
1574 1677 1664 1750 opus
1682 1667 1771 1728 erat:

278 1763 450 1844 “cotidie
482 1794 622 1865 quoqne
655 1771 884 1864 perdurantes
912 1773 1118 1844 unanimiter
1150 1774 1185 1844 in
1219 1773 1349 1864 templo
1384 1781 1419 1842 et
1451 1773 1648 1864 frangentes
1681 1777 1772 1848 eirca

280 1893 406 1964 domus
440 1911 584 1982 panem,
620 1891 803 1962 sumebant
836 1890 954 1960 cibum
982 1911 1060 1962 cum
1093 1889 1305 1962 exultatione
1333 1900 1368 1961 et
1394 1891 1610 1984 simplicitate
1637 1887 1784 1980 cordis,

279 2001 305 2048 ⁴⁷
318 2009 567 2082 conlaudantes
593 2009 697 2080 deum
725 2017 761 2080 et
786 2008 957 2080 habentes
983 2009 1128 2101 gratiam
1156 2009 1203 2080 ad
1235 2029 1375 2081 omnem
1401 2010 1550 2102 plebem.
1603 2014 1772 2086 Dominus

279 2138 394 2200 autem
421 2128 574 2218 augebat
599 2127 655 2219 qui
683 2127 768 2198 salvi
794 2125 918 2198 fierent
944 2127 1071 2199 cotidie
1096 2128 1130 2196 in
1157 2127 1192 2200 id
1219 2128 1341 2220 ipsum.

999 2399 1048 2468 ΙΙΙ.

352 2593 500 2670 'Petrus
528 2608 646 2670 autem
674 2609 710 2670 et
734 2599 905 2669 lohannes
938 2599 1177 2672 ascendebant
1207 2601 1242 2670 in
1269 2603 1434 2694 templum
1461 2603 1507 2673 ad
1534 2604 1656 2674 horam
1684 2623 1767 2673 ora-

276 2719 377 2790 tionis
402 2737 540 2788 nonam.
595 2707 663 2784 ’Et
690 2715 830 2810 quidam
865 2717 917 2787 vir
950 2717 1008 2809 qui
1040 2727 1115 2788 erat
1148 2718 1293 2790 claudus
1328 2739 1375 2790 ex
1407 2728 1507 2790 utero
1535 2720 1767 2811 matrissuae

274 2836 505 2919 baiulahatur;
533 2853 642 2926 quem
668 2835 846 2926 ponebant
873 2835 1000 2906 cotidie
1027 2835 1073 2906 ad
1099 2847 1237 2929 portam
1265 2837 1383 2930 templi
1417 2858 1507 2930 quae
1535 2837 1659 2908 dicitur
1685 2858 1769 2929 spe-

274 2953 386 3036 ciosa,
419 2961 456 3023 ut
488 2960 631 3046 peteret
664 2951 903 3046 elemosynam
939 2953 984 3023 ab
1019 2954 1269 3026 introeuntibus
1303 2956 1338 3025 in
1371 2956 1545 3047 templum.
1604 2949 1662 3025 ³ls
1690 2977 1769 3024 cum

273 3071 416 3143 vidisset
450 3069 594 3140 Petrum
630 3077 665 3138 et
698 3071 885 3142 Iohannem
919 3070 1119 3164 incipientes
1151 3070 1293 3142 introire
1326 3073 1530 3164 intemplo,
1558 3073 1707 3163 rogabat
1734 3081 1770 3140 ut

275 3191 511 3281 elemosynam
542 3185 728 3277 acciperet.
772 3177 934 3259 ‘Intuens
953 3197 1070 3258 autem
1096 3188 1130 3257 in
1157 3209 1237 3258 eum
1256 3189 1375 3260 Petrus
1402 3211 1481 3259 cum
1507 3190 1658 3260 lobanne
1683 3187 1785 3258 dixit·

275 3306 421 3399 llespicc
446 3305 480 3374 in
506 3325 586 3374 nos.
639 3295 714 3375 “Aa
740 3305 795 3376 ille
822 3304 1022 3376 intendebat
1047 3305 1081 3373 in
1108 3324 1181 3388 eos,
1210 3327 1356 3399 sperans
1382 3327 1422 3376 se
1448 3305 1576 3398 aliquid
1603 3315 1768 3397 acceptu-

275 3447 351 3495 rum
385 3423 429 3492 ab
463 3423 524 3493 cis.
579 3410 729 3495 ⁶Petrus
764 3431 878 3492 autem
915 3421 1003 3494 dixit
1036 3419 1227 3514 Argentum
1264 3433 1298 3494 et
1332 3443 1451 3492 aarum
1486 3444 1556 3494 non
1589 3433 1643 3492 est
1670 3422 1767 3492 mihi:

277 3541 373 3634 quod
400 3550 515 3612 autem
544 3537 672 3624 haheo,
700 3539 769 3612 hoc
795 3539 855 3610 tihi
882 3539 985 3612 dabo.
1029 3539 1223 3611 innomine
1241 3541 1318 3612 lesu
1336 3539 1645 3612 ChristiNazereni
1663 3561 1768 3630 surge

279 3669 314 3730 et
341 3659 488 3730 ambula.
542 3647 615 3726 'Et
641 3656 861 3750 adprehensa
888 3659 921 3728 ei
948 3679 1051 3730 manu
1078 3638 1227 3729 dextera
1254 3655 1427 3730 adlevavit
1459 3678 1556 3742 earm,
1591 3667 1626 3728 et
1657 3657 1767 3750 proti-

279 3799 343 3848 nus
370 3775 611 3850 consolidatae
638 3783 716 3846 sunt
742 3775 848 3848 bases
875 3776 950 3848 eius
976 3787 1012 3847 et
1036 3775 1192 3868 plantae,
1236 3768 1298 3848 ⁸et
1329 3773 1473 3846 exiliens
1499 3776 1602 3861 stetit,
1629 3786 1664 3847 et
1691 3797 1768 3848 am-

280 3895 430 3979 bulabat,
459 3903 497 3966 et
521 3891 659 3962 intravit
684 3913 762 3964 curn
789 3893 852 3966 illie
879 3895 913 3964 in
939 3894 1103 3988 templum
1130 3894 1312 3966 ambulans
1339 3901 1374 3964 ct
1400 3893 1546 3966 exiliens
1571 3905 1606 3966 et
1622 3895 1768 3968 laudans

282 4013 469 4084 dominum.
506 4001 576 4080 ”Et
601 4009 687 4082 vidit
713 4012 824 4084 omnis
842 4013 991 4107 populus
1018 4033 1097 4082 eum
1116 4012 1349 4084 ambvdantem
1377 4021 1413 4083 et
1429 4012 1627 4087 laudantem
1646 4013 1767 4084 deum:

282 4125 309 4168 ⁴⁰
325 4128 587 4223 cognoscebant
613 4139 728 4204 autem
756 4131 866 4217 illum,
893 4131 1054 4224 quoniam
1081 4129 1157 4223 ipse
1184 4139 1260 4202 erat
1285 4130 1342 4224 qui
1370 4129 1416 4202 ad
1443 4131 1681 4226 elemosynam
1708 4153 1767 4202 se-

284 4249 391 4320 dehat
416 4249 463 4320 ad
489 4247 686 4340 speciosam
711 4257 848 4343 portam
875 4251 1003 4343 templi,
1031 4257 1067 4318 et
1091 4247 1220 4341 impleti
1247 4257 1326 4319 sunt
1357 4247 1501 4342 stupore
1534 4260 1570 4320 et
1595 4251 1708 4322 extasi
1733 4251 1768 4320 in

285 4387 328 4436 eo
364 4367 459 4458 quod
493 4366 687 4459 contigerat
719 4367 774 4438 illi.
827 4359 850 4404 ⁴¹
871 4369 955 4440 Cum
991 4375 1147 4437 tenerent
1180 4375 1295 4438 autem
1329 4366 1467 4438 Petrum
1502 4375 1538 4439 et
1570 4367 1766 4450 lohannem‚

285 4485 457 4558 concurrit
490 4485 601 4558 omnis
631 4485 781 4578 populus
813 4486 859 4558 ad
892 4508 956 4558 eos
993 4484 1039 4558 ad
1065 4484 1235 4576 porticum
1270 4484 1328 4577 qui
1354 4487 1546 4578 appellatur
1572 4484 1767 4558 Salomonis

283 4611 470 4694 stupentes.
524 4595 551 4640 ⁴²
567 4603 694 4676 Videns
729 4611 844 4676 autem
870 4603 992 4676 Petrus
1018 4601 1199 4695 respondit
1230 4601 1275 4674 ad
1310 4603 1476 4698 populum
1508 4603 1578 4675 Viri
1607 4604 1767 4676 Israheli-

284 4729 349 4804 tae,
376 4721 460 4812 quid
487 4722 713 4794 ammiramini
738 4723 772 4792 in
798 4723 876 4807 hoc,
903 4731 962 4794 aut
993 4742 1059 4792 nos
1085 4719 1168 4812 quid
1193 4721 1385 4805 intuemini,
1418 4722 1518 4814 quasi
1550 4733 1670 4794 nostra
1695 4723 1766 4794 vir-

283 4847 353 4908 tuta
380 4849 439 4910 aut
464 4841 593 4933 pietate
619 4840 802 4912 fecerimus
828 4839 918 4910 hunc
944 4838 1147 4910 ambulare?
1189 4829 1323 4910 ¹³Dens
1347 4837 1523 4912 Abraham
1550 4840 1639 4912 deus
1670 4841 1768 4914 lsaac
1905 4827 1912 4838 ’

283 4965 318 5026 et
350 4955 440 5028 deus
475 4959 597 5044 laooh,
625 4959 713 5032 deus
748 4969 883 5052 patrum
917 4967 1132 5040 nostrorum,
1159 4956 1362 5048 glorificavit
1386 4956 1490 5028 filium
1518 4979 1616 5030 suum
1643 4960 1766 5042 lesum,

282 5095 386 5166 quem
414 5097 479 5148 vos
505 5079 645 5171 quidem
672 5076 861 5152 tradidistis
887 5085 924 5148 et
947 5073 1101 5168 negastis
1128 5083 1207 5146 ante
1233 5075 1354 5147 laciem
1381 5075 1486 5160 Pilati,
1513 5075 1685 5150 iudicante
1711 5078 1767 5150 illo

847 5195 883 5278 ll,
912 5193 960 5264 lo
986 5232 1038 5246 -
1063 5193 1113 5276 lll,
1143 5195 1218 5280 13.Ι
