<?xml version="1.0" encoding="UTF-8"?>
<!DOCTYPE html PUBLIC "-//W3C//DTD XHTML 1.0 Transitional//EN"
    "http://www.w3.org/TR/xhtml1/DTD/xhtml1-transitional.dtd">
<html xmlns="http://www.w3.org/1999/xhtml" xml:lang="en" lang="en">
 <head>
  <title>
</title>
<meta http-equiv="Content-Type" content="text/html;charset=utf-8" />
  <meta name='ocr-system' content='tesseract 3.04.00' />
  <meta name='ocr-capabilities' content='ocr_page ocr_carea ocr_par ocr_line ocrx_word'/>
</head>
<body>
  <div class='ocr_page' id='page_1' title='image "./novumtestamentu02tiscgoog_0036.png"; bbox 0 0 4102 6128; ppageno 0'>
   <div class='ocr_carea' id='block_1_1' title="bbox 799 407 1689 488">
    <p class='ocr_par' dir='ltr' id='par_1_1' title="bbox 799 407 1689 488">
     <span class='ocr_line' id='line_1_1' title="bbox 799 407 1689 488; baseline 0.007 -6"><span class='ocrx_word' id='word_1_1' title='bbox 799 417 1081 484; x_wconf 73' lang='lat' dir='ltr'><strong>PROLEGOMENA</strong></span> <span class='ocrx_word' id='word_1_2' title='bbox 1304 407 1306 418; x_wconf 82' lang='lat'>&#39;</span> <span class='ocrx_word' id='word_1_3' title='bbox 1611 439 1689 488; x_wconf 83' lang='lat' dir='ltr'>xm</span> 
     </span>
    </p>
   </div>
   <div class='ocr_carea' id='block_1_2' title="bbox 153 617 1690 5168">
    <p class='ocr_par' dir='ltr' id='par_1_2' title="bbox 359 617 1404 718">
     <span class='ocr_line' id='line_1_2' title="bbox 359 617 1404 718; baseline 0.001 -29"><span class='ocrx_word' id='word_1_4' title='bbox 359 617 363 624; x_wconf 80' lang='grc'><strong>’</strong></span> <span class='ocrx_word' id='word_1_5' title='bbox 474 620 632 713; x_wconf 88' lang='lat' dir='ltr'>Denique</span> <span class='ocrx_word' id='word_1_6' title='bbox 662 622 717 694; x_wconf 92' lang='lat' dir='ltr'>de</span> <span class='ocrx_word' id='word_1_7' title='bbox 744 625 923 718; x_wconf 79' lang='lat' dir='ltr'><strong>syntaxi</strong></span> <span class='ocrx_word' id='word_1_8' title='bbox 955 623 1117 695; x_wconf 91' lang='lat' dir='ltr'>nonnulla</span> <span class='ocrx_word' id='word_1_9' title='bbox 1146 621 1404 714; x_wconf 80' lang='lat' dir='ltr'>depromamus.</span> 
     </span>
    </p>

    <p class='ocr_par' dir='ltr' id='par_1_3' title="bbox 194 739 1690 1549">
     <span class='ocr_line' id='line_1_3' title="bbox 290 739 1689 840; baseline 0.005 -27"><span class='ocrx_word' id='word_1_10' title='bbox 290 739 660 834; x_wconf 88' lang='lat' dir='ltr'>Praepositiones</span> <span class='ocrx_word' id='word_1_11' title='bbox 695 766 781 836; x_wconf 91' lang='lat' dir='ltr'>quas</span> <span class='ocrx_word' id='word_1_12' title='bbox 817 745 945 840; x_wconf 82' lang='lat' dir='ltr'>antiqui</span> <span class='ocrx_word' id='word_1_13' title='bbox 979 751 1159 837; x_wconf 88' lang='lat' dir='ltr'>apponunt</span> <span class='ocrx_word' id='word_1_14' title='bbox 1186 739 1355 825; x_wconf 84' lang='lat' dir='ltr'>ablativa,</span> <span class='ocrx_word' id='word_1_15' title='bbox 1382 743 1513 833; x_wconf 88' lang='lat' dir='ltr'>passim</span> <span class='ocrx_word' id='word_1_16' title='bbox 1542 749 1689 820; x_wconf 91' lang='lat' dir='ltr'>coniun-</span> 
     </span>
     <span class='ocr_line' id='line_1_4' title="bbox 196 857 1690 954; baseline 0.007 -22"><span class='ocrx_word' id='word_1_17' title='bbox 196 872 320 954; x_wconf 80' lang='lat' dir='ltr'>guntur</span> <span class='ocrx_word' id='word_1_18' title='bbox 345 883 420 933; x_wconf 89' lang='lat' dir='ltr'>eum</span> <span class='ocrx_word' id='word_1_19' title='bbox 451 859 666 934; x_wconf 89' lang='lat' dir='ltr'>accusativo.</span> <span class='ocrx_word' id='word_1_20' title='bbox 720 865 772 934; x_wconf 90' lang='lat' dir='ltr'>De</span> <span class='ocrx_word' id='word_1_21' title='bbox 798 863 956 949; x_wconf 91' lang='lat' dir='ltr'>Paulum,</span> <span class='ocrx_word' id='word_1_22' title='bbox 990 863 1035 934; x_wconf 94' lang='lat' dir='ltr'>de</span> <span class='ocrx_word' id='word_1_23' title='bbox 1063 861 1264 945; x_wconf 90' lang='lat' dir='ltr'>doctorem,</span> <span class='ocrx_word' id='word_1_24' title='bbox 1298 857 1344 930; x_wconf 88' lang='lat' dir='ltr'>de</span> <span class='ocrx_word' id='word_1_25' title='bbox 1371 865 1532 954; x_wconf 91' lang='lat' dir='ltr'>apostolo</span> <span class='ocrx_word' id='word_1_26' title='bbox 1560 888 1690 942; x_wconf 88' lang='lat' dir='ltr'>conso-</span> 
     </span>
     <span class='ocr_line' id='line_1_5' title="bbox 196 977 1690 1078; baseline 0.007 -26"><span class='ocrx_word' id='word_1_27' title='bbox 196 981 416 1067; x_wconf 82' lang='lat' dir='ltr'>lantem,‘de</span> <span class='ocrx_word' id='word_1_28' title='bbox 442 981 606 1068; x_wconf 79' lang='lat' dir='ltr'>hereses,</span> <span class='ocrx_word' id='word_1_29' title='bbox 638 983 685 1055; x_wconf 94' lang='lat' dir='ltr'>de</span> <span class='ocrx_word' id='word_1_30' title='bbox 711 983 871 1068; x_wconf 78' lang='lat' dir='ltr'>fructum,</span> <span class='ocrx_word' id='word_1_31' title='bbox 900 981 946 1053; x_wconf 94' lang='lat' dir='ltr'>de</span> <span class='ocrx_word' id='word_1_32' title='bbox 973 981 1195 1076; x_wconf 86' lang='lat' dir='ltr'>Decapolim‚</span> <span class='ocrx_word' id='word_1_33' title='bbox 1230 977 1372 1052; x_wconf 84' lang='lat' dir='ltr'>deiide</span> <span class='ocrx_word' id='word_1_34' title='bbox 1399 991 1435 1052; x_wconf 91' lang='lat' dir='ltr'>et</span> <span class='ocrx_word' id='word_1_35' title='bbox 1459 983 1690 1078; x_wconf 90' lang='lat' dir='ltr'>baptismum:</span> 
     </span>
     <span class='ocr_line' id='line_1_6' title="bbox 196 1088 1690 1196; baseline 0.008 -24"><span class='ocrx_word' id='word_1_36' title='bbox 196 1103 291 1194; x_wconf 89' lang='lat' dir='ltr'>quod</span> <span class='ocrx_word' id='word_1_37' title='bbox 323 1100 517 1172; x_wconf 83' lang='lat' dir='ltr'>soloecismi</span> <span class='ocrx_word' id='word_1_38' title='bbox 552 1124 669 1193; x_wconf 79' lang='lat' dir='ltr'>genus</span> <span class='ocrx_word' id='word_1_39' title='bbox 704 1103 737 1173; x_wconf 94' lang='lat' dir='ltr'>in</span> <span class='ocrx_word' id='word_1_40' title='bbox 773 1103 920 1196; x_wconf 88' lang='lat' dir='ltr'>capitum</span> <span class='ocrx_word' id='word_1_41' title='bbox 953 1088 1125 1174; x_wconf 89' lang='lat' dir='ltr'>indicibus</span> <span class='ocrx_word' id='word_1_42' title='bbox 1152 1099 1465 1194; x_wconf 82' lang='lat' dir='ltr'>frequentissimum</span> <span class='ocrx_word' id='word_1_43' title='bbox 1493 1116 1557 1177; x_wconf 92' lang='lat' dir='ltr'>est.</span> <span class='ocrx_word' id='word_1_44' title='bbox 1605 1111 1690 1184; x_wconf 90' lang='lat' dir='ltr'>ltem</span> 
     </span>
     <span class='ocr_line' id='line_1_7' title="bbox 197 1221 1689 1320; baseline 0.009 -28"><span class='ocrx_word' id='word_1_45' title='bbox 197 1245 274 1292; x_wconf 90' lang='lat' dir='ltr'>cum</span> <span class='ocrx_word' id='word_1_46' title='bbox 306 1221 525 1306; x_wconf 83' lang='lat' dir='ltr'>modestiam,</span> <span class='ocrx_word' id='word_1_47' title='bbox 560 1243 643 1293; x_wconf 94' lang='lat' dir='ltr'>cum</span> <span class='ocrx_word' id='word_1_48' title='bbox 680 1223 888 1308; x_wconf 87' lang='lat' dir='ltr'>exercitum,</span> <span class='ocrx_word' id='word_1_49' title='bbox 925 1243 971 1292; x_wconf 90' lang='lat' dir='ltr'>ex</span> <span class='ocrx_word' id='word_1_50' title='bbox 1006 1221 1336 1318; x_wconf 84' lang='lat' dir='ltr'>repromissionem,</span> <span class='ocrx_word' id='word_1_51' title='bbox 1366 1243 1386 1292; x_wconf 94' lang='lat' dir='ltr'>a</span> <span class='ocrx_word' id='word_1_52' title='bbox 1411 1223 1689 1320; x_wconf 85' lang='lat' dir='ltr'>blachedoniam,</span> 
     </span>
     <span class='ocr_line' id='line_1_8' title="bbox 194 1339 1690 1438; baseline 0.01 -27"><span class='ocrx_word' id='word_1_53' title='bbox 194 1364 260 1435; x_wconf 93' lang='lat' dir='ltr'>pro</span> <span class='ocrx_word' id='word_1_54' title='bbox 294 1339 635 1413; x_wconf 81' lang='lat' dir='ltr'>Thessalonicenses.</span> <span class='ocrx_word' id='word_1_55' title='bbox 691 1343 860 1438; x_wconf 78' lang='lat' dir='ltr'>Scuptum</span> <span class='ocrx_word' id='word_1_56' title='bbox 896 1352 950 1413; x_wconf 92' lang='lat' dir='ltr'>est</span> <span class='ocrx_word' id='word_1_57' title='bbox 984 1343 1086 1414; x_wconf 89' lang='lat' dir='ltr'>etiam</span> <span class='ocrx_word' id='word_1_58' title='bbox 1132 1341 1167 1412; x_wconf 89' lang='lat' dir='ltr'>in</span> <span class='ocrx_word' id='word_1_59' title='bbox 1203 1341 1407 1436; x_wconf 79' lang='lat' dir='ltr'>apocalypsi</span> <span class='ocrx_word' id='word_1_60' title='bbox 1439 1345 1552 1437; x_wconf 90' lang='lat' dir='ltr'>prima</span> <span class='ocrx_word' id='word_1_61' title='bbox 1588 1373 1690 1425; x_wconf 88' lang='lat' dir='ltr'>manu</span> 
     </span>
     <span class='ocr_line' id='line_1_9' title="bbox 194 1460 945 1549; baseline 0.001 -17"><span class='ocrx_word' id='word_1_62' title='bbox 194 1460 439 1533; x_wconf 80' lang='lat' dir='ltr'>antecedenti.</span> <span class='ocrx_word' id='word_1_63' title='bbox 944 1546 945 1549; x_wconf 8' lang='grc' dir='ltr'><strong>Ἴ</strong></span> 
     </span>
    </p>

    <p class='ocr_par' dir='ltr' id='par_1_4' title="bbox 192 1579 1687 2518">
     <span class='ocr_line' id='line_1_10' title="bbox 289 1579 1687 1677; baseline 0.009 -25"><span class='ocrx_word' id='word_1_64' title='bbox 289 1581 429 1652; x_wconf 88' lang='lat' dir='ltr'>Genus</span> <span class='ocrx_word' id='word_1_65' title='bbox 455 1581 490 1651; x_wconf 94' lang='lat' dir='ltr'>in</span> <span class='ocrx_word' id='word_1_66' title='bbox 515 1579 783 1674; x_wconf 91' lang='lat' dir='ltr'>pronominibus</span> <span class='ocrx_word' id='word_1_67' title='bbox 810 1593 845 1654; x_wconf 91' lang='lat' dir='ltr'>et</span> <span class='ocrx_word' id='word_1_68' title='bbox 870 1583 1020 1654; x_wconf 90' lang='lat' dir='ltr'>relativis</span> <span class='ocrx_word' id='word_1_69' title='bbox 1047 1593 1083 1654; x_wconf 93' lang='lat' dir='ltr'>et</span> <span class='ocrx_word' id='word_1_70' title='bbox 1110 1579 1392 1654; x_wconf 86' lang='lat' dir='ltr'>demonstrativis</span> <span class='ocrx_word' id='word_1_71' title='bbox 1418 1605 1543 1677; x_wconf 91' lang='lat' dir='ltr'>parum</span> <span class='ocrx_word' id='word_1_72' title='bbox 1563 1590 1687 1664; x_wconf 84' lang='lat' dir='ltr'>obser-</span> 
     </span>
     <span class='ocr_line' id='line_1_11' title="bbox 193 1695 1687 1795; baseline 0.008 -24"><span class='ocrx_word' id='word_1_73' title='bbox 193 1711 302 1786; x_wconf 87' lang='lat' dir='ltr'>vatur,</span> <span class='ocrx_word' id='word_1_74' title='bbox 328 1711 364 1772; x_wconf 93' lang='lat' dir='ltr'>ut</span> <span class='ocrx_word' id='word_1_75' title='bbox 388 1711 442 1772; x_wconf 92' lang='lat' dir='ltr'>est</span> <span class='ocrx_word' id='word_1_76' title='bbox 467 1701 521 1772; x_wconf 90' lang='lat' dir='ltr'>De</span> <span class='ocrx_word' id='word_1_77' title='bbox 546 1695 664 1772; x_wconf 84' lang='lat' dir='ltr'>&#39;verbo</span> <span class='ocrx_word' id='word_1_78' title='bbox 693 1699 810 1771; x_wconf 88' lang='lat' dir='ltr'>solacii</span> <span class='ocrx_word' id='word_1_79' title='bbox 839 1724 959 1795; x_wconf 90' lang='lat' dir='ltr'>quem:</span> <span class='ocrx_word' id='word_1_80' title='bbox 993 1703 1137 1774; x_wconf 88' lang='lat' dir='ltr'>calicem</span> <span class='ocrx_word' id='word_1_81' title='bbox 1173 1723 1278 1794; x_wconf 90' lang='lat' dir='ltr'>quem</span> <span class='ocrx_word' id='word_1_82' title='bbox 1306 1711 1370 1774; x_wconf 91' lang='lat' dir='ltr'>etc.</span> <span class='ocrx_word' id='word_1_83' title='bbox 1403 1725 1473 1775; x_wconf 95' lang='lat' dir='ltr'>non</span> <span class='ocrx_word' id='word_1_84' title='bbox 1499 1705 1617 1780; x_wconf 81' lang='lat' dir='ltr'>bibam</span> <span class='ocrx_word' id='word_1_85' title='bbox 1644 1713 1687 1783; x_wconf 77' lang='lat' dir='ltr'>ih</span> 
     </span>
     <span class='ocr_line' id='line_1_12' title="bbox 192 1819 1686 1913; baseline 0.009 -23"><span class='ocrx_word' id='word_1_86' title='bbox 192 1821 279 1892; x_wconf 89' lang='lat' dir='ltr'>lam:</span> <span class='ocrx_word' id='word_1_87' title='bbox 317 1819 360 1892; x_wconf 88' lang='lat' dir='ltr'>de</span> <span class='ocrx_word' id='word_1_88' title='bbox 393 1821 460 1892; x_wconf 91' lang='lat' dir='ltr'>hoc</span> <span class='ocrx_word' id='word_1_89' title='bbox 494 1822 672 1913; x_wconf 82' lang='lat' dir='ltr'>genimine</span> <span class='ocrx_word' id='word_1_90' title='bbox 706 1819 785 1892; x_wconf 92' lang='lat' dir='ltr'>vitis</span> <span class='ocrx_word' id='word_1_91' title='bbox 812 1832 875 1893; x_wconf 90' lang='lat' dir='ltr'>etc.</span> <span class='ocrx_word' id='word_1_92' title='bbox 912 1844 990 1893; x_wconf 93' lang='lat' dir='ltr'>cum</span> <span class='ocrx_word' id='word_1_93' title='bbox 1016 1823 1108 1894; x_wconf 94' lang='lat' dir='ltr'>illum</span> <span class='ocrx_word' id='word_1_94' title='bbox 1138 1821 1276 1893; x_wconf 93' lang='lat' dir='ltr'>bibam:</span> <span class='ocrx_word' id='word_1_95' title='bbox 1313 1823 1462 1896; x_wconf 89' lang='lat' dir='ltr'>mulieris</span> <span class='ocrx_word' id='word_1_96' title='bbox 1490 1837 1526 1899; x_wconf 88' lang='lat' dir='ltr'>et</span> <span class='ocrx_word' id='word_1_97' title='bbox 1550 1829 1686 1902; x_wconf 89' lang='lat' dir='ltr'>bestiae</span> 
     </span>
     <span class='ocr_line' id='line_1_13' title="bbox 193 1941 1686 2035; baseline 0.007 -24"><span class='ocrx_word' id='word_1_98' title='bbox 193 1961 284 2034; x_wconf 86' lang='lat' dir='ltr'>quae</span> <span class='ocrx_word' id='word_1_99' title='bbox 309 1950 419 2035; x_wconf 90' lang='lat' dir='ltr'>portat</span> <span class='ocrx_word' id='word_1_100' title='bbox 446 1962 541 2028; x_wconf 94' lang='lat' dir='ltr'>eam,</span> <span class='ocrx_word' id='word_1_101' title='bbox 580 1943 639 2035; x_wconf 92' lang='lat' dir='ltr'>qui</span> <span class='ocrx_word' id='word_1_102' title='bbox 666 1941 785 2014; x_wconf 93' lang='lat' dir='ltr'>habet.</span> <span class='ocrx_word' id='word_1_103' title='bbox 840 1941 964 2013; x_wconf 90' lang='lat' dir='ltr'>Similis</span> <span class='ocrx_word' id='word_1_104' title='bbox 999 1943 1140 2035; x_wconf 79' lang='lat' dir='ltr'>generis</span> <span class='ocrx_word' id='word_1_105' title='bbox 1172 1943 1345 2034; x_wconf 80' lang='lat' dir='ltr'>neglectio</span> <span class='ocrx_word' id='word_1_106' title='bbox 1380 1955 1434 2016; x_wconf 92' lang='lat' dir='ltr'>est</span> <span class='ocrx_word' id='word_1_107' title='bbox 1464 1946 1501 2018; x_wconf 91' lang='lat' dir='ltr'>in</span> <span class='ocrx_word' id='word_1_108' title='bbox 1533 1949 1585 2020; x_wconf 91' lang='lat' dir='ltr'>his</span> <span class='ocrx_word' id='word_1_109' title='bbox 1618 1951 1686 2022; x_wconf 93' lang='lat' dir='ltr'>Per</span> 
     </span>
     <span class='ocr_line' id='line_1_14' title="bbox 193 2057 1685 2158; baseline 0.006 -26"><span class='ocrx_word' id='word_1_110' title='bbox 193 2083 331 2133; x_wconf 92' lang='lat' dir='ltr'>omnem</span> <span class='ocrx_word' id='word_1_111' title='bbox 365 2061 550 2134; x_wconf 90' lang='lat' dir='ltr'>sabbatum</span> <span class='ocrx_word' id='word_1_112' title='bbox 584 2061 651 2133; x_wconf 84' lang='lat' dir='ltr'>Act</span> <span class='ocrx_word' id='word_1_113' title='bbox 680 2065 741 2148; x_wconf 89' lang='grc'><strong>13,</strong></span> <span class='ocrx_word' id='word_1_114' title='bbox 771 2057 830 2136; x_wconf 83' lang='grc'><strong>27.</strong></span> <span class='ocrx_word' id='word_1_115' title='bbox 873 2083 1011 2134; x_wconf 91' lang='lat' dir='ltr'>omnem</span> <span class='ocrx_word' id='word_1_116' title='bbox 1041 2063 1155 2136; x_wconf 88' lang='lat' dir='ltr'>viride</span> <span class='ocrx_word' id='word_1_117' title='bbox 1188 2063 1290 2158; x_wconf 84' lang='lat' dir='ltr'>Apoc</span> <span class='ocrx_word' id='word_1_118' title='bbox 1317 2067 1350 2150; x_wconf 89' lang='grc'>9,</span> <span class='ocrx_word' id='word_1_119' title='bbox 1379 2063 1411 2136; x_wconf 92' lang='grc'>1.</span> <span class='ocrx_word' id='word_1_120' title='bbox 1438 2064 1521 2138; x_wconf 91' lang='lat' dir='ltr'>item</span> <span class='ocrx_word' id='word_1_121' title='bbox 1547 2070 1685 2141; x_wconf 88' lang='lat' dir='ltr'>Doctri-</span> 
     </span>
     <span class='ocr_line' id='line_1_15' title="bbox 192 2181 1685 2282; baseline 0.006 -30"><span class='ocrx_word' id='word_1_122' title='bbox 192 2203 272 2254; x_wconf 91' lang='lat' dir='ltr'>nam</span> <span class='ocrx_word' id='word_1_123' title='bbox 298 2183 470 2276; x_wconf 89' lang='lat' dir='ltr'>praecepit</span> <span class='ocrx_word' id='word_1_124' title='bbox 495 2183 788 2275; x_wconf 88' lang='lat' dir='ltr'>praecavendum</span> <span class='ocrx_word' id='word_1_125' title='bbox 813 2181 868 2253; x_wconf 88' lang='lat' dir='ltr'>hle</span> <span class='ocrx_word' id='word_1_126' title='bbox 894 2205 969 2276; x_wconf 89' lang='lat' dir='ltr'>cap.</span> <span class='ocrx_word' id='word_1_127' title='bbox 996 2181 1121 2269; x_wconf 94' lang='lat' dir='ltr'>XXllll‚</span> <span class='ocrx_word' id='word_1_128' title='bbox 1149 2185 1275 2255; x_wconf 81' lang='lat' dir='ltr'>facturn</span> <span class='ocrx_word' id='word_1_129' title='bbox 1311 2195 1365 2257; x_wconf 88' lang='lat' dir='ltr'>est</span> <span class='ocrx_word' id='word_1_130' title='bbox 1405 2187 1544 2282; x_wconf 89' lang='lat' dir='ltr'>species</span> <span class='ocrx_word' id='word_1_131' title='bbox 1569 2189 1685 2261; x_wconf 91' lang='lat' dir='ltr'>vultus</span> 
     </span>
     <span class='ocr_line' id='line_1_16' title="bbox 193 2303 1686 2401; baseline 0.005 -27"><span class='ocrx_word' id='word_1_132' title='bbox 193 2303 268 2374; x_wconf 89' lang='lat' dir='ltr'>eius</span> <span class='ocrx_word' id='word_1_133' title='bbox 293 2305 395 2375; x_wconf 91' lang='lat' dir='ltr'>altera</span> <span class='ocrx_word' id='word_1_134' title='bbox 426 2305 534 2388; x_wconf 80' lang='lat' dir='ltr'>Leti,</span> <span class='ocrx_word' id='word_1_135' title='bbox 564 2305 622 2378; x_wconf 88' lang='grc'><strong>29.</strong></span> <span class='ocrx_word' id='word_1_136' title='bbox 673 2303 794 2374; x_wconf 84' lang='lat' dir='ltr'>Etiam</span> <span class='ocrx_word' id='word_1_137' title='bbox 829 2304 1058 2396; x_wconf 78' lang='lat' dir='ltr'>negligentius</span> <span class='ocrx_word' id='word_1_138' title='bbox 1091 2303 1222 2376; x_wconf 91' lang='lat' dir='ltr'>dictum</span> <span class='ocrx_word' id='word_1_139' title='bbox 1257 2316 1312 2378; x_wconf 92' lang='lat' dir='ltr'>est</span> <span class='ocrx_word' id='word_1_140' title='bbox 1336 2307 1413 2378; x_wconf 91' lang='lat' dir='ltr'>Non</span> <span class='ocrx_word' id='word_1_141' title='bbox 1440 2329 1531 2401; x_wconf 91' lang='lat' dir='ltr'>quae</span> <span class='ocrx_word' id='word_1_142' title='bbox 1559 2309 1686 2382; x_wconf 85' lang='lat' dir='ltr'>faciunt</span> 
     </span>
     <span class='ocr_line' id='line_1_17' title="bbox 194 2422 1103 2518; baseline 0.001 -23"><span class='ocrx_word' id='word_1_143' title='bbox 194 2423 366 2518; x_wconf 82' lang='lat' dir='ltr'>praecepit</span> <span class='ocrx_word' id='word_1_144' title='bbox 390 2423 583 2496; x_wconf 91' lang='lat' dir='ltr'>laciendum</span> <span class='ocrx_word' id='word_1_145' title='bbox 608 2422 656 2494; x_wconf 86' lang='lat' dir='ltr'>hit</span> <span class='ocrx_word' id='word_1_146' title='bbox 683 2445 766 2517; x_wconf 89' lang='lat' dir='ltr'>cap.</span> <span class='ocrx_word' id='word_1_147' title='bbox 794 2423 973 2496; x_wconf 88' lang='lat' dir='ltr'>LXXVllll.</span> <span class='ocrx_word' id='word_1_148' title='bbox 1100 2501 1103 2510; x_wconf 88' lang='lat'><em>.</em></span> 
     </span>
    </p>

    <p class='ocr_par' dir='ltr' id='par_1_5' title="bbox 153 2543 1682 4804">
     <span class='ocr_line' id='line_1_18' title="bbox 288 2543 1682 2638; baseline 0.004 -23"><span class='ocrx_word' id='word_1_149' title='bbox 288 2545 424 2616; x_wconf 89' lang='lat' dir='ltr'>Verba</span> <span class='ocrx_word' id='word_1_150' title='bbox 451 2565 542 2638; x_wconf 91' lang='lat' dir='ltr'>quae</span> <span class='ocrx_word' id='word_1_151' title='bbox 569 2543 801 2615; x_wconf 91' lang='lat' dir='ltr'>directionem</span> <span class='ocrx_word' id='word_1_152' title='bbox 827 2545 872 2616; x_wconf 88' lang='lat' dir='ltr'>ad</span> <span class='ocrx_word' id='word_1_153' title='bbox 901 2543 1046 2638; x_wconf 92' lang='lat' dir='ltr'>aliquem</span> <span class='ocrx_word' id='word_1_154' title='bbox 1066 2546 1180 2618; x_wconf 91' lang='lat' dir='ltr'>locum</span> <span class='ocrx_word' id='word_1_155' title='bbox 1198 2549 1257 2618; x_wconf 94' lang='lat' dir='ltr'>vel</span> <span class='ocrx_word' id='word_1_156' title='bbox 1273 2549 1528 2620; x_wconf 91' lang='lat' dir='ltr'>contentionem</span> <span class='ocrx_word' id='word_1_157' title='bbox 1555 2549 1600 2620; x_wconf 90' lang='lat' dir='ltr'>ad</span> <span class='ocrx_word' id='word_1_158' title='bbox 1619 2550 1682 2620; x_wconf 92' lang='lat' dir='ltr'>ali-</span> 
     </span>
     <span class='ocr_line' id='line_1_19' title="bbox 196 2664 1681 2761; baseline 0.004 -25"><span class='ocrx_word' id='word_1_159' title='bbox 196 2664 279 2757; x_wconf 91' lang='lat' dir='ltr'>quid</span> <span class='ocrx_word' id='word_1_160' title='bbox 304 2665 466 2750; x_wconf 90' lang='lat' dir='ltr'>indicant,</span> <span class='ocrx_word' id='word_1_161' title='bbox 504 2685 612 2758; x_wconf 90' lang='lat' dir='ltr'>saepe</span> <span class='ocrx_word' id='word_1_162' title='bbox 647 2665 845 2756; x_wconf 90' lang='lat' dir='ltr'>appositum</span> <span class='ocrx_word' id='word_1_163' title='bbox 879 2665 1009 2738; x_wconf 92' lang='lat' dir='ltr'>habent</span> <span class='ocrx_word' id='word_1_164' title='bbox 1034 2665 1222 2738; x_wconf 90' lang='lat' dir='ltr'>ablativum</span> <span class='ocrx_word' id='word_1_165' title='bbox 1257 2669 1314 2740; x_wconf 91' lang='lat' dir='ltr'>vel</span> <span class='ocrx_word' id='word_1_166' title='bbox 1339 2669 1467 2742; x_wconf 91' lang='lat' dir='ltr'>nudum</span> <span class='ocrx_word' id='word_1_167' title='bbox 1493 2669 1551 2739; x_wconf 91' lang='lat' dir='ltr'>vel</span> <span class='ocrx_word' id='word_1_168' title='bbox 1576 2690 1681 2761; x_wconf 87' lang='lat' dir='ltr'>prae-</span> 
     </span>
     <span class='ocr_line' id='line_1_20' title="bbox 196 2781 1679 2882; baseline 0.009 -28"><span class='ocrx_word' id='word_1_169' title='bbox 196 2785 302 2856; x_wconf 93' lang='lat' dir='ltr'>missa</span> <span class='ocrx_word' id='word_1_170' title='bbox 339 2785 373 2855; x_wconf 94' lang='lat' dir='ltr'>in</span> <span class='ocrx_word' id='word_1_171' title='bbox 410 2783 678 2879; x_wconf 90' lang='lat' dir='ltr'>praepositione.</span> <span class='ocrx_word' id='word_1_172' title='bbox 739 2783 943 2857; x_wconf 89' lang='lat' dir='ltr'>Ascendens</span> <span class='ocrx_word' id='word_1_173' title='bbox 979 2785 1231 2882; x_wconf 85' lang='lat' dir='ltr'>Hierosolymis</span> <span class='ocrx_word' id='word_1_174' title='bbox 1268 2791 1316 2860; x_wconf 89' lang='lat' dir='ltr'>Mt</span> <span class='ocrx_word' id='word_1_175' title='bbox 1349 2791 1414 2874; x_wconf 88' lang='grc'>20,</span> <span class='ocrx_word' id='word_1_176' title='bbox 1453 2781 1509 2861; x_wconf 82' lang='grc'>17.</span> <span class='ocrx_word' id='word_1_177' title='bbox 1543 2787 1583 2880; x_wconf 84' lang='lat' dir='ltr'>(v.</span> <span class='ocrx_word' id='word_1_178' title='bbox 1623 2791 1679 2868; x_wconf 87' lang='lat' dir='ltr'>t8.</span> 
     </span>
     <span class='ocr_line' id='line_1_21' title="bbox 195 2903 1679 3001; baseline 0.005 -27"><span class='ocrx_word' id='word_1_179' title='bbox 195 2903 496 2999; x_wconf 63' lang='lat' dir='ltr'>Hierosolymam:</span> <span class='ocrx_word' id='word_1_180' title='bbox 532 2903 690 2974; x_wconf 92' lang='lat' dir='ltr'>venimus</span> <span class='ocrx_word' id='word_1_181' title='bbox 721 2904 803 2975; x_wconf 91' lang='lat' dir='ltr'>inde</span> <span class='ocrx_word' id='word_1_182' title='bbox 837 2905 1000 3000; x_wconf 88' lang='lat' dir='ltr'>Philippis</span> <span class='ocrx_word' id='word_1_183' title='bbox 1034 2905 1099 2986; x_wconf 78' lang='lat' dir='ltr'>Aet</span> <span class='ocrx_word' id='word_1_184' title='bbox 1132 2909 1195 2993; x_wconf 85' lang='grc'><strong>16,</strong></span> <span class='ocrx_word' id='word_1_185' title='bbox 1232 2913 1297 2985; x_wconf 78' lang='grc' dir='ltr'><strong>12ε</strong></span> <span class='ocrx_word' id='word_1_186' title='bbox 1331 2910 1457 2980; x_wconf 87' lang='lat' dir='ltr'>intrare</span> <span class='ocrx_word' id='word_1_187' title='bbox 1497 2908 1529 2980; x_wconf 93' lang='lat' dir='ltr'>iu</span> <span class='ocrx_word' id='word_1_188' title='bbox 1572 2929 1679 3001; x_wconf 82' lang='lat' dir='ltr'>regno</span> 
     </span>
     <span class='ocr_line' id='line_1_22' title="bbox 195 3021 1679 3122; baseline 0.001 -24"><span class='ocrx_word' id='word_1_189' title='bbox 195 3025 244 3098; x_wconf 86' lang='lat' dir='ltr'>Mt</span> <span class='ocrx_word' id='word_1_190' title='bbox 273 3027 329 3110; x_wconf 87' lang='grc'><strong>19,</strong></span> <span class='ocrx_word' id='word_1_191' title='bbox 357 3029 415 3100; x_wconf 91' lang='grc'><strong>23.</strong></span> <span class='ocrx_word' id='word_1_192' title='bbox 442 3024 484 3117; x_wconf 78' lang='lat' dir='ltr'>(v.</span> <span class='ocrx_word' id='word_1_193' title='bbox 513 3023 572 3099; x_wconf 93' lang='grc'>21.</span> <span class='ocrx_word' id='word_1_194' title='bbox 600 3024 634 3093; x_wconf 95' lang='lat' dir='ltr'>in</span> <span class='ocrx_word' id='word_1_195' title='bbox 660 3021 831 3118; x_wconf 82' lang='lat' dir='ltr'>regnum):</span> <span class='ocrx_word' id='word_1_196' title='bbox 858 3027 890 3096; x_wconf 92' lang='lat' dir='ltr'>iu</span> <span class='ocrx_word' id='word_1_197' title='bbox 918 3047 987 3118; x_wconf 88' lang='lat' dir='ltr'>quo</span> <span class='ocrx_word' id='word_1_198' title='bbox 1014 3027 1149 3099; x_wconf 89' lang='lat' dir='ltr'>intuens</span> <span class='ocrx_word' id='word_1_199' title='bbox 1176 3027 1243 3101; x_wconf 83' lang='lat' dir='ltr'>het</span> <span class='ocrx_word' id='word_1_200' title='bbox 1272 3035 1329 3116; x_wconf 94' lang='grc'>11,</span> <span class='ocrx_word' id='word_1_201' title='bbox 1358 3033 1399 3100; x_wconf 85' lang='lat'>6:</span> <span class='ocrx_word' id='word_1_202' title='bbox 1426 3029 1459 3100; x_wconf 94' lang='lat' dir='ltr'>in</span> <span class='ocrx_word' id='word_1_203' title='bbox 1486 3027 1608 3122; x_wconf 90' lang='lat' dir='ltr'>plateis</span> <span class='ocrx_word' id='word_1_204' title='bbox 1627 3030 1679 3100; x_wconf 92' lang='lat' dir='ltr'>ei-</span> 
     </span>
     <span class='ocr_line' id='line_1_23' title="bbox 196 3143 1679 3234; baseline 0.005 -18"><span class='ocrx_word' id='word_1_205' title='bbox 196 3153 316 3216; x_wconf 87' lang='lat' dir='ltr'>cerent</span> <span class='ocrx_word' id='word_1_206' title='bbox 339 3143 406 3216; x_wconf 83' lang='lat' dir='ltr'>het</span> <span class='ocrx_word' id='word_1_207' title='bbox 432 3146 465 3228; x_wconf 82' lang='lat'>5,</span> <span class='ocrx_word' id='word_1_208' title='bbox 495 3147 561 3216; x_wconf 77' lang='lat' dir='ltr'>lb:</span> <span class='ocrx_word' id='word_1_209' title='bbox 588 3143 729 3216; x_wconf 90' lang='lat' dir='ltr'>tradens</span> <span class='ocrx_word' id='word_1_210' title='bbox 755 3144 790 3214; x_wconf 91' lang='lat' dir='ltr'>in</span> <span class='ocrx_word' id='word_1_211' title='bbox 816 3146 975 3218; x_wconf 83' lang='lat' dir='ltr'>custodia</span> <span class='ocrx_word' id='word_1_212' title='bbox 999 3147 1064 3218; x_wconf 84' lang='lat' dir='ltr'>hct</span> <span class='ocrx_word' id='word_1_213' title='bbox 1091 3152 1151 3234; x_wconf 84' lang='grc'>22,</span> <span class='ocrx_word' id='word_1_214' title='bbox 1181 3149 1222 3222; x_wconf 81' lang='lat' dir='ltr'>l:</span> <span class='ocrx_word' id='word_1_215' title='bbox 1254 3151 1468 3224; x_wconf 88' lang='lat' dir='ltr'>introeuntes</span> <span class='ocrx_word' id='word_1_216' title='bbox 1495 3149 1529 3220; x_wconf 93' lang='lat' dir='ltr'>in</span> <span class='ocrx_word' id='word_1_217' title='bbox 1554 3171 1679 3222; x_wconf 90' lang='lat' dir='ltr'>monu-</span> 
     </span>
     <span class='ocr_line' id='line_1_24' title="bbox 196 3264 1679 3364; baseline 0.005 -28"><span class='ocrx_word' id='word_1_218' title='bbox 196 3275 329 3336; x_wconf 89' lang='lat' dir='ltr'>mento:</span> <span class='ocrx_word' id='word_1_219' title='bbox 359 3285 525 3358; x_wconf 80' lang='lat' dir='ltr'>egressus</span> <span class='ocrx_word' id='word_1_220' title='bbox 551 3264 664 3334; x_wconf 91' lang='lat' dir='ltr'>estin</span> <span class='ocrx_word' id='word_1_221' title='bbox 690 3265 842 3336; x_wconf 89' lang='lat' dir='ltr'>castelle.</span> <span class='ocrx_word' id='word_1_222' title='bbox 869 3267 997 3338; x_wconf 85' lang='lat' dir='ltr'>Rursus</span> <span class='ocrx_word' id='word_1_223' title='bbox 1024 3291 1128 3360; x_wconf 88' lang='lat' dir='ltr'>quum</span> <span class='ocrx_word' id='word_1_224' title='bbox 1155 3271 1283 3364; x_wconf 88' lang='lat' dir='ltr'>aliquid</span> <span class='ocrx_word' id='word_1_225' title='bbox 1309 3272 1423 3363; x_wconf 84' lang='lat' dir='ltr'>aliquo</span> <span class='ocrx_word' id='word_1_226' title='bbox 1449 3271 1538 3353; x_wconf 88' lang='lat' dir='ltr'>loco,</span> <span class='ocrx_word' id='word_1_227' title='bbox 1565 3271 1679 3364; x_wconf 91' lang='lat' dir='ltr'>aliquo</span> 
     </span>
     <span class='ocr_line' id='line_1_25' title="bbox 198 3384 1678 3484; baseline 0.005 -28"><span class='ocrx_word' id='word_1_228' title='bbox 198 3396 372 3478; x_wconf 91' lang='lat' dir='ltr'>tempore,</span> <span class='ocrx_word' id='word_1_229' title='bbox 408 3384 520 3478; x_wconf 91' lang='lat' dir='ltr'>aliqua</span> <span class='ocrx_word' id='word_1_230' title='bbox 554 3384 687 3456; x_wconf 89' lang='lat' dir='ltr'>ratione</span> <span class='ocrx_word' id='word_1_231' title='bbox 718 3385 792 3456; x_wconf 89' lang='lat' dir='ltr'>sive</span> <span class='ocrx_word' id='word_1_232' title='bbox 820 3407 901 3458; x_wconf 91' lang='lat' dir='ltr'>esse</span> <span class='ocrx_word' id='word_1_233' title='bbox 937 3387 1010 3458; x_wconf 90' lang='lat' dir='ltr'>sive</span> <span class='ocrx_word' id='word_1_234' title='bbox 1037 3386 1111 3458; x_wconf 89' lang='lat' dir='ltr'>fieri</span> <span class='ocrx_word' id='word_1_235' title='bbox 1137 3391 1362 3483; x_wconf 77' lang='lat' dir='ltr'>significatur,</span> <span class='ocrx_word' id='word_1_236' title='bbox 1389 3391 1445 3462; x_wconf 90' lang='lat' dir='ltr'>vel</span> <span class='ocrx_word' id='word_1_237' title='bbox 1472 3389 1678 3484; x_wconf 87' lang='lat' dir='ltr'>ubicumque</span> 
     </span>
     <span class='ocr_line' id='line_1_26' title="bbox 197 3497 1677 3604; baseline 0.006 -29"><span class='ocrx_word' id='word_1_238' title='bbox 197 3507 231 3576; x_wconf 91' lang='lat' dir='ltr'>iu</span> <span class='ocrx_word' id='word_1_239' title='bbox 256 3505 469 3598; x_wconf 88' lang='lat' dir='ltr'>praepositio</span> <span class='ocrx_word' id='word_1_240' title='bbox 504 3525 582 3575; x_wconf 91' lang='lat' dir='ltr'>cum</span> <span class='ocrx_word' id='word_1_241' title='bbox 616 3497 766 3575; x_wconf 82' lang='lat' dir='ltr'>ablativo</span> <span class='ocrx_word' id='word_1_242' title='bbox 806 3507 850 3578; x_wconf 91' lang='lat' dir='ltr'>ab</span> <span class='ocrx_word' id='word_1_243' title='bbox 884 3507 1031 3599; x_wconf 90' lang='lat' dir='ltr'>antiquis</span> <span class='ocrx_word' id='word_1_244' title='bbox 1062 3508 1265 3595; x_wconf 88' lang='lat' dir='ltr'>adhibetur,</span> <span class='ocrx_word' id='word_1_245' title='bbox 1301 3512 1333 3580; x_wconf 93' lang='lat' dir='ltr'>in</span> <span class='ocrx_word' id='word_1_246' title='bbox 1361 3509 1571 3604; x_wconf 86' lang='lat' dir='ltr'>praepositio</span> <span class='ocrx_word' id='word_1_247' title='bbox 1599 3533 1677 3584; x_wconf 93' lang='lat' dir='ltr'>cum</span> 
     </span>
     <span class='ocr_line' id='line_1_27' title="bbox 198 3623 1678 3715; baseline 0.005 -20"><span class='ocrx_word' id='word_1_248' title='bbox 198 3626 397 3698; x_wconf 88' lang='lat' dir='ltr'>accusativo</span> <span class='ocrx_word' id='word_1_249' title='bbox 424 3625 605 3696; x_wconf 82' lang='lat' dir='ltr'>couirmcta</span> <span class='ocrx_word' id='word_1_250' title='bbox 631 3623 807 3694; x_wconf 89' lang='lat' dir='ltr'>invenitur.</span> <span class='ocrx_word' id='word_1_251' title='bbox 861 3627 909 3698; x_wconf 92' lang='lat' dir='ltr'>lta</span> <span class='ocrx_word' id='word_1_252' title='bbox 937 3637 992 3698; x_wconf 91' lang='lat' dir='ltr'>est</span> <span class='ocrx_word' id='word_1_253' title='bbox 1017 3627 1158 3700; x_wconf 89' lang='lat' dir='ltr'>sederet</span> <span class='ocrx_word' id='word_1_254' title='bbox 1183 3631 1218 3702; x_wconf 90' lang='lat' dir='ltr'>in</span> <span class='ocrx_word' id='word_1_255' title='bbox 1244 3640 1397 3702; x_wconf 89' lang='lat' dir='ltr'>montem</span> <span class='ocrx_word' id='word_1_256' title='bbox 1424 3631 1478 3702; x_wconf 83' lang='lat' dir='ltr'>lllc</span> <span class='ocrx_word' id='word_1_257' title='bbox 1507 3632 1563 3715; x_wconf 89' lang='grc'><strong>13,</strong></span> <span class='ocrx_word' id='word_1_258' title='bbox 1583 3635 1617 3702; x_wconf 87' lang='grc'>3.</span> <span class='ocrx_word' id='word_1_259' title='bbox 1644 3632 1678 3702; x_wconf 95' lang='lat' dir='ltr'>in</span> 
     </span>
     <span class='ocr_line' id='line_1_28' title="bbox 198 3745 1677 3842; baseline 0.007 -26"><span class='ocrx_word' id='word_1_260' title='bbox 198 3745 501 3816; x_wconf 86' lang='lat' dir='ltr'>exacerbationem</span> <span class='ocrx_word' id='word_1_261' title='bbox 528 3745 603 3815; x_wconf 90' lang='lat' dir='ltr'>lleb</span> <span class='ocrx_word' id='word_1_262' title='bbox 633 3747 665 3828; x_wconf 90' lang='lat'>3,</span> <span class='ocrx_word' id='word_1_263' title='bbox 694 3746 727 3814; x_wconf 87' lang='lat'>8.</span> <span class='ocrx_word' id='word_1_264' title='bbox 756 3745 831 3836; x_wconf 92' lang='lat' dir='ltr'>quis</span> <span class='ocrx_word' id='word_1_265' title='bbox 859 3747 893 3816; x_wconf 92' lang='lat' dir='ltr'>in</span> <span class='ocrx_word' id='word_1_266' title='bbox 919 3769 997 3819; x_wconf 93' lang='lat' dir='ltr'>eam</span> <span class='ocrx_word' id='word_1_267' title='bbox 1025 3747 1151 3842; x_wconf 80' lang='lat' dir='ltr'>dignus</span> <span class='ocrx_word' id='word_1_268' title='bbox 1177 3753 1224 3822; x_wconf 88' lang='lat' dir='ltr'>Mt</span> <span class='ocrx_word' id='word_1_269' title='bbox 1253 3756 1309 3836; x_wconf 91' lang='grc'><strong>10,</strong></span> <span class='ocrx_word' id='word_1_270' title='bbox 1340 3755 1396 3822; x_wconf 95' lang='grc'>11.</span> <span class='ocrx_word' id='word_1_271' title='bbox 1424 3753 1677 3826; x_wconf 79' lang='lat' dir='ltr'>confortarem</span> 
     </span>
     <span class='ocr_line' id='line_1_29' title="bbox 197 3855 1676 3964; baseline 0.007 -28"><span class='ocrx_word' id='word_1_272' title='bbox 197 3865 341 3958; x_wconf 82' lang='lat' dir='ltr'>gratiam</span> <span class='ocrx_word' id='word_1_273' title='bbox 370 3869 392 3941; x_wconf 95' lang='grc'><strong>2</strong></span> <span class='ocrx_word' id='word_1_274' title='bbox 421 3865 493 3935; x_wconf 92' lang='lat' dir='ltr'>Tim</span> <span class='ocrx_word' id='word_1_275' title='bbox 522 3868 554 3950; x_wconf 88' lang='grc'>2,</span> <span class='ocrx_word' id='word_1_276' title='bbox 585 3869 616 3935; x_wconf 96' lang='grc'>1.</span> <span class='ocrx_word' id='word_1_277' title='bbox 642 3864 712 3936; x_wconf 94' lang='lat' dir='ltr'>vidi</span> <span class='ocrx_word' id='word_1_278' title='bbox 738 3865 772 3936; x_wconf 93' lang='lat' dir='ltr'>in</span> <span class='ocrx_word' id='word_1_279' title='bbox 788 3855 983 3940; x_wconf 62' lang='lat' dir='ltr'>&#39;dexteram</span> <span class='ocrx_word' id='word_1_280' title='bbox 1009 3869 1163 3942; x_wconf 88' lang='lat' dir='ltr'>sedentis</span> <span class='ocrx_word' id='word_1_281' title='bbox 1188 3872 1288 3964; x_wconf 84' lang='lat' dir='ltr'>Apoc</span> <span class='ocrx_word' id='word_1_282' title='bbox 1315 3874 1349 3956; x_wconf 81' lang='lat'>5,</span> <span class='ocrx_word' id='word_1_283' title='bbox 1379 3875 1410 3941; x_wconf 95' lang='grc'>1.</span> <span class='ocrx_word' id='word_1_284' title='bbox 1442 3871 1585 3944; x_wconf 87' lang='lat' dir='ltr'>videbat</span> <span class='ocrx_word' id='word_1_285' title='bbox 1608 3875 1676 3946; x_wconf 91' lang='lat' dir='ltr'>La-</span> 
     </span>
     <span class='ocr_line' id='line_1_30' title="bbox 197 3984 1678 4088; baseline 0.007 -34"><span class='ocrx_word' id='word_1_286' title='bbox 197 4006 314 4056; x_wconf 88' lang='lat' dir='ltr'>zarum</span> <span class='ocrx_word' id='word_1_287' title='bbox 345 3985 380 4055; x_wconf 92' lang='lat' dir='ltr'>in</span> <span class='ocrx_word' id='word_1_288' title='bbox 413 3985 524 4055; x_wconf 89' lang='lat' dir='ltr'>sinum</span> <span class='ocrx_word' id='word_1_289' title='bbox 557 3984 630 4055; x_wconf 92' lang='lat' dir='ltr'>eius</span> <span class='ocrx_word' id='word_1_290' title='bbox 664 3986 711 4055; x_wconf 86' lang='lat' dir='ltr'>Le</span> <span class='ocrx_word' id='word_1_291' title='bbox 740 3987 797 4072; x_wconf 88' lang='grc'><strong>16,</strong></span> <span class='ocrx_word' id='word_1_292' title='bbox 826 3990 884 4064; x_wconf 88' lang='grc'><strong>23.</strong></span> <span class='ocrx_word' id='word_1_293' title='bbox 918 3990 1126 4061; x_wconf 88' lang='lat' dir='ltr'>retribuetur</span> <span class='ocrx_word' id='word_1_294' title='bbox 1159 3991 1218 4062; x_wconf 85' lang='lat' dir='ltr'>tibi</span> <span class='ocrx_word' id='word_1_295' title='bbox 1249 3991 1284 4062; x_wconf 94' lang='lat' dir='ltr'>in</span> <span class='ocrx_word' id='word_1_296' title='bbox 1315 3992 1603 4065; x_wconf 91' lang='lat' dir='ltr'>resurrectionem</span> <span class='ocrx_word' id='word_1_297' title='bbox 1630 3996 1678 4088; x_wconf 89' lang='lat' dir='ltr'>Lc</span> 
     </span>
     <span class='ocr_line' id='line_1_31' title="bbox 201 4103 1674 4206; baseline 0.008 -32"><span class='ocrx_word' id='word_1_298' title='bbox 201 4103 257 4188; x_wconf 85' lang='lat' dir='ltr'>tt,</span> <span class='ocrx_word' id='word_1_299' title='bbox 280 4103 336 4175; x_wconf 90' lang='grc'>11.</span> <span class='ocrx_word' id='word_1_300' title='bbox 363 4104 536 4175; x_wconf 88' lang='lat' dir='ltr'>ambulate</span> <span class='ocrx_word' id='word_1_301' title='bbox 554 4105 588 4174; x_wconf 94' lang='lat' dir='ltr'>in</span> <span class='ocrx_word' id='word_1_302' title='bbox 607 4105 824 4178; x_wconf 90' lang='lat' dir='ltr'>dilectionem</span> <span class='ocrx_word' id='word_1_303' title='bbox 842 4108 919 4201; x_wconf 87' lang='lat' dir='ltr'>llph</span> <span class='ocrx_word' id='word_1_304' title='bbox 937 4112 970 4194; x_wconf 84' lang='lat'>5,</span> <span class='ocrx_word' id='word_1_305' title='bbox 991 4113 1023 4183; x_wconf 93' lang='grc'><strong>2.</strong></span> <span class='ocrx_word' id='word_1_306' title='bbox 1046 4111 1077 4180; x_wconf 92' lang='lat' dir='ltr'>iu</span> <span class='ocrx_word' id='word_1_307' title='bbox 1098 4105 1297 4206; x_wconf 85' lang='lat' dir='ltr'>sapientiam</span> <span class='ocrx_word' id='word_1_308' title='bbox 1317 4110 1491 4184; x_wconf 89' lang='lat' dir='ltr'>ambulate</span> <span class='ocrx_word' id='word_1_309' title='bbox 1509 4114 1570 4190; x_wconf 85' lang='lat' dir='ltr'>Col</span> <span class='ocrx_word' id='word_1_310' title='bbox 1589 4113 1622 4199; x_wconf 85' lang='grc'><strong>1,</strong></span> <span class='ocrx_word' id='word_1_311' title='bbox 1642 4119 1674 4186; x_wconf 82' lang='grc'><strong>5.</strong></span> 
     </span>
     <span class='ocr_line' id='line_1_32' title="bbox 197 4224 1676 4306; baseline 0.007 -12"><span class='ocrx_word' id='word_1_312' title='bbox 197 4225 330 4295; x_wconf 88' lang='lat' dir='ltr'>habere</span> <span class='ocrx_word' id='word_1_313' title='bbox 356 4224 389 4294; x_wconf 95' lang='lat' dir='ltr'>in</span> <span class='ocrx_word' id='word_1_314' title='bbox 423 4225 595 4296; x_wconf 89' lang='lat' dir='ltr'>notitiam:</span> <span class='ocrx_word' id='word_1_315' title='bbox 628 4225 722 4296; x_wconf 92' lang='lat' dir='ltr'>dabo</span> <span class='ocrx_word' id='word_1_316' title='bbox 754 4226 799 4296; x_wconf 91' lang='lat' dir='ltr'>illi</span> <span class='ocrx_word' id='word_1_317' title='bbox 833 4228 882 4298; x_wconf 91' lang='lat' dir='ltr'>in.</span> <span class='ocrx_word' id='word_1_318' title='bbox 900 4231 1066 4301; x_wconf 89' lang='lat' dir='ltr'>calculum</span> <span class='ocrx_word' id='word_1_319' title='bbox 1101 4252 1229 4302; x_wconf 91' lang='lat' dir='ltr'>nomen</span> <span class='ocrx_word' id='word_1_320' title='bbox 1256 4253 1402 4302; x_wconf 92' lang='lat' dir='ltr'>novum:</span> <span class='ocrx_word' id='word_1_321' title='bbox 1436 4232 1535 4304; x_wconf 87' lang='lat' dir='ltr'>dives</span> <span class='ocrx_word' id='word_1_322' title='bbox 1563 4235 1676 4306; x_wconf 89' lang='lat' dir='ltr'>estin</span> 
     </span>
     <span class='ocr_line' id='line_1_33' title="bbox 197 4345 1138 4416; baseline -0.003 0"><span class='ocrx_word' id='word_1_323' title='bbox 197 4345 482 4416; x_wconf 90' lang='lat' dir='ltr'>misericordiam.</span> <span class='ocrx_word' id='word_1_324' title='bbox 1135 4357 1138 4364; x_wconf 55' lang='lat'><strong>⁴</strong></span> 
     </span>
     <span class='ocr_line' id='line_1_34' title="bbox 153 4465 1675 4565; baseline 0.006 -32"><span class='ocrx_word' id='word_1_325' title='bbox 153 4467 157 4473; x_wconf 79' lang='grc'><em>“</em></span> <span class='ocrx_word' id='word_1_326' title='bbox 291 4465 399 4536; x_wconf 89' lang='lat' dir='ltr'>Porro</span> <span class='ocrx_word' id='word_1_327' title='bbox 427 4465 670 4536; x_wconf 88' lang='lat' dir='ltr'>soloecismum</span> <span class='ocrx_word' id='word_1_328' title='bbox 697 4466 856 4538; x_wconf 86' lang='lat' dir='ltr'>redolent</span> <span class='ocrx_word' id='word_1_329' title='bbox 882 4469 1050 4542; x_wconf 89' lang='lat' dir='ltr'>eiusmodi</span> <span class='ocrx_word' id='word_1_330' title='bbox 1080 4481 1115 4541; x_wconf 93' lang='lat' dir='ltr'>ut</span> <span class='ocrx_word' id='word_1_331' title='bbox 1141 4471 1323 4544; x_wconf 89' lang='lat' dir='ltr'>Caritatcm</span> <span class='ocrx_word' id='word_1_332' title='bbox 1350 4472 1570 4565; x_wconf 83' lang='lat' dir='ltr'>diligentibus</span> <span class='ocrx_word' id='word_1_333' title='bbox 1588 4473 1675 4544; x_wconf 87' lang='lat' dir='ltr'>filios</span> 
     </span>
     <span class='ocr_line' id='line_1_35' title="bbox 197 4583 1675 4684; baseline 0.005 -28"><span class='ocrx_word' id='word_1_334' title='bbox 197 4584 280 4656; x_wconf 91' lang='lat' dir='ltr'>dicit</span> <span class='ocrx_word' id='word_1_335' title='bbox 306 4583 380 4656; x_wconf 93' lang='lat' dir='ltr'>dei:</span> <span class='ocrx_word' id='word_1_336' title='bbox 408 4585 463 4656; x_wconf 90' lang='lat' dir='ltr'>eui</span> <span class='ocrx_word' id='word_1_337' title='bbox 489 4583 629 4656; x_wconf 90' lang='lat' dir='ltr'>sedens:</span> <span class='ocrx_word' id='word_1_338' title='bbox 657 4584 781 4678; x_wconf 81' lang='lat' dir='ltr'>dignus</span> <span class='ocrx_word' id='word_1_339' title='bbox 809 4589 1007 4660; x_wconf 90' lang='lat' dir='ltr'>mercedem</span> <span class='ocrx_word' id='word_1_340' title='bbox 1035 4613 1150 4662; x_wconf 88' lang='lat' dir='ltr'>suam:</span> <span class='ocrx_word' id='word_1_341' title='bbox 1177 4591 1395 4684; x_wconf 90' lang='lat' dir='ltr'>respondens</span> <span class='ocrx_word' id='word_1_342' title='bbox 1422 4603 1457 4664; x_wconf 90' lang='lat' dir='ltr'>et</span> <span class='ocrx_word' id='word_1_343' title='bbox 1483 4593 1583 4666; x_wconf 90' lang='lat' dir='ltr'>dixit:</span> <span class='ocrx_word' id='word_1_344' title='bbox 1616 4613 1675 4664; x_wconf 91' lang='lat' dir='ltr'>es-</span> 
     </span>
     <span class='ocr_line' id='line_1_36' title="bbox 197 4705 1320 4804; baseline 0.007 -30"><span class='ocrx_word' id='word_1_345' title='bbox 197 4713 252 4774; x_wconf 86' lang='lat' dir='ltr'>set</span> <span class='ocrx_word' id='word_1_346' title='bbox 276 4705 578 4799; x_wconf 86' lang='lat' dir='ltr'>Mesopotamiam:</span> <span class='ocrx_word' id='word_1_347' title='bbox 606 4705 752 4798; x_wconf 90' lang='lat' dir='ltr'>quisque</span> <span class='ocrx_word' id='word_1_348' title='bbox 778 4729 847 4778; x_wconf 93' lang='lat' dir='ltr'>uon</span> <span class='ocrx_word' id='word_1_349' title='bbox 873 4711 1052 4804; x_wconf 82' lang='lat' dir='ltr'>receperit,</span> <span class='ocrx_word' id='word_1_350' title='bbox 1079 4733 1148 4780; x_wconf 90' lang='lat' dir='ltr'>non</span> <span class='ocrx_word' id='word_1_351' title='bbox 1174 4711 1320 4783; x_wconf 89' lang='lat' dir='ltr'>intrabit.</span> 
     </span>
    </p>

    <p class='ocr_par' dir='ltr' id='par_1_6' title="bbox 196 4823 1677 5168">
     <span class='ocr_line' id='line_1_37' title="bbox 291 4823 1675 4923; baseline 0.009 -29"><span class='ocrx_word' id='word_1_352' title='bbox 291 4825 484 4917; x_wconf 80' lang='lat' dir='ltr'>benique</span> <span class='ocrx_word' id='word_1_353' title='bbox 501 4823 698 4896; x_wconf 91' lang='lat' dir='ltr'>nominativi</span> <span class='ocrx_word' id='word_1_354' title='bbox 716 4827 1007 4918; x_wconf 78' lang='lat' dir='ltr'>negligentissime</span> <span class='ocrx_word' id='word_1_355' title='bbox 1026 4851 1089 4923; x_wconf 92' lang='lat' dir='ltr'>pro</span> <span class='ocrx_word' id='word_1_356' title='bbox 1108 4831 1312 4902; x_wconf 76' lang='lat' dir='ltr'>accusativis</span> <span class='ocrx_word' id='word_1_357' title='bbox 1337 4831 1527 4923; x_wconf 89' lang='lat' dir='ltr'>aliquoties,</span> <span class='ocrx_word' id='word_1_358' title='bbox 1554 4833 1588 4904; x_wconf 92' lang='lat' dir='ltr'>in</span> <span class='ocrx_word' id='word_1_359' title='bbox 1614 4855 1675 4906; x_wconf 91' lang='lat' dir='ltr'>ca-</span> 
     </span>
     <span class='ocr_line' id='line_1_38' title="bbox 196 4944 1677 5048; baseline 0.007 -34"><span class='ocrx_word' id='word_1_360' title='bbox 196 4944 324 5037; x_wconf 91' lang='lat' dir='ltr'>pitibus</span> <span class='ocrx_word' id='word_1_361' title='bbox 351 4944 510 5028; x_wconf 85' lang='lat' dir='ltr'>maxime,</span> <span class='ocrx_word' id='word_1_362' title='bbox 538 4944 639 5036; x_wconf 89' lang='lat' dir='ltr'>positi</span> <span class='ocrx_word' id='word_1_363' title='bbox 666 4956 753 5015; x_wconf 91' lang='lat' dir='ltr'>sunt.</span> <span class='ocrx_word' id='word_1_364' title='bbox 808 4946 921 5019; x_wconf 89' lang='lat' dir='ltr'>Gratia</span> <span class='ocrx_word' id='word_1_365' title='bbox 948 4949 1005 5019; x_wconf 93' lang='lat' dir='ltr'>dci</span> <span class='ocrx_word' id='word_1_366' title='bbox 1039 4950 1209 5042; x_wconf 90' lang='lat' dir='ltr'>recipiatis</span> <span class='ocrx_word' id='word_1_367' title='bbox 1244 4954 1266 5025; x_wconf 92' lang='grc'><strong>2</strong></span> <span class='ocrx_word' id='word_1_368' title='bbox 1301 4951 1349 5022; x_wconf 84' lang='lat' dir='ltr'>Cb</span> <span class='ocrx_word' id='word_1_369' title='bbox 1377 4953 1411 5034; x_wconf 93' lang='grc'>6,</span> <span class='ocrx_word' id='word_1_370' title='bbox 1442 4956 1478 5023; x_wconf 90' lang='grc'><strong>1;</strong></span> <span class='ocrx_word' id='word_1_371' title='bbox 1506 4953 1677 5048; x_wconf 88' lang='lat' dir='ltr'>reciperet</span> 
     </span>
     <span class='ocr_line' id='line_1_39' title="bbox 198 5063 1674 5168; baseline 0.005 -33"><span class='ocrx_word' id='word_1_372' title='bbox 198 5064 353 5137; x_wconf 89' lang='lat' dir='ltr'>doctrina</span> <span class='ocrx_word' id='word_1_373' title='bbox 380 5065 463 5149; x_wconf 91' lang='lat' dir='ltr'>eius,</span> <span class='ocrx_word' id='word_1_374' title='bbox 491 5064 573 5134; x_wconf 90' lang='lat' dir='ltr'>item</span> <span class='ocrx_word' id='word_1_375' title='bbox 601 5063 741 5157; x_wconf 91' lang='lat' dir='ltr'>cupiunt</span> <span class='ocrx_word' id='word_1_376' title='bbox 767 5066 921 5165; x_wconf 87' lang='lat' dir='ltr'>doctrina</span> <span class='ocrx_word' id='word_1_377' title='bbox 949 5070 1023 5140; x_wconf 91' lang='lat' dir='ltr'>eius</span> <span class='ocrx_word' id='word_1_378' title='bbox 1051 5074 1071 5138; x_wconf 88' lang='grc'><strong>3</strong></span> <span class='ocrx_word' id='word_1_379' title='bbox 1100 5071 1158 5142; x_wconf 90' lang='lat' dir='ltr'>lob</span> <span class='ocrx_word' id='word_1_380' title='bbox 1185 5093 1259 5166; x_wconf 90' lang='lat' dir='ltr'>cap.</span> <span class='ocrx_word' id='word_1_381' title='bbox 1286 5072 1343 5142; x_wconf 93' lang='lat' dir='ltr'>lll:</span> <span class='ocrx_word' id='word_1_382' title='bbox 1371 5071 1417 5143; x_wconf 90' lang='lat' dir='ltr'>de</span> <span class='ocrx_word' id='word_1_383' title='bbox 1444 5073 1674 5168; x_wconf 86' lang='lat' dir='ltr'>temptationi-</span> 
     </span>
    </p>
   </div>
   <div class='ocr_carea' id='block_1_3' title="bbox 196 5181 1673 5374">
    <p class='ocr_par' dir='ltr' id='par_1_7' title="bbox 196 5181 1673 5374">
     <span class='ocr_line' id='line_1_40' title="bbox 197 5181 1673 5288; baseline 0.006 -33"><span class='ocrx_word' id='word_1_384' title='bbox 197 5186 264 5256; x_wconf 91' lang='lat' dir='ltr'>bus</span> <span class='ocrx_word' id='word_1_385' title='bbox 299 5207 387 5276; x_wconf 87' lang='lat' dir='ltr'>quae</span> <span class='ocrx_word' id='word_1_386' title='bbox 420 5185 495 5279; x_wconf 85' lang='lat' dir='ltr'>(pro</span> <span class='ocrx_word' id='word_1_387' title='bbox 530 5181 628 5276; x_wconf 80' lang='lat' dir='ltr'>quas)</span> <span class='ocrx_word' id='word_1_388' title='bbox 662 5185 717 5254; x_wconf 91' lang='lat' dir='ltr'>lae</span> <span class='ocrx_word' id='word_1_389' title='bbox 751 5209 826 5279; x_wconf 89' lang='lat' dir='ltr'>cup.</span> <span class='ocrx_word' id='word_1_390' title='bbox 859 5189 902 5258; x_wconf 92' lang='lat' dir='ltr'>ll:</span> <span class='ocrx_word' id='word_1_391' title='bbox 938 5191 983 5262; x_wconf 92' lang='lat' dir='ltr'>de</span> <span class='ocrx_word' id='word_1_392' title='bbox 1016 5191 1064 5262; x_wconf 84' lang='lat' dir='ltr'>ira</span> <span class='ocrx_word' id='word_1_393' title='bbox 1097 5213 1187 5282; x_wconf 87' lang='lat' dir='ltr'>quae</span> <span class='ocrx_word' id='word_1_394' title='bbox 1222 5194 1296 5286; x_wconf 90' lang='lat' dir='ltr'>(pro</span> <span class='ocrx_word' id='word_1_395' title='bbox 1331 5191 1447 5288; x_wconf 83' lang='lat' dir='ltr'>quam)</span> <span class='ocrx_word' id='word_1_396' title='bbox 1479 5195 1564 5266; x_wconf 79' lang='lat' dir='ltr'>ch.</span> <span class='ocrx_word' id='word_1_397' title='bbox 1599 5216 1673 5287; x_wconf 90' lang='lat' dir='ltr'>cap.</span> 
     </span>
     <span class='ocr_line' id='line_1_41' title="bbox 196 5305 297 5374; baseline 0 0"><span class='ocrx_word' id='word_1_398' title='bbox 196 5305 297 5374; x_wconf 88' lang='lat' dir='ltr'>XXX.</span> 
     </span>
    </p>
   </div>
   <div class='ocr_carea' id='block_1_4' title="bbox 0 0 2056 6128">
    <p class='ocr_par' dir='ltr' id='par_1_8' title="bbox 0 0 2056 6128">
     <span class='ocr_line' id='line_1_42' title="bbox 0 0 2056 6128; baseline 0 0"><span class='ocrx_word' id='word_1_399' title='bbox 0 0 2056 6128; x_wconf 95' lang='lat' dir='ltr'> </span> 
     </span>
    </p>
   </div>
  </div>
 </body>
</html>
