4102 6128
807 437 1090 502 PllOLEGOltENA
1637 457 1693 504 xrn

199 647 236 717 R.
265 641 422 737 Gregorii
450 640 562 733 Magni
592 639 705 732 (electi
740 661 833 712 anno
860 638 958 734 590.)
992 643 1224 737 conscriptum
1256 643 1361 715 luisse
1396 642 1536 714 omnino
1570 640 1691 712 existi-

199 769 347 838 matur.“

294 919 481 990 Praetereo
509 915 574 988 alia
603 917 801 988 testimonia
827 916 860 985 in
887 916 1034 988 eandem
1060 937 1136 988 rem
1164 939 1185 988 a
1210 919 1376 990 Bandinio
1411 917 1527 1002 allata,
1555 917 1590 986 in
1616 915 1692 1012 qui-

198 1043 266 1112 bus
294 1049 353 1112 est
379 1039 478 1112 etiam
511 1037 560 1108 Pii
586 1039 621 1107 ll.
657 1035 901 1108 Piccolominei
928 1037 1106 1130 pontilicis.
1160 1038 1230 1110 Sed
1247 1038 1329 1110 illud
1347 1047 1540 1110 memoratu
1558 1035 1692 1128 dignis-
1795 1018 1797 1026 ¹

198 1163 328 1233 simum
357 1170 419 1247 est
446 1171 550 1254 quum
577 1156 643 1227 sub
672 1155 836 1249 auspiciis
855 1155 940 1226 Sixti
959 1155 1073 1240 Quinti
1098 1155 1131 1226 in
1150 1159 1352 1250 castigando
1370 1159 1549 1229 latinorum
1567 1156 1694 1228 biblio-

198 1303 276 1354 rum
321 1291 420 1353 textu
458 1281 562 1351 multa
602 1277 739 1346 Romae
780 1274 893 1346 studia
924 1287 1154 1368 ponerentur,
1186 1277 1393 1350 Amiatinum
1425 1277 1550 1348 librum
1585 1278 1619 1348 in
1653 1279 1695 1348 iis

198 1404 310 1474 luisse
339 1401 397 1494 qui
432 1399 476 1471 ad
512 1398 549 1470 id
579 1396 713 1488 negotii
740 1395 995 1467 adhiberentur.
1050 1397 1151 1468 Cuius
1178 1398 1228 1468 rei
1260 1399 1335 1490 ipse
1361 1396 1477 1468 codex
1504 1399 1601 1468 testis
1629 1411 1693 1469 est.

197 1527 235 1595 ln
263 1529 467 1616 tegumento
494 1517 584 1588 enim
612 1517 689 1587 eius
716 1515 878 1587 interiore
904 1517 992 1587 haec
1016 1517 1126 1588 verba
1153 1517 1279 1611 scripta
1306 1491 1391 1588 sunt.
1433 1517 1500 1602 „La
1527 1529 1695 1610 presente

197 1642 300 1714 Bibia
338 1663 359 1712 a
395 1641 428 1713 dl
461 1639 517 1712 42.
552 1637 587 1709 di
620 1635 743 1728 Luglio
774 1627 882 1709 l587.
918 1639 952 1706 iu
985 1647 1122 1730 portata
1157 1639 1211 1709 all’
1249 1637 1478 1708 illustrissimo
1514 1637 1695 1708 Cardinale

198 1763 355 1836 Antonio
384 1760 503 1832 Carala
519 1773 593 1851 'per
618 1757 751 1850 l'cpera
778 1755 855 1827 dell’
883 1755 1135 1828 emendarione
1161 1756 1252 1829 della
1277 1755 1375 1828 llibia
1400 1757 1517 1828 Latina
1542 1757 1695 1850 vulgata,

199 1907 266 1979 per
294 1881 421 1954 ordine
447 1879 482 1952 di
508 1879 541 1948 S.
577 1877 709 1949 Sentitb
743 1877 840 1947 Sixto
873 1877 911 1947 V.
938 1877 972 1946 in
1003 1877 1123 1962 lloma,
1158 1899 1179 1948 ι
1213 1879 1248 1948 iu
1281 1877 1447 1948 restituita
1483 1877 1536 1946 alli
1565 1879 1623 1948 ⁴9.
1659 1877 1696 1948 di

200 2005 369 2076 Gennaro
401 2001 507 2072 1590.
535 1996 591 2069 alli
615 1995 811 2070 Reverendi
837 1995 873 2066 P.
901 1997 941 2067 D.
968 1997 1130 2068 Marcello
1157 1997 1267 2071 Vanni
1301 1999 1424 2070 eDon
1453 1998 1589 2069 Stelano
1615 1997 1695 2067 Piz-

122 2100 127 2108 ¹
200 2125 283 2196 zetti
308 2119 448 2194 Monaci
474 2120 509 2190 di
534 2119 733 2191 Monostero
761 2117 796 2189 di
823 2117 856 2188 S.
883 2117 1063 2188 salvatore
1089 2117 1124 2188 in
1157 2119 1388 2191 lllontamiata.
1421 2119 1458 2190 lo
1485 2116 1609 2189 Arturo
1637 2117 1694 2188 de'

201 2245 302 2318 cono
330 2233 507 2332 d'Elci.“⁴)

922 2515 972 2585 Vl.

299 2725 359 2798 Ad
386 2722 654 2816 descriptionem
690 2719 819 2794 codicis
855 2731 1007 2792 transeo.
1059 2720 1303 2794 Membrana
1331 2727 1385 2790 est
1418 2719 1508 2790 laevi
1533 2718 1599 2790 sed
1625 2740 1696 2790 non

206 2849 253 2921 ita
279 2845 394 2928 tenui,
423 2845 532 2915 torma
557 2843 661 2936 longe
687 2843 849 2928 mamma,
876 2840 1047 2934 motisque
1073 2851 1187 2913 tantae
1219 2848 1258 2910 ut
1284 2839 1328 2910 ab
1354 2860 1424 2912 uno
1458 2838 1597 2910 homine
1623 2860 1696 2910 non

208 2969 308 3042 facile
336 2964 451 3060 possit
476 2963 635 3034 manibus
660 2963 802 3056 portari.
854 2961 995 3034 Foliis
1021 2970 1157 3034 constat
1183 2958 1274 3030 mille
1304 2959 1423 3052 viginti
1453 2957 1694 3050 undetriginta,

209 3111 358 3184 quorum
395 3083 603 3178 septingenti
638 3083 824 3176 nonaginta
857 3105 923 3154 sex
962 3081 1009 3154 ad
1040 3081 1163 3165 Vetus,
1201 3077 1340 3152 ducenti
1373 3080 1509 3173 triginta
1543 3079 1612 3151 duo
1648 3077 1696 3149 ad

209 3212 346 3284 Novum
374 3213 534 3300 spectant
560 3203 825 3276 Testamentum.
880 3203 1009 3294 Singuli
1034 3200 1357 3295 quaterniones
1387 3209 1626 3284 numerantur,
1659 3207 1697 3268 ιιι

210 3353 288 3401 mos
314 3330 382 3398 lert
408 3323 679 3416 antiquissimus,
705 3344 850 3395 numero
876 3324 911 3392 in
938 3322 1034 3394 calce
1060 3321 1197 3394 ultimae
1224 3321 1392 3414 cuiusque
1418 3323 1568 3417 paginae
1585 3339 1696 3414 prope
1818 3303 1821 3316 ³

211 3447 404 3541 marginem
443 3442 641 3513 interiorem
679 3443 851 3537 apposito.
906 3441 1056 3527 Quaevis
1099 3439 1223 3534 pagina
1256 3439 1345 3512 binis
1385 3442 1553 3513 columnis
1586 3439 1697 3512 divisa

212 3589 336 3640 versus
372 3562 710 3635 stichometrice
743 3562 1187 3657 compositosplerumque
1228 3560 1457 3654 quadraginta
1483 3571 1555 3632 tres
1581 3559 1695 3631 babet.

213 3691 353 3760 Praeter
386 3682 676 3756 sticbometricam
709 3684 798 3755 nulla
833 3682 1088 3776 antiquissimae
1121 3702 1243 3752 manus
1274 3681 1582 3776 interpunctio
1623 3689 1695 3764 est;
1725 3693 1732 3746 ἱ

195 3810 277 3881 'nisi
302 3806 409 3901 quod,
438 3825 543 3897 quum
569 3803 772 3896 plerumque
798 3803 936 3896 scriptio
964 3785 1123 3874 continua
1150 3801 1202 3886 sit,
1229 3803 1361 3894 passim
1396 3803 1430 3874 in
1461 3802 1586 3874 mediis
1608 3823 1695 3872 xver-

215 3931 308 4002 sibus
334 3925 515 3998 intervalla
542 3923 780 3996 observantur.
833 3923 1059 4016 Scriptura
1086 3945 1132 3993 ex
1159 3921 1299 4016 antiquo
1327 3944 1458 4015 genere
1491 3922 1612 4004 unciali
1644 3931 1698 3992 est

216 4071 328 4143 eaque
355 4047 440 4118 satis
467 4045 619 4135 elegans.
672 4045 820 4118 Maiores
847 4044 977 4116 litteras
1002 4044 1076 4114 lere
1101 4065 1172 4114 non
1198 4043 1305 4116 hahet.
1335 4044 1400 4114 nisi
1433 4044 1493 4116 ubi
1518 4066 1610 4116 nova
1638 4063 1696 4113 se-

218 4171 285 4243 ctio
311 4167 435 4260 incipit.
489 4163 756 4256 Compendia
783 4165 850 4235 iam
879 4163 1060 4256 antiquitus
1086 4163 1308 4236 usitatissima
1333 4165 1447 4250 habet,
1474 4176 1512 4236 ut
1534 4153 1590 4249 ds,
1619 4149 1695 4248 ‹in‘s

216 4269 316 4384 ffi's‘i),
361 4275 450 4381 ”xp-s,
478 4267 554 4379 sps,
583 4269 657 4370 sc—s,
694 4307 771 4370 cum
810 4283 996 4356 declinatis.
1056 4282 1246 4377 Aliquoties
1279 4287 1447 4358 invenitur
1484 4272 1559 4370 is—rl,
1601 4283 1697 4378 quod

217 4413 426 4502 ubicumque
452 4408 555 4500 plene
581 4405 739 4478 scribitur
769 4404 896 4476 Israhel
929 4427 999 4477 non
1024 4405 1128 4476 lsrael
1155 4406 1277 4477 inveni.
1317 4407 1426 4478 Porro
1452 4405 1547 4478 haud
1573 4428 1652 4476 raro
1671 4407 1702 4474 li

307 4717 333 4793 l)
355 4712 486 4775 Videtur
513 4712 571 4773 iste
593 4729 696 4773 comes
725 4710 765 4772 de
787 4711 856 4772 llice
878 4719 942 4772 tum
970 4710 1119 4791 temporis
1140 4711 1290 4792 legatione
1319 4713 1424 4794 magni
1447 4709 1535 4776 ducis
1556 4712 1697 4774 Etruriae

221 4819 304 4903 apud
327 4817 435 4881 sedem
458 4814 655 4895 apostolicam
678 4815 798 4876 iunctus
821 4833 890 4876 esse
912 4821 943 4874 et
965 4814 996 4874 in
1017 4812 1121 4874 bibliis
1142 4813 1304 4877 Amiatinis
1322 4817 1449 4878 Romam
1472 4811 1629 4877 mittendis
1650 4813 1697 4872 in-

220 4923 322 5002 deque
346 4919 385 4981 ad
407 4919 576 4980 Amiatinos
598 4918 765 4979 monachos
786 4913 977 4979 remittendis
1000 4924 1121 4996 partem
1143 4915 1299 4978 babuisse.

305 5024 335 5086 al
357 5024 433 5084 ilinc
454 5021 567 5083 rectius
588 5027 712 5100 poterat
732 5019 837 5081 ihesus
860 5038 953 5100 qnam
975 5019 1059 5080 lesus
1081 5037 1099 5079 a
1121 5017 1213 5082 nobis
1234 5017 1293 5079 edi.
1314 5017 1444 5082 Accedit
1456 5019 1539 5102 quod
1551 5021 1591 5080 lc
1604 5021 1633 5096 3,
1646 5020 1695 5078 29.

179 5137 186 5154 '
219 5132 250 5192 in
275 5125 453 5208 genealogie
480 5125 581 5207 ipsum
608 5141 719 5184 nomen
745 5121 835 5185 lbesu
859 5123 950 5205 plena
978 5123 1127 5202 scriptum
1155 5129 1219 5201 est,
1241 5121 1505 5202 quemadmodum
1534 5119 1699 5184 edidimus
