4254 6130
698 191 807 254 urana
832 187 983 252 aarum
1010 145 1287 252 mosrououuu
1666 190 1740 262 ata

250 395 392 466 Paulum
418 375 622 466 dimiserunt
648 395 770 468 fratres
798 405 834 466 ιιι
860 394 924 463 iret
950 415 1060 487 usqne
1087 394 1133 466 ad
1159 414 1272 466 mare:
1301 390 1396 462 Silas
1423 403 1539 465 autem
1565 405 1602 466 et
1624 391 1743 468 Tinio—

251 515 350 586 theus
383 524 623 607 remanserunt
656 515 712 588 ihi.
766 507 792 551 ¹⁵
809 515 876 600 Qui
909 523 1023 586 autem
1058 513 1279 588 deducebant
1313 509 1480 600 Paulum,
1508 516 1745 608 perduxerunt

250 657 329 706 eum
357 655 468 727 usque
494 631 657 720 Athenas,
684 645 720 706 et
745 641 891 728 accepto
918 636 1080 707 mandato
1107 635 1151 707 ab
1179 655 1223 706 eo
1250 631 1297 704 ad
1327 630 1438 704 Silam
1465 646 1500 706 et
1517 636 1741 724 Timotheum,

249 765 287 826 ut
313 773 417 848 mrem
443 754 600 826 celeriter
624 755 780 826 venirent
806 753 854 828 ad
881 754 982 840 illum,
1009 755 1153 849 protecti
1179 763 1266 826 sunt.
1321 742 1352 788 ⁴⁶
1370 753 1494 828 Paulus
1521 767 1635 828 autem
1662 780 1740 830 curn

250 874 395 946 Athenis
421 895 485 946 eos
512 884 723 968 expectaret
750 875 957 946 incitabatur
973 876 1110 968 spiritus
1137 875 1211 948 eius
1237 872 1389 965 inipso,
1417 875 1541 946 videns
1558 877 1739 950 idolatriae

251 994 403 1067 deditam
432 993 614 1066 civitatem.
667 987 691 1028 ¹⁷
708 993 916 1090 Disputabat
941 995 1042 1088 igitur
1067 997 1102 1068 in
1127 1016 1311 1090 synagoga
1338 1017 1418 1066 cum
1450 995 1585 1096 ludaeis
1612 1008 1648 1068 et
1674 1019 1736 1068 co-

250 1116 406 1198 lentibus,
434 1122 469 1186 et
493 1112 528 1182 in
554 1113 630 1184 loro
650 1135 721 1217 per
747 1135 871 1186 omnes
898 1115 974 1186 dies
1001 1116 1047 1187 ad
1073 1138 1135 1189 eos
1161 1117 1220 1210 qui
1248 1116 1410 1190 aderant:
1461 1107 1487 1151 ⁴⁸
1504 1115 1643 1208 quidam
1671 1139 1736 1190 au-

250 1246 320 1306 tem
347 1233 504 1328 Epicurei
538 1242 573 1302 et
611 1233 715 1304 Stoici
740 1235 939 1328 philosophi
972 1234 1189 1310 disserebant
1215 1259 1294 1308 cum
1320 1257 1381 1321 ea,
1409 1245 1444 1306 et
1471 1235 1610 1327 quidam
1637 1238 1736 1310 dice-

250 1357 333 1426 bant
360 1355 451 1439 Quid
476 1353 549 1426 vult
566 1353 831 1428 seminiverbius
858 1355 913 1426 hic
931 1355 1074 1428 dicere?
1102 1357 1157 1430 alii
1173 1379 1261 1430 vero
1275 1358 1454 1428 Novorum
1472 1355 1734 1430 daemoniorum

250 1475 385 1550 videtur
419 1473 637 1546 adnuntiatur
662 1495 758 1560 esse;
793 1477 876 1568 qnia
900 1477 1013 1548 lesum
1039 1487 1074 1548 et
1100 1478 1390 1590 resipectionem
1417 1474 1640 1548 adnuntiabat
1666 1477 1733 1578 eis:

249 1587 275 1633 ⁴⁹
292 1605 327 1668 et
352 1595 609 1689 adprehensum
636 1615 714 1666 eum
742 1594 789 1670 ad
814 1595 1028 1689 Ariopagum
1045 1598 1227 1684 duxerunt,
1255 1598 1412 1670 dicentes
1439 1596 1627 1668 Possumus
1646 1597 1735 1668 scire

242 1709 343 1808 'quae
369 1725 424 1786 est
448 1715 537 1787 haec
562 1737 656 1786 nova
681 1737 772 1808 quae
800 1737 821 1788 a
849 1725 882 1788 te
909 1716 1031 1790 dicitur
1056 1718 1238 1790 doctrina?
1282 1709 1309 1754 ²⁰
1324 1717 1424 1790 Nova
1451 1717 1541 1789 enim
1560 1717 1734 1809 quaedam

251 1837 354 1908 infers
389 1836 527 1908 auribus
559 1835 703 1908 nostris:
743 1838 903 1909 volumus
937 1859 1023 1930 ergo
1063 1840 1153 1910 scire
1186 1837 1351 1932 quidnam
1383 1837 1488 1910 velint
1519 1837 1607 1910 haec
1642 1858 1732 1908 esse.

248 1947 515 2028 ”Athenienses
546 1957 787 2028 enimomnes
821 1967 856 2028 et
883 1957 1042 2031 advenae
1068 1959 1224 2054 hospites
1252 1955 1297 2028 ad
1324 1957 1405 2028 nihil
1438 1957 1531 2030 aliud
1563 1959 1734 2030 vacabant

249 2076 314 2147 nisi
340 2085 398 2148 aut
423 2076 540 2148 dicere
567 2087 625 2148 aut
652 2074 772 2146 andire
801 2076 930 2170 aliquid
955 2081 1058 2152 novi
1097 2073 1123 2118 ¹²
1140 2081 1242 2152 Stans
1268 2087 1384 2150 autem
1410 2077 1536 2150 Paulus
1563 2079 1597 2148 in
1615 2079 1732 2150 madio

249 2197 414 2290 Ariopagi
439 2197 486 2268 ait
510 2195 579 2267 Viri
604 2193 850 2282 Athenienses,
885 2219 951 2292 per
977 2201 1092 2272 omnia
1126 2201 1225 2294 quasi
1251 2198 1560 2292 superstitiosiores
1587 2219 1653 2270 vos
1681 2199 1731 2271 vi-

250 2317 337 2390 deo:
381 2308 636 2412 ”praeteriens
663 2315 752 2388 enim
780 2326 816 2388 et
843 2318 964 2391 videns
989 2321 1171 2392 simulacra
1196 2329 1313 2392 vestra
1338 2319 1453 2392 inveni
1479 2312 1594 2390 'aram
1611 2317 1646 2388 in
1664 2341 1732 2411 qua

249 2438 414 2532 scriptum
448 2446 524 2509 erat
557 2437 680 2528 Ignoto
715 2435 814 2508 deo.¹
849 2438 952 2524 Quod
986 2461 1072 2533 ergo
1098 2441 1298 2533 ignorantes
1324 2439 1448 2524 colus,
1475 2439 1543 2511 hoc
1570 2460 1638 2531 ego
1666 2437 1731 2510 ad-

248 2559 367 2631 nuntio
393 2559 504 2630 vobis.
555 2545 689 2628 ”Dens
716 2557 774 2649 qui
798 2557 880 2630 lecit
904 2559 1079 2632 mundum.
1098 2568 1134 2631 et
1159 2560 1274 2632 omnia
1300 2581 1390 2653 quae
1416 2560 1452 2630 in
1477 2580 1521 2630 eo
1549 2569 1641 2645 sunt,
1675 2559 1731 2630 hic

250 2679 337 2752 caeli
371 2687 406 2750 et
438 2687 554 2749 terrae
591 2697 670 2748 cnm
702 2677 746 2748 sit
780 2677 957 2765 dominus,
991 2701 1062 2752 non
1093 2681 1128 2752 in
1160 2681 1361 2752 manufactis
1387 2678 1523 2773 temphs
1548 2679 1729 2764 inhahitat,

249 2789 353 2869 ”uec
384 2798 541 2870 manibus
575 2796 733 2868 humanis
768 2797 888 2870 colitur
919 2801 1079 2893 indigens
1113 2801 1243 2894 aliquo,
1277 2823 1355 2872 cum
1381 2800 1457 2894 ipse
1483 2799 1544 2870 det
1570 2799 1730 2870 omnibns

249 2918 355 2990 vitam
381 2925 416 2988 et
440 2917 696 3012 inspirationem
723 2927 758 2988 et
784 2917 914 3002 omnia,
958 2911 985 2956 ’ὓ
1000 2919 1149 3011 lecitque
1176 2942 1223 2992 ex
1239 2929 1317 2993 'uno
1350 2923 1454 2992 omne
1480 2939 1590 3012 genus
1617 2919 1729 2990 homi-

249 3059 331 3110 num
357 3037 547 3109 inhabitare
575 3059 681 3130 super
705 3037 901 3110 universam
926 3039 1049 3110 laniem
1076 3047 1200 3126 terrae,
1228 3039 1395 3112 definiens
1423 3047 1547 3110 statuta
1570 3048 1729 3132 tempora

251 3167 288 3229 et
321 3155 486 3228 terminos
520 3157 741 3232 habitationis
775 3179 906 3243 eorum,
956 3153 982 3198 ²⁷
999 3179 1171 3252 quaerere
1203 3161 1324 3246 deum,
1359 3161 1389 3232 si
1421 3161 1510 3232 lorte
1536 3158 1728 3232 adtractcnt

251 3297 330 3348 enm
357 3285 416 3350 aut
441 3278 623 3364 inveniant
652 3277 809 3370 quamvis
834 3300 902 3350 non
926 3279 1031 3372 longe
1057 3277 1101 3350 sit
1126 3279 1171 3350 ab
1197 3287 1408 3373 unoquoque
1432 3289 1597 3352 nostnrm
1650 3273 1677 3318 ²⁸
1693 3280 1729 3350 ln

248 3398 329 3492 ipso¹
353 3397 445 3468 enim
470 3397 618 3470 vivimus
643 3409 678 3469 et
704 3419 886 3468 movemur
912 3408 948 3470 et
973 3418 1110 3484 sumum
1138 3399 1227 3470 sicut
1252 3409 1289 3472 et
1305 3399 1447 3493 quidam
1464 3407 1619 3470 vestrum
1638 3421 1727 3494 poe-

249 3529 359 3590 tarum
386 3518 547 3590 dixerunt
570 3519 682 3612 lpsius
709 3517 801 3589 enim
827 3527 862 3590 et
888 3539 998 3610 genus
1025 3541 1154 3592 sumus.
1205 3511 1232 3559 ¹⁹
1262 3521 1376 3593 Genus
1403 3541 1488 3614 argo
1516 3541 1594 3591 curn
1620 3519 1728 3592 simus

251 3639 318 3724 dei,
345 3660 416 3711 non
442 3640 613 3712 dehemus
639 3639 822 3710 assumere
848 3660 933 3710 auro
961 3649 1020 3712 aut
1045 3649 1187 3732 argento
1214 3651 1272 3712 aut
1297 3641 1418 3735 lapidi,
1446 3640 1641 3734 sculpturae
1668 3663 1727 3714 ar-

249 3759 292 3832 tis
318 3769 354 3832 et
386 3759 601 3852 cogitationis
635 3757 800 3844 hominis,
835 3759 987 3832 divinum
1014 3781 1095 3832 esse
1113 3761 1240 3834 simile.
1292 3753 1319 3800 ³⁰
1335 3761 1378 3832 Et
1403 3771 1561 3855 tempora
1587 3763 1727 3854 quidem

250 3879 349 3952 huius
381 3878 593 3973 ignorantiae
626 3879 820 3974 despiciens
855 3879 943 3952 deus
974 3901 1064 3952 nnnc
1098 3880 1274 3954 adnuntiat
1305 3881 1499 3954 hominihus
1530 3888 1569 3952 ut
1603 3900 1726 3954 omnes

251 3993 401 4096 ’ubique
427 3999 669 4092 paenitentiam
696 4009 816 4094 agant,
856 3991 879 4037 ³¹
899 4021 943 4072 eo
976 3999 1072 4093 quod
1098 4002 1213 4074 stattdt
1238 4001 1332 4074 diem
1362 4003 1398 4072 in
1424 4024 1492 4095 qua
1517 3999 1728 4074 iudicaturus

252 4128 307 4190 est
332 4119 515 4206 orbemiin
548 4119 738 4212 aequitate,
772 4119 906 4192 inviro
931 4120 966 4190 in
991 4141 1061 4212 quo
1087 4122 1210 4208 statuit,
1237 4120 1343 4194 fidem
1368 4122 1542 4216 praebens
1568 4121 1728 4194 omnihus

253 4239 422 4312 suscitans
449 4260 529 4312 eum
554 4259 575 4308 a
601 4241 755 4314 mortuis.
808 4232 935 4312 ³'Cum
962 4241 1139 4314 audissent
1171 4251 1285 4314 autem
1318 4242 1605 4314 resurrectionem
1631 4263 1726 4313 mor-

252 4370 402 4444 tuorum,
436 4357 577 4452 qnidam
608 4360 749 4453 quidem
774 4359 985 4446 inridebant,
1012 4361 1153 4454 quidam
1178 4383 1264 4434 vero
1290 4362 1452 4436 dixerunt
1477 4361 1728 4447 Andiemuate

237 4480 300 4554 'de
325 4481 394 4552 hoc
419 4480 552 4552 iterum.
604 4473 631 4519 ³³
647 4481 704 4552 Sic
729 4481 853 4552 Paulus
880 4479 987 4552 exivit
1012 4479 1058 4552 de
1083 4481 1200 4556 medio
1226 4481 1370 4554 illorum.
1422 4470 1449 4520 ³⁸
1467 4481 1615 4566 Quidam
1641 4505 1727 4556 vero

250 4600 315 4672 viri
340 4599 549 4696 adherentes
574 4600 607 4670 ei
633 4598 868 4685 crediderunt;
895 4601 929 4672 in
955 4601 1079 4694 qubus
1105 4612 1141 4674 et
1164 4599 1337 4674 Dionisius
1363 4601 1564 4696 Ariopagita
1589 4613 1624 4675 et
1650 4625 1726 4677 rnu-

250 4720 313 4792 lier
338 4721 477 4794 nomine
502 4719 659 4794 Damaris
685 4729 720 4791 et
746 4719 906 4792 aliicum
932 4721 992 4792 eis.

821 4839 915 4923 xvh,
946 4841 991 4910 ts
1018 4877 1069 4890 -·
1096 4839 1154 4910 3l.
