4220 6124
663 387 810 452 anavus
835 386 1041 450 srrsruulu
1067 385 1119 450 an
1147 384 1321 450 omarus
1550 365 1555 370 ’
1661 377 1736 456 297

328 593 422 664 XIIII.
448 593 501 664 De
527 591 607 684 lege
634 593 748 685 posita
774 589 893 684 quoad
920 612 1028 684 usqne
1057 589 1185 666 veniret
1214 611 1337 662 semen
1362 591 1652 684 repromissmnis.

354 713 422 784 XV.
450 713 502 782 De
530 711 698 804 scriptura
725 711 953 785 concludente
981 712 1097 784 omnia
1125 709 1190 781 sub
1217 719 1365 802 peccato
1393 719 1429 782 et
1458 709 1546 802 legis
1578 711 1736 784 custodia

436 840 486 910 'ut
511 830 696 924 promissio
723 829 864 902 daretur
890 831 1112 903 credentibus
1139 850 1185 900 ex
1211 827 1282 901 lide
1310 827 1441 902 domini
1466 830 1545 900 lesu
1572 829 1704 902 Christi.

338 949 421 1020 XVI.
446 951 499 1020 De
526 949 733 1042 aequalitate
760 949 913 1022 omnium
939 952 1091 1045 gentium
1118 948 1153 1018 in
1180 947 1324 1020 domino
1351 950 1484 1022 Christo
1513 947 1736 1037 credentium,

447 1067 636 1140 liberorum
663 1067 815 1168 omniurn
843 1063 967 1162 ’atque
995 1086 1187 1138 servorum.

321 1187 418 1260 XVII.
443 1188 495 1259 De
523 1188 744 1260 credentibus
770 1187 945 1273 omnibus,
974 1185 1070 1280 quod
1096 1208 1201 1258 unum
1228 1207 1351 1260 semen
1380 1187 1445 1258 sint
1471 1185 1643 1260 Abrahae.

309 1307 418 1378 XVIII.
445 1307 497 1378 De
524 1307 784 1402 comparatione
812 1307 954 1380 heredis
979 1305 1123 1377 infantie.

335 1427 418 1498 XIX.
444 1427 498 1498 Dc
523 1427 659 1500 ludaeis
686 1425 907 1498 credentibus
934 1425 1000 1498 sub
1028 1425 1208 1498 elementis
1234 1425 1355 1498 mundi
1383 1425 1524 1497 servitio
1543 1430 1737 1502 constrictis

448 1546 565 1618 donec
597 1547 759 1618 dominus
791 1547 901 1618 lactus
934 1567 981 1616 ex
1013 1545 1140 1618 femina
1173 1557 1277 1638 alque
1315 1545 1381 1616 sub
1415 1545 1494 1636 lege
1521 1559 1667 1640 epatre
1702 1552 1736 1621 in

449 1667 626 1738 saeculum
652 1665 852 1737 mitteretur.

347 1785 419 1856 XX.
445 1785 500 1856 De
526 1785 749 1858 credentibus
774 1785 809 1854 in
836 1781 1023 1868 domiuum,
1051 1785 1147 1877 quod
1172 1806 1242 1858 non
1269 1785 1338 1855 sint
1363 1785 1432 1856 iam
1459 1787 1551 1858 servi
1577 1785 1737 1860 sedfilii:

448 1913 484 1974 et
517 1903 613 1996 quod
645 1905 704 1996 qui
737 1901 928 1974 secundino
962 1904 1078 1996 legem
1112 1905 1239 1976 veteris
1270 1904 1469 1974 testamenti
1501 1907 1573 1978 vult
1604 1909 1733 1994 viuere,

447 2024 625 2096 elementis
652 2023 771 2096 mundi
798 2031 894 2116 optat
920 2023 1036 2116 potius
1063 2023 1195 2096 servire
1222 2044 1327 2116 quam
1355 2021 1435 2094 deo.

176 2235 187 2250 ἱ
333 2143 417 2215 11111.
444 2143 498 2214 De
523 2141 594 2215 lide
621 2143 656 2212 in
682 2142 836 2216 adventu
863 2143 1011 2234 apostoli
1038 2155 1073 2214 et
1104 2143 1300 2215 reverentia
1326 2139 1533 2214 Galatarum.

320 2263 420 2334 XXII.
446 2263 499 2334 lle
525 2261 768 2334 seductoribus
796 2261 1003 2334 Galatarum.

307 2383 419 2454 XXIII.
445 2381 498 2452 De
525 2381 664 2453 duobus
689 2381 765 2454 filiis
781 2379 946 2452 Abrahae
972 2389 1007 2454 et
1032 2381 1246 2452 testamentis
1273 2377 1422 2466 duobus,
1450 2391 1485 2454 ct
1504 2395 1623 2456 monte
1641 2385 1731 2472 Sina,

445 2509 481 2572 et
505 2500 720 2573 lIiemsalem
746 2501 901 2573 terrestri
926 2509 1032 2594 atque
1059 2499 1210 2572 caelesti.

291 2621 417 2694 XXIIII.
443 2622 498 2692 De
524 2619 850 2694 circumcidentibus
877 2641 926 2705 se,
954 2621 1051 2714 quod
1077 2621 1174 2692 lesus
1202 2619 1355 2692 Christus
1381 2621 1432 2691 eis
1459 2621 1540 2692 nihil
1565 2623 1732 2716 proderit.

446 2741 513 2814 sed
538 2740 716 2814 debitores
744 2741 811 2812 sint
836 2740 941 2812 totius
967 2741 1056 2834 legIs
1082 2737 1274 2812 sumendae.

318 2860 419 2932 XXV.
446 2859 499 2932 De
532 2859 793 2932 circumcisIone
819 2869 855 2930 et
880 2859 1079 2954 praeputio,
1115 2859 1210 2953 quod
1236 2858 1318 2930 nihil
1344 2860 1426 2944 sint,
1459 2861 1525 2932 nisi
1551 2860 1644 2934 fides
1668 2885 1734 2958 per

446 2977 666 3050 dilectionem
692 2987 847 3072 operata.

299 3097 414 3168 XXVI.
441 3098 494 3167 De
520 3117 625 3168 cursu
654 3095 766 3190 primo
800 3093 881 3166 fidei
912 3097 1080 3192 impedito
1108 3099 1322 3182 Galatarum,
1357 3105 1392 3168 et
1424 3096 1470 3169 de
1505 3097 1732 3172 damnatIone

446 3216 538 3286 male
564 3215 780 3286 suadentium
808 3237 851 3286 ac
877 3216 1111 3289 seductorum.

279 3335 416 3408 XXVII.
443 3335 495 3405 lle
522 3333 781 3404 circrmcIsione
808 3343 845 3404 et
870 3336 983 3407 crucis
1009 3333 1185 3408 scandalo.

270 3455 413 3528 XXVIII.
439 3454 492 3524 De
525 3451 723 3546 impletione
756 3453 843 3546 legis
875 3455 910 3526 ln
942 3453 1093 3549 proximi
1127 3453 1312 3527 dilectione
1339 3463 1374 3526 et
1399 3454 1554 3548 periculo
1580 3447 1729 3530 'laboris

445 3583 550 3664 atque
576 3571 779 3642 certaminis.

296 3693 415 3768 XXIX.
441 3692 494 3762 lle
519 3691 739 3764 contentione
765 3691 879 3763 carnis
905 3702 942 3764 et
967 3687 1133 3788 'spiritus

309 3811 414 3886 XXX.
440 3812 493 3882 De
520 3821 721 3906 contemptu
746 3811 856 3883 lnanIs
882 3812 1014 3904 gloriae
1041 3835 1084 3884 ac
1109 3812 1313 3907 praesentis.

295 3935 412 4006 XXXI.
439 3933 492 4004 De
526 3931 776 4004 sustentatione
811 3939 928 4004 mutua
962 3934 1051 4005 inter
1082 3933 1224 4016 fratres,
1257 3941 1292 4002 et
1319 3931 1365 4004 de
1391 3931 1525 4004 honore
1552 3935 1730 4006 communi

443 4053 500 4124 vel
526 4072 678 4148 proprio.
1590 4127 1596 4139 ,

280 4175 411 4246 XXXII.
437 4173 490 4244 De
516 4169 731 4244 humanitate
755 4170 959 4244 discentium
987 4173 1134 4244 verbum
1161 4169 1291 4244 domini
1319 4193 1404 4264 erga
1431 4171 1610 4244 doctores.

266 4292 411 4362 XXXIII.
438 4291 490 4362 De
516 4293 744 4363 seminatione
770 4292 956 4362 carnalium
983 4293 1041 4364 vel
1067 4290 1278 4384 spiritalium.
1503 4296 1507 4304 '

257 4409 416 4480 XXXIIII.
441 4410 493 4480 De
507 4409 699 4482 elemosina
711 4409 872 4484 iacienda
884 4411 919 4481 in
933 4411 1094 4483 omnibus
1107 4411 1173 4484 sed
1185 4410 1337 4483 maxirne
1350 4408 1397 4482 ad
1408 4407 1622 4482 domesticos
1634 4407 1725 4480 fidei.

279 4528 412 4598 XXXV.
438 4528 492 4598 De
526 4528 737 4600 circumcisis
771 4550 842 4599 non
877 4531 1097 4602 servantibus
1131 4532 1268 4623 legem,
1303 4541 1339 4600 et
1373 4529 1534 4622 apostolo
1561 4528 1594 4600 in
1621 4549 1725 4600 cruce

441 4645 573 4718 domini
598 4647 779 4738 gloriante.

260 4767 406 4838 XXXVI.
432 4767 485 4838 De
511 4765 772 4838 circumcIsione
798 4776 834 4836 et
859 4767 1042 4860 praeputio
1069 4765 1166 4859 quod
1191 4767 1274 4838 nihil
1299 4767 1379 4850 siut,
1412 4763 1478 4838 sed
1503 4785 1596 4838 nova
1622 4785 1723 4838 crea-

439 4896 516 4958 tura
543 4905 668 4979 pacem
694 4885 823 4956 habeat
848 4884 1104 4978 sempiternam.

252 5003 410 5076 XXXVII.
437 5007 488 5076 De
516 5006 675 5098 apostolo
701 5005 736 5074 in
762 5023 913 5096 corpore
940 5024 1004 5075 suo
1030 5006 1193 5096 stigmata
1219 5005 1349 5078 domini
1373 5005 1452 5078 lesu
1472 5005 1599 5078 Christi
1620 4999 1724 5098 ‘por-

438 5134 576 5196 tantem
1147 5183 1150 5188 .
1554 5109 1558 5120 '

757 5220 984 5286 EXPLICIUNT
1006 5221 1202 5288 cellmua.

1368 5367 1415 5436 38
