4242 6118
355 365 429 434 I30
788 361 1030 429 uvnuouttou
1057 364 1259 428 SECUNDUM
1284 362 1410 428 tuctu

282 579 285 584 '
354 571 412 642 bic
447 579 523 642 erat
557 570 800 656 Samaritanus.
854 561 879 605 ¹⁷
896 568 1127 662 Respondeas
1161 583 1276 644 autem
1310 570 1408 642 lesus
1448 567 1535 640 dixit
1566 568 1688 640 Nonne
1722 567 1846 640 decem

356 690 511 763 mundati
538 690 641 760 sunt?
675 697 712 760 et
736 708 864 760 novem
900 687 959 762 ubi
987 691 1088 760 sunt?
1140 683 1166 728 ¹⁸
1179 691 1255 764 Non
1291 699 1346 762 est
1379 691 1538 761 inventus
1573 688 1632 781 qui
1658 688 1788 760 rediret
1814 699 1848 760 et

358 809 459 882 daret
490 809 636 902 gloriam
673 807 743 880 deo
778 806 841 878 uisi
876 809 931 880 bic
965 808 1185 902 alienigena?
1236 801 1263 848 ¹⁹
1278 808 1321 880 Et
1348 810 1395 880 ait
1428 809 1474 880 illi
1498 809 1612 902 Surge
1637 809 1739 894 vade,
1767 809 1847 902 quia

357 929 448 1003 tides
474 939 533 1001 tua
559 937 593 999 te
620 928 754 1000 salvum
782 928 871 998 lecit
910 919 937 966 '⁰
953 919 1045 971 ω’)
1058 930 1292 1023 Interrogatus
1318 937 1434 1001 autem
1454 949 1475 1000 a
1492 927 1688 1000 Pharisaeis
1707 928 1848 1022 plaudo

358 1051 450 1122 veuit
476 1067 621 1140 regnum
648 1047 715 1132 dei,
743 1046 926 1143 respondit
952 1047 1002 1118 eis
1029 1059 1064 1120 et
1090 1048 1177 1122 dixit
1202 1049 1279 1121 Nou
1306 1051 1402 1120 venit
1427 1069 1573 1141 regnum
1600 1047 1658 1120 dei
1684 1070 1763 1122 cum
1781 1049 1848 1120 ob·
1904 1099 1909 1108 -

292 1220 294 1228 ,
357 1168 571 1252 servatione,
613 1159 638 1206 ²¹
658 1188 773 1260 neque
800 1167 916 1238 dicent
941 1165 1032 1240 Ecce
1058 1169 1129 1254 hic,
1158 1180 1217 1242 aut
1242 1190 1328 1240 ecce
1360 1168 1441 1240 illic:
1475 1188 1559 1239 ecce
1586 1169 1676 1240 enim
1703 1189 1849 1260 reguum

358 1288 415 1360 dei
449 1289 537 1358 intra
570 1306 636 1358 vos
676 1297 739 1359 est.
791 1278 932 1330 ”ml
950 1287 992 1358 Et
1026 1289 1072 1359 ait
1107 1287 1152 1360 ad
1187 1288 1376 1382 discipulos
1409 1288 1554 1360 Venient
1595 1287 1672 1360 dies
1707 1286 1848 1381 quando

358 1407 567 1480 desideretis
593 1406 716 1479 videre
743 1428 847 1480 unum
875 1405 967 1478 diem
995 1405 1052 1478 filii
1080 1405 1245 1492 hominis,
1282 1417 1316 1478 et
1342 1428 1412 1480 uon
1439 1405 1611 1481 videbitis.
1661 1395 1790 1458 ”wi
1807 1407 1850 1476 Et

220 1531 223 1539 '
358 1528 474 1600 dicent
499 1526 602 1600 vobis
628 1527 718 1598 Ecce
737 1526 809 1612 bic,
838 1547 923 1598 ecce
940 1525 1023 1596 illic:
1052 1527 1159 1598 nolite
1176 1527 1236 1612 ire,
1262 1545 1379 1619 neque
1397 1527 1587 1600 sectemini.
1612 1517 1639 1565 ¹*
1655 1519 1742 1572 m)
1759 1525 1849 1598 Nam

357 1648 446 1718 sicut
472 1647 585 1740 fulgor
611 1665 797 1718 coruscans
824 1646 871 1719 de
897 1645 963 1717 sub
990 1643 1090 1716 caelo
1124 1647 1157 1716 in
1189 1666 1232 1717 ea
1266 1665 1357 1738 quae
1390 1647 1456 1718 sub
1490 1647 1589 1720 caelo
1622 1656 1700 1718 suut
1731 1646 1848 1739 irriget,

357 1768 405 1839 ita
432 1767 497 1838 erit
522 1764 611 1838 filius
641 1765 790 1840 bominis
823 1767 858 1837 in
892 1765 949 1838 die
984 1785 1062 1836 sun.
1108 1756 1238 1810 ”Im
1256 1764 1406 1838 Primum
1440 1777 1556 1840 autem
1591 1774 1732 1860 oportet
1756 1765 1849 1836 illum

357 1886 463 1958 multa
489 1885 561 1979 pati
597 1895 632 1956 et
664 1885 847 1980 reprobari
880 1905 901 1956 a
933 1884 1159 1978 generatione
1185 1885 1261 1956 hac.
1311 1875 1439 1932 ”ml
1455 1887 1499 1958 Et
1530 1887 1619 1958 sicut
1644 1887 1770 1958 lactum
1797 1893 1851 1956 est

271 2047 273 2052 -
359 2006 393 2076 iu
420 2003 545 2076 dicbus
571 2005 664 2090 Noe,
692 2005 739 2076 ita
774 2005 839 2075 erit
864 2013 899 2074 et
926 2005 961 2074 in
986 1997 1135 2076 ’diebus
1161 2002 1218 2074 filii
1244 2003 1411 2076 bomInis:
1461 1999 1658 2078 ”edebant
1687 2014 1724 2076 et
1747 2004 1850 2076 bibe-

357 2125 451 2210 bant,
478 2143 610 2195 uxores
637 2122 811 2195 ducebant
837 2133 873 2193 et
899 2122 1070 2195 dabantur
1097 2121 1143 2194 ad
1168 2123 1314 2216 nuptias,
1342 2126 1506 2218 usquein
1531 2124 1624 2196 diem
1652 2147 1721 2218 qua
1743 2125 1850 2196 iutra-

359 2243 409 2314 vit
434 2243 511 2314 Noe
537 2243 571 2313 iu
598 2263 725 2328 arcam,
754 2252 789 2314 et
813 2243 909 2313 venit
934 2241 1098 2313 diluvium
1126 2251 1161 2314 et
1185 2244 1338 2336 perdidit
1363 2264 1497 2316 omnes.
1537 2234 1678 2292 ”wll
1692 2243 1851 2316 Similiter

360 2364 448 2434 sicut
474 2363 599 2434 lactum
627 2371 680 2433 est
707 2363 741 2434 iu
767 2361 893 2433 diebus
920 2360 1024 2432 Loth:
1053 2361 1206 2434 edebant
1232 2372 1267 2434 et
1293 2362 1478 2448 bibebant,
1512 2363 1676 2434 emebant
1703 2373 1738 2435 et
1763 2383 1850 2434 ven-

361 2481 502 2566 debant,
528 2479 731 2575 plcutabant
757 2491 793 2554 et
819 2479 1065 2554 aedificabant:
1107 2472 1135 2518 ²⁹
1152 2503 1221 2576 qua
1254 2481 1313 2554 dle
1346 2493 1464 2555 autom
1498 2483 1583 2554 exiit
1614 2481 1704 2555 Loth
1736 2503 1756 2553 a
1783 2483 1850 2554 So-

361 2601 485 2686 domis,
512 2601 598 2693 plnit
623 2600 741 2692 iguem
768 2610 805 2672 et
829 2599 972 2692 sulpbur
997 2599 1044 2672 de
1071 2599 1169 2672 caelo
1197 2609 1232 2672 et
1259 2622 1382 2673 omnes
1408 2600 1568 2696 perdidit
1613 2593 1641 2640 ³⁰
1654 2601 1852 2676 Secundum

361 2720 451 2792 baec
477 2719 542 2791 erit
568 2717 723 2812 quadie
749 2717 837 2790 filius
862 2717 1011 2790 hominis
1037 2719 1256 2792 revelabitur.
1303 2714 1328 2760 ³⁴
1343 2711 1432 2768 Μ
1449 2721 1486 2793 ln
1511 2723 1568 2794 illa
1594 2723 1681 2794 hora
1698 2722 1758 2816 qui
1775 2722 1851 2794 Iue-

361 2841 405 2914 rit
430 2842 465 2912 in
490 2848 584 2912 tecto
619 2849 654 2910 et
686 2859 775 2910 vasa
809 2836 883 2910 eius
912 2837 949 2908 in
975 2837 1100 2924 domo,
1126 2859 1172 2910 ne
1199 2838 1391 2913 descendat
1423 2843 1546 2914 tollere
1571 2842 1646 2930 illa,
1673 2852 1709 2914 et
1734 2843 1793 2936 qui
1818 2842 1854 2912 in

363 2981 450 3053 agro
486 2959 639 3030 similiter
674 2979 745 3030 nou
778 2956 900 3030 redeat
936 2966 1041 3030 retro.
1092 2949 1421 3050 ³¹‘¹¹⁰·¹⁰·‘llle‚rnores
1454 2971 1568 3052 estote
1600 2961 1722 3035 uxoris
1755 2961 1852 3034 Loth.

363 3071 493 3128 mm)
513 3079 729 3171 Qtaicnmquc
755 3076 942 3170 quaesierit
968 3071 1118 3148 animam
1145 3098 1244 3150 suam
1271 3081 1404 3152 salvam
1430 3081 1564 3166 lacere,
1599 3081 1726 3175 perdet
1751 3081 1853 3166 illam,

363 3199 633 3292 etquicunque
666 3195 858 3290 perdiderit
890 3197 998 3282 illam,
1032 3192 1220 3268 vivificabit
1251 3219 1340 3272 eam.
1392 3191 1419 3238 ³⁸
1432 3191 1522 3248 (Μ)
1537 3201 1625 3274 Dino
1651 3201 1770 3287 vobis,
1798 3200 1854 3271 illa

363 3327 466 3390 noete
493 3325 594 3388 eruut
610 3315 683 3390 duo
708 3316 742 3386 in
760 3323 852 3389 tecto
871 3335 951 3402 ano,
978 3336 1066 3388 unus
1084 3327 1280 3390 assumetur
1306 3329 1342 3391 ct
1358 3321 1445 3392 alter
1470 3320 1696 3414 relinquetur:
1722 3312 1855 3392 &duae

366 3448 466 3512 erum
499 3437 669 3508 molentes
702 3436 738 3508 in
771 3455 890 3520 unum,
927 3457 996 3507 una
1030 3446 1227 3512 assumetur
1260 3449 1295 3510 et
1328 3439 1435 3512 altera
1461 3439 1688 3533 relinquetur:
1723 3439 1794 3514 duo
1820 3439 1855 3510 iu

354 3531 462 3650 agro,
488 3577 577 3628 unus
604 3563 802 3627 assumetur
838 3564 874 3626 et
907 3555 993 3626 alter
1025 3557 1245 3650 relinquetur.
1298 3549 1427 3604 ³⁰⁴⁸&
1440 3559 1705 3653 despondentes
1738 3557 1857 3631 dicunt

364 3677 410 3747 illi
437 3675 512 3762 Ubi,
539 3674 708 3747 domine‘l
752 3665 779 3710 θ’
797 3674 863 3760 Qui
890 3672 978 3745 dixit
1003 3675 1055 3747 eis
1080 3675 1295 3770 Ubicumque
1320 3677 1421 3752 luerit
1447 3699 1583 3774 corpus,
1609 3679 1689 3754 illuc
1706 3697 1854 3773 cougre-

366 3795 539 3888 gabuutur
564 3793 709 3888 aquilae

1056 4067 1166 4148 XVIII.

301 4353 307 4365 ‚
446 4262 575 4317 ’Μ
592 4270 738 4342 Dicebat
770 4279 885 4342 autem
913 4279 949 4341 ct
973 4273 1178 4365 parabolam
1211 4273 1259 4346 ad
1283 4275 1378 4360 illos,
1405 4275 1569 4368 quoniam
1596 4285 1734 4370 oportet
1760 4295 1856 4348 sem-

368 4411 433 4486 per
459 4409 563 4463 orare
588 4400 624 4462 et
648 4411 720 4463 non
745 4389 914 4474 delicere,
957 4381 1110 4464 ¹dlcens
1135 4392 1246 4466 ludex
1271 4393 1414 4486 qnidam
1439 4403 1516 4465 erat
1539 4395 1574 4466 in
1600 4397 1752 4489 quadam
1770 4397 1856 4468 civi-

369 4519 449 4595 tate,
476 4510 535 4604 qni
562 4507 666 4582 deum
693 4529 764 4582 non
790 4508 933 4582 timebat
960 4520 996 4582 et
1021 4511 1198 4584 bominem
1223 4533 1294 4586 nou
1311 4511 1547 4586 reverebatur.
1587 4504 1724 4587 ³llidua
1741 4525 1856 4588 autem

369 4629 544 4722 quaedam
570 4639 646 4700 erat
671 4630 706 4700 in
732 4629 871 4701 civitate
896 4629 963 4713 illa,
990 4638 1026 4701 et
1051 4629 1214 4704 veniebat
1240 4631 1286 4704 ad
1313 4653 1393 4704 eum
1420 4631 1540 4704 dicens
1565 4633 1710 4707 Vindice
1736 4655 1793 4706 me
1812 4633 1859 4706 de

370 4748 574 4822 adversario
607 4767 699 4822 meo.
750 4736 824 4819 ‘Et
855 4748 999 4820 nolebat
1030 4769 1095 4844 per
1129 4751 1273 4824 multum
1303 4760 1450 4845 tempus.
1503 4751 1588 4826 Post
1619 4753 1709 4827 baec
1741 4761 1859 4825 nntmu

370 4867 460 4940 dixit
483 4869 572 4942 intra
597 4887 639 4941 se
663 4867 736 4942 Etsi
762 4867 867 4942 deum
893 4887 964 4941 nou
989 4867 1096 4941 timeo
1113 4889 1180 4941 nec
1197 4869 1373 4942 bominem
1390 4891 1573 4958 revereor,
1609 4865 1752 4944 “tamen
1778 4872 1859 4966 quia
1891 4903 1895 4910 ·

369 4987 517 5060 molesta
543 4998 600 5060 est
622 4989 705 5062 milri
732 4987 820 5062 baec
844 4987 961 5072 vidua,
988 4987 1176 5062 v'utdicabo
1200 4989 1311 5078 illam,
1346 5009 1392 5062 ue
1424 4991 1459 5062 in
1490 4991 1681 5066 novissImo
1713 4992 1859 5064 veniens

370 5107 531 5200 suggillet
555 5125 623 5180 me.
674 5100 758 5180 “Ait
784 5117 900 5182 antem
934 5106 1097 5182 dominus
1121 5105 1249 5182 Audita
1282 5109 1367 5204 quid
1400 5109 1508 5184 iudex
1541 5111 1726 5206 iniquitatis
1758 5109 1856 5184 dIcit:

892 5225 988 5312 XIIII,
1019 5222 1066 5302 tt
1096 5265 1142 5282 -
1168 5227 1277 5317 xvut,
1306 5231 1341 5302 6.
