4242 6118
382 477 430 546 oe
479 525 484 538 .
792 473 1030 540 nvanomnru
1057 475 1257 540 sacunnuu
1283 473 1437 538 rancun
1566 425 1568 430 ’

382 681 627 777 propositionis
653 679 883 764 manducavit,
910 700 998 771 quos
1023 701 1092 751 non
1118 681 1196 752 licet
1221 681 1433 753 manducare
1458 679 1521 751 nisi
1546 679 1798 766 sacerdotibus,
1825 692 1860 752 et

384 802 480 875 dedit
504 803 555 873 eis
589 800 646 892 qui
682 823 759 872 cum
792 821 835 870 eo
863 801 985 870 erant?
1037 792 1152 848 Μή)
1169 803 1213 874 Ει
1242 801 1381 874 dicebat
1414 800 1464 873 eis
1501 801 1691 872 Sabbatum
1718 811 1861 895 propter

383 922 556 994 hominem
582 922 707 992 sactum
734 930 803 1006 est,
830 929 865 990 et
890 941 960 990 non
990 919 1096 992 homo
1129 932 1272 1018 propter
1303 922 1503 994 sabbatum:
1550 913 1578 960 ²⁸
1594 922 1711 1014 itaque
1745 921 1859 992 domi-

383 1067 447 1114 nus
473 1052 526 1114 est
551 1039 637 1112 lilius
663 1039 809 1112 bominis
836 1041 939 1112 etiam
965 1041 1111 1114 sabbati.

1099 1317 1148 1389 Ill.

459 1515 527 1592 *Et
552 1521 679 1592 introiit
703 1521 828 1592 iterum
855 1543 1079 1620 synagogam,
1108 1533 1144 1594 et
1169 1515 1245 1595 er'at
1269 1523 1317 1594 ihi
1343 1524 1448 1595 homo
1473 1523 1608 1596 hahens
1625 1544 1762 1595 manum
1787 1525 1856 1594 ari-

385 1641 481 1713 dam:
537 1634 604 1712 'et
636 1642 870 1714 observabant
903 1665 983 1713 eum
1017 1641 1045 1712 si
1085 1643 1242 1715 sabbatis
1275 1653 1425 1730 curaret,
1460 1653 1497 1716 ut
1529 1653 1730 1716 accusarent
1754 1645 1855 1716 illum.

383 1755 452 1834 3Ει
477 1762 524 1834 ait
547 1761 675 1833 homini
701 1762 842 1833 habenti
867 1783 1007 1832 manum
1033 1761 1167 1834 aridam
1193 1765 1303 1855 Surge
1330 1763 1365 1834 in
1390 1765 1552 1836 medium.
1604 1755 1672 1835 ‘Et
1699 1764 1780 1836 dicit
1805 1765 1857 1836 eis

386 1883 480 1954 Licet
505 1881 658 1954 sabbatis
684 1883 776 1953 bene
802 1884 919 1954 lacere
946 1903 991 1953 an
1016 1881 1134 1952 mule?
1161 1882 1309 1953 minam
1327 1884 1459 1956 salvam
1486 1887 1603 1956 lacere
1621 1907 1665 1956 an
1681 1884 1856 1977 perderet

385 2003 430 2074 Αι
455 2001 500 2072 illi
525 2003 694 2074 tacebant.
728 1995 797 2072 ὅΕι
823 2001 1098 2095 circumspiciens
1125 2023 1189 2074 eos
1215 2025 1294 2073 cum
1320 2003 1380 2089 ira,
1408 2004 1626 2076 contristatus
1652 2025 1757 2097 super
1775 2024 1878 2074 cae-·

386 2123 488 2194 citato
515 2122 630 2194 cordis
657 2143 787 2207 eorum,
815 2121 895 2193 dicit
920 2121 1048 2192 homini
1072 2122 1232 2194 Extende
1258 2145 1397 2194 manum
1423 2135 1525 2196 tuam
1566 2125 1610 2195 Et
1634 2122 1796 2207 extendit,
1823 2131 1858 2193 et

386 2241 540 2314 restituta
566 2251 621 2312 est
646 2264 768 2313 manus
795 2242 850 2312 illi.
893 2231 995 2286 ml
1012 2242 1189 2314 Exeuntes
1215 2221 1330 2315 autem
1357 2245 1470 2315 statim
1497 2244 1672 2315 Pharisaei
1690 2265 1768 2314 cum
1785 2243 1856 2314 lle·

386 2361 538 2435 rodianis
572 2361 750 2433 consilium
785 2361 957 2434 faciehant
991 2363 1160 2436 adversus
1193 2386 1291 2448 eum,
1333 2364 1511 2457 quomodo
1545 2386 1626 2435 eum
1658 2363 1855 2456 perderent.

385 2477 457 2555 ἾΕι
481 2484 577 2554 lesus
603 2504 682 2552 cum
709 2481 885 2576 discipulis
911 2482 983 2553 suis
1009 2485 1156 2556 secessit
1183 2485 1228 2556 ad
1254 2505 1367 2570 mare,
1418 2477 1494 2530 ‘m’
1512 2497 1548 2555 et
1577 2483 1684 2554 multa
1710 2484 1809 2554 huba
1836 2504 1856 2554 a

386 2604 536 2676 Galilaea
568 2611 603 2673 et
636 2602 763 2674 ludaea
798 2609 917 2673 secuta
950 2612 1005 2674 est
1037 2625 1134 2675 eum:
1183 2598 1259 2676 ⁸ab
1286 2603 1534 2698 Hierosolymis
1561 2613 1597 2674 et
1623 2603 1666 2673 ab
1692 2603 1856 2674 Idumaea

385 2733 435 2796 et¹
453 2735 547 2794 trans
577 2721 764 2808 Iordanen,
799 2731 834 2793 et
868 2723 925 2815 qui
956 2723 1046 2794 circa
1078 2725 1205 2818 Tyrum
1238 2733 1273 2794 et
1306 2725 1486 2809 Sidonem,
1514 2723 1692 2794 multitudo
1719 2743 1855 2816 magna,

386 2844 565 2916 audientes
599 2865 689 2935 quae
716 2843 864 2914 faciebat
888 2857 1057 2914 venerunt
1082 2844 1128 2915 ad
1155 2865 1244 2916 eum.
1296 2837 1365 2915 9Ει
1397 2845 1483 2916 dixit
1517 2843 1692 2936 discipulis
1724 2843 1796 2914 suis
1820 2853 1857 2913 ut

384 2963 541 3036 navicula
565 2963 631 3034 sibi
657 2963 852 3036 deserviret
877 2973 1022 3057 propter
1047 2964 1192 3050 turham,
1218 2985 1264 3034 ne
1291 2965 1560 3058 comprimerent
1586 2985 1680 3034 eum:
1724 2955 1751 3000 ⁴⁰
1766 2963 1855 3034 mul-

314 3065 323 3076 ’
385 3094 441 3156 tos
467 3083 559 3156 enlm
585 3084 745 3168 sanabat,
772 3083 819 3154 ita
844 3091 881 3154 ut
906 3083 1081 3154 inruerent
1114 3083 1147 3153 in
1175 3105 1256 3154 eum
1281 3092 1318 3154 ut
1343 3083 1436 3156 illum
1466 3093 1662 3177 tangerent:
1689 3093 1857 3175 quotrprot

385 3214 502 3276 autem
527 3203 709 3276 habebant
726 3205 858 3296 plagas,
901 3195 923 3240 ¹¹
944 3213 981 3274 et
1006 3202 1143 3297 spiritus
1168 3202 1319 3274 inmundi
1348 3225 1425 3274 eum
1450 3204 1543 3275 illum
1568 3201 1744 3288 videbant,
1771 3223 1855 3297 pro-

385 3325 548 3396 cidebant
573 3324 605 3394 ei
649 3315 727 3370 ‘m‘
745 3333 780 3393 et
812 3325 1007 3396 clamabant
1039 3323 1195 3394 dicentes
1244 3314 1271 3360 ⁴²
1288 3323 1339 3394 Tu
1372 3345 1413 3396 es
1446 3322 1533 3394 tilius
1560 3323 1627 3394 dei.
1677 3323 1720 3394 llt
1744 3323 1855 3395 vehe-

384 3454 519 3516 menter
554 3442 826 3514 comminabatur
843 3429 912 3515 ¹eis
943 3466 988 3516 ne
1020 3443 1277 3516 manifestarent
1308 3444 1411 3515 illum.
1464 3435 1578 3488 ΜΗ)
1596 3443 1637 3516 Ει
1662 3443 1856 3516 ascendens

384 3566 419 3636 in
445 3573 597 3636 montem
622 3563 760 3636 vocavit
785 3564 831 3636 ad
857 3587 896 3636 se
924 3585 1012 3658 quos
1037 3565 1146 3636 voluit
1177 3564 1269 3656 ipse,
1296 3573 1332 3636 et
1365 3573 1535 3635 venerunt
1561 3564 1606 3635 ad
1633 3585 1722 3635 eum.
1773 3552 1800 3602 ¹⁵
1816 3565 1857 3634 llt

384 3685 463 3756 lecit
489 3694 527 3756 ut
552 3693 670 3756 essent
696 3682 881 3756 duodecim
908 3706 985 3762 cum
1011 3685 1078 3770 illo,
1106 3694 1142 3756 et
1169 3694 1204 3756 ut
1236 3684 1388 3756 mitteret
1418 3706 1483 3755 eos
1517 3685 1721 3777 praedicare
1747 3706 1856 3756 evan-

386 3805 531 3898 gelium:
573 3795 599 3840 ⁴5
617 3813 653 3875 et
677 3803 776 3875 dedit
800 3805 864 3876 illis
888 3814 1097 3898 potestatem
1124 3805 1264 3878 curandi
1288 3805 1503 3876 infirmitates
1536 3814 1571 3875 et
1596 3805 1742 3878 eiciendi
1769 3803 1856 3876 dae-

385 3923 511 3995 monia.
553 3914 666 3972 ⁴⁶l³⁰³l
684 3923 726 3994 Et
751 3925 912 4020 imposuit
935 3926 1064 3998 Simoni
1085 3947 1212 3998 nomen
1230 3925 1361 4008 Petrus,
1405 3917 1432 3960 ¹⁷
1449 3933 1485 3994 et
1501 3923 1663 3996 lacohum
1680 3924 1857 3996 Zebedaei

387 4054 422 4115 et
454 4042 642 4114 lohannem
674 4045 813 4117 fratrem
843 4043 976 4131 lacobi,
1008 4055 1045 4117 et
1076 4045 1239 4141 imposuit
1272 4044 1325 4116 eis
1358 4044 1498 4114 nomina
1523 4041 1734 4134 boanerges,
1762 4044 1857 4135 quod

387 4173 441 4236 est
467 4162 524 4234 lilii
550 4164 695 4249 tonitrui,
738 4156 765 4202 ¹⁸
781 4175 817 4236 et
841 4165 1017 4238 Andream
1043 4176 1080 4238 et
1103 4166 1295 4260 Philippum
1323 4173 1358 4235 et
1383 4162 1665 4234 Bartholomeum
1700 4171 1736 4234 et
1767 4163 1855 4236 tlat-

387 4287 504 4358 theum
530 4294 565 4356 ct
591 4284 758 4356 Thomam
785 4295 820 4356 et
844 4286 1006 4357 Iacobum
1032 4285 1156 4380 Alphei
1188 4295 1224 4357 et
1249 4283 1453 4359 Taddaeum
1479 4292 1515 4354 et
1541 4281 1715 4354 Simonem
1744 4282 1856 4356 Cana-

386 4428 512 4478 naeum
562 4398 589 4443 ⁴⁹
605 4415 640 4476 et
663 4405 782 4477 Iudam
809 4406 950 4490 Soariol,
977 4406 1035 4499 qui
1061 4415 1098 4477 et
1121 4405 1261 4478 tradidit
1284 4404 1386 4474 illum.
1439 4393 1565 4448 ΝΛΜ
1582 4401 1623 4474 Ει
1647 4403 1788 4474 veniunt
1811 4403 1858 4476 ad

387 4527 538 4611 domum,
566 4537 602 4596 et
627 4525 787 4596 convenit
812 4525 935 4596 iterum
962 4525 1070 4609 turha,
1098 4525 1144 4598 ita
1170 4535 1207 4597 ut
1231 4545 1300 4596 non
1317 4532 1463 4618 possent
1478 4543 1594 4615 neque
1612 4544 1738 4615 panem
1755 4547 1856 4596 man-

388 4647 526 4720 ducare.
578 4637 601 4684 ²¹
620 4645 664 4716 llt
689 4667 766 4715 cum
794 4645 971 4717 audissent
1004 4645 1065 4730 sui,
1101 4646 1259 4716 exierunt
1288 4653 1410 4714 tenere
1443 4665 1540 4714 eum:
1576 4642 1739 4714 dicebaut
1765 4645 1855 4716 enirn

387 4769 549 4862 quorriam
574 4765 608 4838 in
633 4765 786 4838 furorem
818 4787 941 4838 versus
976 4775 1039 4837 est.
1090 4756 1206 4808 ’ΞΜ
1224 4764 1266 4834 Ει
1291 4763 1427 4836 scribae
1454 4763 1511 4856 qui
1537 4763 1583 4833 ab
1608 4763 1856 4858 Hierosolymis

349 4975 351 4981 Ι
387 4887 643 4960 descenderant
677 4885 838 4958 dicebant
869 4886 1032 4977 quoniam
1065 4882 1265 4956 Beelzebub
1297 4883 1421 4970 hahet,
1456 4893 1492 4954 et
1527 4883 1608 4976 quia
1640 4883 1675 4954 in
1700 4884 1856 4977 principe

386 5006 594 5079 daemonum
622 5005 701 5079 eicit
731 5005 924 5078 daemonia.
975 4999 1001 5043 ²³
1015 4997 1089 5050 (ω)
1106 5005 1149 5076 Ει
1173 5005 1372 5076 convocatis
1398 5005 1448 5076 eis
1473 5005 1508 5074 in
1525 5003 1699 5098 parabolis
1718 5004 1857 5078 dicebat

384 5127 448 5198 illis
466 5127 650 5212 Quomodo
676 5137 792 5220 potest
807 5137 944 5198 satanm
963 5133 1104 5196 mtauan
1130 5124 1270 5196 eicere‘l
1308 5113 1389 5196 ”Et
1415 5125 1443 5196 si
1469 5147 1615 5217 regnum
1640 5125 1674 5195 in
1699 5147 1740 5196 se
1765 5125 1857 5197 divi·-

386 5244 494 5329 datur,
520 5268 589 5318 uon
612 5257 729 5340 potest
752 5256 844 5319 stare
868 5267 1013 5338 regnum
1037 5245 1133 5318 illius.
1164 5237 1298 5316 ”Eas
1327 5243 1453 5316 domus
1477 5268 1583 5338 super
1606 5253 1720 5316 semet
1743 5245 1855 5338 ipsam
1942 5333 1952 5346 ἱ

946 5367 980 5452 ll,
1009 5361 1058 5440 27
1087 5405 1134 5420 -
1161 5365 1209 5451 lll,
1237 5368 1296 5440 25.
