4242 6118
673 409 913 474 EVANGELlUll
939 410 1146 472 SECUNDUM
1172 407 1382 473 blAT'l'llEUbl
1732 419 1780 488 53

278 611 477 695 duodecim,
505 610 564 701 qui
591 611 772 685 dicebatur
796 612 898 684 ludas
925 612 1071 694 Souriot,
1100 610 1146 681 ad
1171 611 1347 704 principes
1375 614 1603 687 sacerdotum
1636 610 1663 656 ¹⁵
1676 629 1711 690 et
1737 622 1783 694 ait

278 733 341 804 illis
369 731 462 816 Quid
488 729 592 800 vultis
620 731 702 802 mibi
728 730 822 816 dare,
851 741 886 802 ει
911 751 978 823 ego
1005 729 1111 801 vobis
1138 748 1220 798 eum
1247 729 1410 800 tradam?
1447 731 1493 802 At
1518 735 1564 806 illi
1591 739 1781 812 constitue-

280 859 357 922 runt
383 850 416 920 ei
441 847 579 938 triginta
608 859 805 942 argenteos.
858 842 884 887 ⁴⁶
895 851 938 920 Et
963 846 1094 920 exinde
1121 847 1316 937 quaerebat
1345 853 1616 942 oportunitatem
1635 866 1672 927 ut
1699 879 1783 931 eum

281 967 442 1040 traderet.
495 958 651 1038 ”Prima
677 979 793 1040 autem
819 989 1021 1063 azymorum
1051 973 1277 1036 accesserunt
1312 965 1471 1062 discipuli
1505 973 1550 1044 ad
1580 975 1694 1047 lesum
1725 977 1781 1048 di·

283 1097 401 1158 centes
427 1085 492 1157 Ubi
517 1085 571 1156 vis
599 1107 764 1178 paremus
791 1087 850 1158 tibi
877 1087 1066 1158 comedere
1094 1085 1251 1176 pascha?
1306 1075 1390 1154 18Αι
1424 1087 1521 1158 lesus'
1554 1091 1640 1162 dixit
1671 1094 1721 1164 lte
1747 1094 1782 1164 in
1831 1139 1834 1144 -

283 1205 456 1276 civitatem
483 1191 535 1274 ¹ad
560 1205 738 1296 quendam
772 1213 808 1276 et
834 1205 936 1277 dicite
963 1207 995 1276 ei
1027 1202 1195 1294 Magister
1229 1203 1313 1275 dicit
1346 1203 1499 1297 Tempus
1525 1231 1641 1280 meum
1668 1231 1782 1302 prope

285 1334 347 1408 est,
375 1322 469 1417 apud
502 1332 537 1392 te
562 1324 653 1394 facio
687 1323 819 1417 pascha
851 1345 929 1396 cum
962 1321 1139 1416 discipulis
1171 1322 1270 1392 meis.
1323 1311 1350 1358 ¹⁹
1361 1321 1404 1390 lit
1436 1323 1592 1396 iecerunt
1625 1327 1782 1420 discipuli

286 1444 373 1515 sicut
399 1443 571 1540 constituit
597 1443 662 1514 illis
688 1444 794 1527 lesus,
822 1453 857 1513 et
882 1449 1093 1536 paraverunt
1119 1440 1260 1532 pascha.
1314 1431 1511 1535 ”Vespere
1546 1453 1661 1515 autem
1687 1443 1780 1516 lacto

286 1561 528 1633 discumbebat
545 1583 624 1632 cum
642 1560 828 1634 duodecim
847 1561 1032 1654 discipulis,
1072 1550 1096 1596 ²¹
1113 1546 1201 1608 Μ)
1216 1567 1252 1628 ει
1269 1553 1454 1632 edentibus
1471 1563 1534 1634 illis
1554 1562 1641 1634 dixit
1665 1559 1780 1632 Amen

287 1681 367 1752 dico
393 1680 497 1750 vobis
530 1679 611 1770 quia
636 1701 725 1751 unus
757 1690 911 1751 vestrum
946 1699 1003 1750 me
1033 1676 1219 1748 uadiuuus
1252 1684 1316 1746 est.
1368 1669 1395 1714 ¹²
1409 1671 1501 1728 (m)
1514 1681 1557 1750 lit
1590 1679 1781 1750 contristati

288 1799 392 1872 valde
418 1807 611 1890 cooperunt
644 1798 767 1890 singuli
792 1798 909 1870 dicere
942 1793 1115 1888 Numquid
1149 1815 1218 1886 ego
1251 1814 1339 1877 sum,
1375 1794 1539 1868 domine?
1590 1789 1617 1835 ¹³
1630 1789 1722 1844 (m)
1735 1795 1782 1867 At

288 1919 366 2012 ipse
391 1917 610 2010 respondens
637 1916 684 1986 ait
717 1896 783 2000 Qui
815 1915 948 2008 intingit
972 1936 1110 1986 mecum
1144 1933 1285 1984 manum
1315 1904 1372 1982 'in
1403 1914 1605 2007 parapside,
1639 1915 1696 1986 bic
1722 1935 1781 1985 me

289 2035 414 2108 tradet.
457 2027 484 2072 ¹⁴
496 2034 597 2106 Filius
624 2034 765 2126 quidem
792 2034 939 2106 bominis
965 2033 1062 2106 vadit
1079 2032 1165 2102 sicut
1183 2031 1348 2123 scriptum
1367 2041 1421 2102 est
1439 2031 1485 2104 de
1502 2032 1559 2102 illo
1571 2057 1587 2117 ;.
1606 2024 1696 2082 (Ψ)
1710 2053 1780 2104 vae

291 2165 407 2226 autem
441 2153 571 2224 bomini
604 2153 650 2222 illi
683 2175 748 2246 per
781 2173 887 2246 quem
921 2149 1009 2221 filius
1042 2149 1189 2220 hominis
1224 2147 1386 2222 traditur:
1421 2149 1553 2222 bonum
1588 2161 1663 2222 crat
1690 2149 1723 2220 ei
1751 2151 1780 2220 si

290 2284 390 2345 natus
415 2293 487 2343 non
512 2271 633 2342 luisset
657 2271 764 2343 bomo
790 2272 856 2342 ille.
907 2261 934 2308 ¹⁵
947 2259 1050 2314 Μ)
1069 2267 1299 2360 Respondens
1331 2278 1446 2340 autem
1472 2267 1591 2352 ludas,
1619 2267 1679 2359 qui
1706 2277 1779 2337 tra-

291 2391 378 2465 didit
402 2411 492 2473 eum,
520 2387 607 2460 dixit
622 2389 795 2481 Numquid
822 2408 890 2480 ego
917 2381 1004 2471 suni,
1031 2386 1154 2458 rabbi?
1182 2386 1228 2456 ait
1253 2385 1298 2456 illi
1325 2387 1375 2457 Tu
1402 2387 1526 2459 dixisti.
1564 2373 1697 2432 ”lm
1712 2386 1780 2456 Ce-

291 2510 451 2582 nantibus
477 2517 593 2578 autem
620 2507 669 2578 eis
696 2508 829 2602 accepit
853 2508 949 2576 lesus
975 2525 1101 2598 panem
1132 2513 1168 2574 et
1192 2504 1372 2576 benedixit
1405 2527 1447 2576 ac
1477 2505 1578 2597 tregit
1611 2503 1780 2595 deditque

293 2629 468 2722 discipulis
486 2625 557 2697 suis
576 2637 611 2696 ει
628 2626 674 2696 ait
689 2625 843 2720 Accipite
862 2635 898 2694 et
915 2624 1105 2696 comedite:
1133 2623 1201 2694 hoc
1218 2633 1273 2693 est
1290 2645 1417 2717 corpus
1434 2645 1563 2696 mcum.
1596 2613 1624 2660 ²⁷
1637 2613 1782 2694 αις“’·)Ει

293 2744 465 2838 accipiens
493 2745 634 2834 calicem
661 2744 788 2838 gratias
814 2743 886 2836 egit
916 2752 952 2813 et
977 2742 1075 2815 dedit
1099 2742 1163 2814 illis
1189 2743 1308 2814 dicens
1333 2741 1443 2814 Bibite
1470 2764 1517 2814 ex
1543 2742 1611 2812 boc
1638 2761 1780 2812 omnes:

293 2857 388 2934 ”hic
414 2873 467 2934 εει
493 2864 586 2933 enim
612 2863 752 2955 sanginis
784 2881 884 2933 meus
910 2862 992 2932 novi
1025 2861 1232 2944 testamenti,
1268 2861 1325 2952 qui
1358 2883 1423 2955 pro
1456 2861 1570 2934 multis
1596 2857 1781 2931 effunditur

294 2981 594 3053 inremissionem
620 2991 852 3074 peccatorum.
891 2971 1014 3052 ”Dico
1042 2990 1157 3051 autem
1186 2979 1294 3064 vobis,
1321 3001 1392 3052 non
1417 2977 1704 3052 bibamamodo
1732 2977 1780 3051 de

296 3101 363 3172 boc
388 3099 561 3192 genimine
586 3099 665 3170 vitis
690 3121 802 3192 usque
828 3100 863 3170 in
888 3098 982 3171 diem
1010 3121 1088 3170 cum
1114 3099 1207 3170 illum
1233 3099 1351 3170 bibam
1377 3099 1561 3171 vobiscum
1586 3117 1717 3168 nomm
1744 3098 1780 3168 in

297 3239 405 3311 regno
432 3217 539 3312 patris
564 3217 642 3287 mei.
694 3209 823 3264 ml)
835 3217 879 3288 Et
912 3216 1042 3310 hymno
1078 3216 1171 3289 dicto
1204 3217 1363 3288 exierunt
1397 3219 1431 3288 in
1461 3227 1616 3289 montem
1651 3215 1779 3286 oliveti.

295 3329 319 3374 ³¹
335 3325 423 3385 (ω)
444 3336 539 3406 Tunc
565 3335 647 3406 dicit
670 3335 736 3406 illis
761 3336 857 3407 lesus
884 3334 1013 3405 Omnes
1045 3356 1111 3406 vos
1146 3333 1347 3406 scandalum
1382 3336 1555 3428 patiemini
1588 3335 1623 3403 in
1655 3353 1713 3403 me
1745 3334 1780 3404 in

296 3455 361 3526 ista
386 3463 504 3526 nocte:
549 3443 636 3504 Μ’)
658 3454 822 3547 scriptum
849 3463 903 3524 est
928 3453 1019 3524 enim
1046 3453 1239 3524 Percutiam
1265 3463 1451 3546 pastorem,
1479 3464 1515 3526 et
1538 3453 1781 3545 dispargentur

298 3589 385 3640 oves
412 3572 537 3662 gregis.
589 3563 815 3664 ³²Postquam
848 3581 965 3644 autem
997 3591 1240 3656 resurrexero,
1274 3573 1485 3664 praecedam
1517 3594 1584 3645 vos
1617 3569 1652 3640 in
1687 3569 1780 3640 Gali·

297 3687 419 3758 laeam.
469 3680 597 3736 ΜΝ
610 3688 840 3782 Respondens
867 3698 983 3762 autem
1009 3681 1131 3762 Petrus
1157 3689 1204 3761 ait
1232 3690 1278 3761 illi
1302 3690 1376 3763 Etsi
1402 3711 1525 3762 omnes
1559 3689 1781 3762 scandalizati

298 3805 422 3876 luerint
445 3807 481 3878 in
505 3817 551 3892 te,
578 3827 647 3900 ego
680 3825 868 3900 numquam
894 3809 1166 3882 scandalizabor.
1217 3801 1313 3882 ³'bit
1346 3811 1393 3881 illi
1424 3811 1520 3881 lesus
1554 3809 1667 3882 Amen
1701 3807 1780 3882 dico

298 3923 359 3995 tibi
378 3925 459 4016 quia
483 3924 518 3994 in
543 3925 610 3997 bac
634 3935 738 3998 ιιοειε
764 3937 844 3999 ante
867 3931 970 4020 quam
996 3929 1106 4020 gallus
1125 3935 1239 3999 mutet
1259 3937 1312 3999 ter
1328 3950 1386 4000 ma
1404 3929 1559 4022 negabis.
1584 3919 1784 3998 sanonum

299 4045 344 4115 ilb
369 4045 491 4116 Petrus
516 4043 658 4116 Etiamsi
685 4046 875 4138 oportuerit
900 4067 957 4117 me
983 4049 1073 4118 mori
1098 4055 1228 4131 tecum,
1261 4068 1333 4120 non
1358 4057 1394 4119 ta
1418 4047 1570 4140 negabo.
1623 4045 1782 4116 Similiter

301 4173 337 4234 et
362 4183 484 4235 omnes
510 4161 668 4254 discipuli
694 4161 867 4236 dixerunt
905 4155 1036 4214 ”imi
1050 4167 1146 4237 Tunc
1169 4165 1265 4236 venit
1288 4167 1386 4238 lesus
1413 4188 1491 4240 cum
1516 4165 1580 4237 illis
1605 4163 1642 4236 in
1666 4164 1781 4234 villam

265 4294 392 4373 'quac
418 4281 541 4388 dicitur
568 4280 760 4366 Gesemani,
800 4271 888 4328 (Ἢ)
910 4289 946 4352 ει
970 4281 1058 4356 dixit
1092 4283 1268 4376 discipulis
1303 4285 1374 4356 suis
1408 4285 1538 4358 Sedete
1572 4283 1630 4356 bic
1670 4282 1784 4354 donec

303 4395 430 4468 vadam
461 4395 539 4469 illuc
572 4407 608 4469 et
640 4419 749 4471 orem.
800 4391 881 4470 ³'lit
914 4401 1075 4474 adsumto
1111 4403 1213 4474 Petro
1255 4411 1292 4474 et
1332 4403 1472 4477 duobus
1501 4397 1578 4476 filiis
1608 4399 1783 4472 Zebedaei

301 4516 419 4610 coepit
444 4517 635 4589 conuictari
661 4527 697 4588 et
721 4525 852 4588 mestus
879 4537 969 4590 esse
1020 4511 1149 4571 ΒΜ)
1163 4521 1258 4592 Tunc
1284 4523 1331 4593 ait
1354 4523 1418 4594 ibis
1445 4522 1563 4594 Tristis
1590 4531 1645 4592 est
1670 4519 1783 4590 anima

177 4695 182 4702 .
294 4655 381 4704 mea
407 4655 518 4728 usque
545 4634 591 4707 ad
615 4645 781 4708 mortem:
808 4635 973 4708 sustinete
999 4637 1055 4708 hic
1081 4647 1117 4709 et
1142 4639 1280 4731 vigilate
1306 4661 1452 4712 mecum.
1484 4632 1512 4680 ³⁰
1524 4629 1614 4687 (ml
1630 4638 1673 4708 Et
1698 4658 1783 4730 pro-

303 4771 445 4842 gressus
471 4755 628 4847 pusillum
655 4753 804 4848 procidit
828 4753 863 4824 in
888 4753 1012 4825 taciem
1038 4777 1137 4826 suam
1160 4761 1269 4828 'orans
1296 4767 1331 4827 et
1357 4757 1477 4830 dicens
1503 4758 1616 4842 Pater,
1643 4755 1672 4826 si
1698 4773 1784 4848 poe-

303 4869 401 4940 sibile
419 4879 474 4941 ost
498 4880 651 4944 transeat
676 4872 767 4944 calix
792 4872 873 4943 iste:
914 4863 1002 4919 ‘W‘
1019 4879 1141 4946 verum
1165 4883 1282 4946 tamen
1307 4897 1378 4947 non
1404 4877 1491 4948 sicut
1517 4897 1585 4967 ego
1611 4875 1693 4946 volo
1720 4874 1786 4946 sed

303 4987 390 5059 sicut
417 4999 461 5059 tu.
513 4979 539 5028 ⁴⁰
552 4983 639 5039 Μ)
657 4993 700 5063 Ει
718 4991 818 5096 ινειιίι
843 4990 890 5062 ad
916 4990 1103 5084 discipulos
1129 5002 1165 5062 et
1188 4993 1316 5066 invonit
1332 5001 1405 5066 'eos
1422 4993 1643 5078 dormientes,
1670 5003 1706 5064 et
1731 4991 1785 5063 di-

303 5106 350 5178 cit
374 5107 475 5180 Petro
493 5110 550 5181 Sic
574 5131 645 5184 non
670 5099 828 5204 potuistis
855 5131 922 5180 una
949 5108 1037 5180 hora
1062 5108 1205 5200 vigilare
1231 5115 1393 5184 mecum?
1425 5103 1609 5207 “Vigilate
1635 5123 1671 5185 ει
1688 5119 1786 5183 orate

843 5225 956 5311 XXVI,
987 5229 1032 5298 l5
1088 5265 1134 5279 —
1190 5226 1247 5298 Μ.
