4218 6130
246 499 249 507 Α
372 405 420 478 82
781 407 1018 474 Evnnonnlull
1044 411 1243 474 SECUNDUM
1269 411 1422 476 llhllCUll

371 613 452 684 mihi
486 613 665 686 denarium
698 623 734 686 ut
768 614 914 686 videam.
967 607 1055 686 18Αι
1088 617 1132 688 illi
1163 617 1354 688 attulerunt.
1405 618 1448 690 Et
1481 617 1527 690 ait
1558 619 1622 690 illis
1657 619 1759 690 Cuius
1793 629 1847 692 εει

371 734 488 826 imago
514 733 602 808 liaeo
629 743 664 805 et
688 735 887 828 inscriptio?
914 736 1037 807 Dicunt
1062 737 1106 807 illi
1133 737 1298 809 Caesaris.
1325 731 1352 774 Π
1364 735 1593 831 Respondeas
1619 747 1733 812 autern
1751 741 1846 810 lesus

373 853 460 926 dixit
485 854 548 926 illis
579 854 726 928 Reddite
763 855 863 947 igitur
896 877 986 948 quae
1006 866 1097 928 sunt
1131 857 1287 928 Caesaris
1322 857 1476 944 Caesari,
1511 869 1546 930 et
1570 879 1659 951 quae
1686 869 1763 930 sunt
1789 859 1845 931 dei

373 975 452 1046 deo.
496 975 538 1046 Et
559 974 779 1055 ⁴mirabantur
812 997 917 1068 super
949 997 1002 1048 eo.
1054 967 1080 1014 ¹⁸
1096 977 1139 1047 Et
1170 987 1339 1050 venerunt
1372 977 1417 1050 ad
1444 999 1522 1050 eum
1541 972 1760 1064 Sadducaei,
1788 981 1844 1072 qui

373 1094 489 1165 dicunt
515 1095 800 1168 resurrectionem
831 1118 901 1166 non
927 1117 1024 1182 esse,
1059 1107 1095 1168 et
1124 1097 1380 1190 interrogabant
1412 1119 1501 1170 eum*
1524 1098 1678 1170 dicentes
1728 1093 1844 1172 19Με-

374 1215 490 1306 gister,
516 1216 632 1288 Moses
658 1215 759 1286 nobis
785 1217 927 1309 scripsit
945 1226 982 1288 ut
1008 1216 1037 1286 si
1063 1217 1159 1287 euius
1185 1219 1290 1288 irater
1315 1229 1470 1290 mortuus
1495 1219 1596 1290 fuerit
1621 1229 1656 1289 et
1681 1219 1846 1292 dimiserit

373 1357 520 1406 uxorem
547 1345 582 1406 et
607 1333 694 1406 filios
720 1357 791 1408 non
815 1337 998 1430 reliquerit,
1025 1336 1170 1429 accipiat
1195 1339 1299 1408 irater
1325 1339 1400 1408 eius
1427 1360 1573 1411 uxorem
1599 1339 1706 1432 ipsius
1734 1349 1768 1410 et
1785 1361 1844 1410 re-

374 1456 518 1526 suscitet
535 1475 664 1526 ·semen
689 1457 782 1526 fratri
808 1479 881 1528 suo.
932 1448 960 1494 ¹⁰
976 1456 1115 1548 Septem
1142 1479 1228 1549 ergo
1255 1459 1378 1539 iratres
1411 1469 1524 1530 erant:
1559 1469 1594 1530 et
1625 1459 1755 1552 primus
1783 1481 1843 1530 ac-

374 1575 466 1669 cepit
490 1597 646 1660 uxorem,
674 1585 708 1646 ει
733 1585 888 1648 mortuus
915 1585 1062 1649 estnon
1088 1577 1207 1648 relicto
1234 1579 1382 1649 semine:
1434 1571 1459 1616 ²¹
1480 1589 1515 1650 et
1540 1579 1713 1651 secundus
1741 1601 1842 1652 acce·

374 1697 423 1789 pit
448 1717 526 1768 earn
552 1705 587 1768 et
612 1705 767 1768 mortuus
794 1707 856 1782 est,
884 1705 920 1767 et
943 1717 1009 1766 nec
1034 1696 1098 1766 iste
1124 1697 1259 1789 reliquit
1292 1719 1426 1786 semen:
1459 1709 1494 1770 et
1527 1701 1645 1771 tertius
1679 1699 1841 1771 similiter.

373 1809 454 1888 ”Et
479 1827 686 1910 aeceperunt
712 1838 800 1892 eam,
816 1817 970 1888 similiter
996 1825 1129 1910 septem
1156 1827 1192 1887 ει
1216 1839 1286 1888 non
1311 1819 1520 1911 reliquemnt
1550 1841 1689 1892 semen:
1724 1820 1842 1892 novie-

374 1939 462 2010 sima
487 1938 638 2010 omnium
665 1937 824 2010 defuncta
850 1947 904 2010 εει
929 1937 1058 2011 mulier.
1110 1928 1137 1974 ²³
1153 1937 1190 2008 ln
1215 1939 1469 2010 resurrectione
1503 1961 1588 2033 ergo
1620 1963 1698 2012 curn
1724 1961 1842 2012 resur-

373 2059 535 2143 rexerint,
562 2057 657 2128 cuius
684 2057 729 2130 de
754 2057 808 2128 his
833 2058 897 2128 erit
924 2059 1036 2129 uxor?
1063 2065 1196 2150 septem
1231 2057 1322 2134 euim
1349 2059 1542 2132 habuerunt
1572 2081 1650 2132 eam
1686 2081 1841 2132 uxorem.

373 2169 401 2217 ²⁴
416 2179 459 2248 Et
484 2177 700 2272 respondens
724 2177 820 2249 lesus
847 2179 893 2248 ait
918 2177 980 2248 illis
1012 2177 1090 2248 Non
1121 2177 1202 2248 ideo
1228 2179 1349 2250 erratis
1381 2201 1450 2251 non
1477 2181 1626 2251 seientes
1653 2181 1841 2274 scripturas

373 2319 487 2390 neque
511 2298 671 2370 virtutem
698 2296 778 2369 deii
829 2290 857 2334 ’⁵
873 2297 957 2368 Cum
992 2297 1082 2367 euim
1114 2319 1135 2369 a
1167 2299 1310 2370 mortuis
1343 2301 1609 2386 resurrexerint,
1637 2289 1751 2393 neque
1775 2283 1841 2371 uu-

373 2418 460 2488 bent'
481 2437 595 2510 neque
619 2417 798 2504 nubentur,
826 2417 891 2488 sed
917 2429 995 2490 sunt
1021 2419 1107 2489 sicut
1132 2418 1245 2510 angeli
1270 2419 1304 2488 iu
1331 2419 1444 2491 caelis.
1487 2411 1514 2456 ’ὓ
1530 2421 1582 2490 De
1607 2421 1750 2492 mortuis
1777 2442 1840 2492 au-

374 2549 454 2622 tem,
481 2535 577 2630 quod
601 2546 791 2630 resurgant,
817 2559 887 2608 non
912 2537 1043 2630 legistis
1069 2537 1103 2608 in
1129 2537 1216 2610 libro
1247 2539 1335 2610 blosi
1368 2561 1473 2634 super
1504 2541 1629 2612 rubum
1664 2541 1841 2634 quomodo

374 2657 500 2732 dixerit
525 2657 570 2728 illi
595 2657 683 2729 deus
708 2657 864 2750 inquiens
889 2657 964 2749 Ego
991 2679 1067 2728 sum
1094 2658 1181 2730 deus
1207 2657 1383 2730 Abraham
1410 2670 1446 2732 ει
1472 2659 1559 2732 deus
1588 2661 1684 2732 Isaac
1701 2669 1736 2731 et
1753 2659 1841 2732 deus

372 2779 521 2850 lacob‘l
551 2770 577 2814 ’Ἰ
593 2777 671 2882 Nop
704 2787 758 2848 est
792 2777 884 2849 deus'
914 2787 1126 2884 mortuorum
1166 2778 1230 2850 sed
1259 2780 1425 2852 vivorum.
1478 2782 1547 2852 Vos
1582 2803 1667 2874 ergo
1700 2781 1840 2854 multum

373 2899 505 2970 erratis.
557 2887 586 2936 ²⁸
599 2887 695 2945 “Ml
711 2897 755 2968 Et
780 2898 928 2969 accessit
951 2920 1039 2969 unus
1066 2899 1111 2970 de
1137 2898 1273 2984 scribis,
1301 2899 1359 2992 qui
1401 2901 1555 2973 audierat
1586 2901 1662 2973 illos
1690 2901 1841 2994 *conqui-

372 3029 499 3104 rentes,
527 3027 561 3089 et
585 3017 708 3089 videns
735 3019 907 3110 quoniam
920 3018 1012 3089 bene
1036 3017 1100 3089 illis
1127 3019 1359 3112 responderit,
1389 3021 1614 3112 interrogavit
1640 3041 1720 3092 eum
1746 3021 1841 3114 quod

373 3148 469 3212 esset
493 3137 640 3231 primum
667 3138 817 3210 omnium
843 3137 1051 3209 mandatum.
1102 3131 1128 3176 ”
1144 3139 1239 3209 lesus
1267 3149 1380 3211 autem
1407 3139 1587 3234 respondit
1612 3143 1645 3212 ei
1663 3141 1743 3236 quia
1767 3143 1841 3236 pri*

372 3283 466 3332 mum
500 3259 651 3330 omnium
682 3257 881 3331 mandatum
914 3267 969 3329 est
1004 3257 1094 3332 Audi
1125 3258 1272 3345 israhel,
1306 3259 1466 3333 dominus
1493 3260 1580 3333 deus
1606 3271 1726 3334 noster
1751 3261 1840 3334 deus

371 3401 459 3453 unus
486 3385 555 3465 est,
590 3357 618 3416 ³⁰
630 3387 665 3451 et
697 3377 819 3472 diliges
851 3368 1026 3450 dominum
1059 3378 1163 3450 deum
1194 3388 1288 3450 tuum
1321 3399 1368 3450 ex
1400 3389 1472 3451 totu
1505 3379 1613 3452 corde
1645 3391 1704 3454 tuo
1732 3392 1767 3453 et
1793 3401 1841 3452 ex

371 3511 444 3572 tota
470 3500 582 3571 anima
607 3509 665 3570 tua
691 3509 727 3570 et
752 3521 799 3570 ex
825 3507 897 3570 tota
927 3509 1042 3570 mente
1074 3507 1130 3570 tua
1164 3508 1199 3569 et
1231 3520 1278 3570 ex
1311 3509 1383 3572 tota
1414 3501 1539 3572 virtute
1575 3512 1641 3573 tua.
1663 3503 1755 3574 ‘Hoc
1787 3511 1842 3574 est

371 3619 750 3716 primummandatum.
800 3611 824 3656 ³¹
844 3618 1039 3690 Secundum
1064 3628 1181 3690 autem
1206 3619 1316 3691 simile
1341 3630 1394 3692 est
1419 3621 1464 3690 illi
1487 3621 1618 3714 Diliges
1643 3623 1840 3716 proximum

372 3752 467 3813 tuum
484 3745 658 3833 nmquam
675 3749 711 3810 te
727 3739 851 3833 ipsum.
877 3737 984 3810 Maius
1002 3739 1124 3810 horum
1143 3739 1233 3811 aliud
1250 3741 1448 3812 mandatum
1467 3763 1538 3813 non
1555 3751 1618 3812 est.
1644 3733 1671 3779 ³¹
1684 3732 1785 3812 (Μ)
1798 3739 1841 3812 Et

372 3861 490 3933 ait'illi
515 3860 631 3931 scriba
647 3859 750 3944 Beue,
778 3859 949 3951 magister,
977 3858 1011 3926 in
1035 3857 1179 3930 veritate
1205 3858 1322 3931 dixisti
1348 3860 1428 3952 quia
1453 3871 1622 3933 unusest
1646 3871 1682 3932 ει
1698 3883 1769 3934 non
1786 3871 1841 3958 est

372 3981 458 4051 alius
484 3989 622 4074 praeter
647 4001 743 4050 eum:
767 3971 795 4018 Β
811 3988 847 4050 ει
870 3986 908 4048 ut
933 3977 1090 4070 diligatur
1106 3999 1162 4048 *ex
1188 3988 1261 4050 toto
1287 3979 1396 4052 eorde
1430 3991 1465 4052 ει
1491 4003 1537 4054 ex
1570 3989 1644 4054 toto
1669 3981 1841 4054 intellectu

372 4111 408 4172 et
432 4122 480 4171 ex
502 4110 577 4172 tota
603 4101 715 4172 anima
740 4099 776 4170 et'
802 4121 849 4170 ex
875 4106 947 4170 tota
972 4097 1179 4180 fortitudine,
1213 4109 1248 4170 et
1273 4099 1417 4192 diligere
1442 4103 1639 4194 proximum
1665 4109 1839 4195 tamquam

371 4243 412 4294 se
426 4249 429 4256 ³
445 4222 558 4316 ipsum
591 4220 702 4292 maius
734 4229 790 4290 est
823 4218 981 4290 omnibus
1016 4218 1368 4291 holocaustomatibus
1401 4231 1435 4292 et
1465 4221 1649 4294 sacrificiis.
1701 4210 1728 4260 ³⁴
1744 4223 1839 4294 lesus

373 4351 487 4414 autem
512 4343 635 4414 videns
662 4339 757 4434 quod
774 4339 946 4433 sapienter
963 4337 1209 4432 respondisset,
1237 4339 1325 4412 dixit
1349 4340 1394 4410 illi
1410 4340 1487 4412 Non
1514 4363 1554 4412 es
1571 4342 1675 4433 longe
1693 4363 1713 4412 a
1730 4362 1844 4434 regno.

372 4459 458 4536 dei..
482 4453 572 4510 (Μ)
603 4462 645 4532 Ει
674 4481 777 4532 nemo
811 4461 879 4531 iam
914 4459 1064 4531 audebat
1093 4479 1172 4531 eum
1205 4459 1426 4552 interrogare.
1477 4450 1661 4531 oranaim
1690 4483 1838 4554 respon-

372 4585 460 4658 dens
477 4585 581 4656 ‘lesus
607 4581 745 4654 dicebat
763 4582 900 4654 docens
925 4581 960 4650 in
984 4579 1113 4672 templo
1141 4581 1325 4665 Quomodo
1359 4580 1475 4654 dicunt
1507 4579 1645 4652 scribae
1671 4579 1839 4654 Christum

372 4703 477 4776 filium
491 4725 584 4776 xesse
609 4701 746 4774 David?
796 4691 823 4738 ³⁶
839 4701 924 4794 lpse
944 4699 1035 4772 enim
1060 4698 1171 4772 David
1196 4699 1277 4772 dicit
1302 4701 1336 4771 in
1355 4699 1481 4794 spiritu
1507 4708 1627 4772 sancto
1654 4700 1746 4772 Dixit
1771 4699 1838 4772 do·-

373 4825 485 4895 minus
520 4823 660 4896 domino
692 4813 773 4894 meo
790 4821 898 4894 'Sede
931 4841 952 4891 a
985 4817 1116 4892 dextris
1149 4821 1254 4906 meis,
1288 4821 1401 4894 donec
1425 4840 1553 4914 ponam
1578 4819 1735 4894 inimicos
1759 4830 1837 4892 tuos

375 4943 560 5014 scabellum
587 4943 716 5037 pedum
742 4943 887 5015 tuorum.
928 4932 964 4978 '³⁷
976 4942 1053 5034 lpse
1067 4971 1071 4982 ·
1087 4961 1172 5034 ergo
1204 4941 1316 5012 David
1347 4941 1428 5014 dicit
1461 4961 1540 5012 eum
1570 4933 1840 5026 'dominum-et

373 5061 466 5134 unde
483 5072 545 5134 est
578 5063 665 5135 lilius
697 5063 795 5134 eius?
836 5063 878 5133 Ει
909 5061 1012 5132 multa
1030 5061 1147 5138 turba
1177 5081 1257 5132 eum
1276 5061 1432 5132 ‘libenter
1465 5060 1601 5132 audivit
1653 5051 1781 5108 ΜΝ)
1798 5057 1841 5130 Ει

375 5181 514 5255 dicebat
539 5184 598 5254 eis.
616 5185 649 5256 in
667 5183 823 5255 doctrina
848 5203 910 5254 sua
937 5181 1063 5254 Cavete
1082 5203 1102 5252 a
1129 5181 1259 5268 scribis,
1287 5181 1345 5275 qui
1361 5183 1481 5254 volunt
1497 5182 1532 5254 in
1549 5181 1645 5254 stolis
1663 5181 1847 5256 ambulare.

952 5302 1017 5390 Xll,
1044 5303 1091 5374 to
1122 5339 1164 5354 -
1195 5305 1253 5374 38.
