4146 6120
727 362 905 426 EPISTULA
932 363 1114 428 IOHANNIS
1140 367 1161 426 l.
1616 366 1689 436 389

211 469 1101 482 -ῇ-μ-,ῌ-..μ-φο--κ--ῇαψκι-
1106 472 1119 478 -
1125 467 1612 482 “m—n·-

916 603 968 674 lll.

282 802 342 860 ΙΨ)
360 812 479 884 Videte
507 812 643 904 qualem
670 811 845 882 caritatem
873 808 971 881 dedit
998 809 1103 880 nobis
1132 819 1231 904 pater
1257 819 1293 881 nt
1319 811 1375 883 lilii
1402 813 1460 886 dei
1478 814 1695 888 nominemur

206 943 241 1004 ει
273 933 388 1004 dinus.
440 933 587 1026 Propter
619 931 686 1002 hoc
719 930 866 1002 mundus
899 951 972 1000 non
1005 929 1104 1001 novit
1138 951 1218 1016 nos,
1260 932 1340 1025 qrria
1372 954 1443 1004 non
1473 935 1571 1005 novit
1602 957 1694 1008 cum.
1749 925 1753 936 ’

204 1047 416 1138 ’Carissimi
443 1075 533 1124 nunc
560 1051 616 1123 lilii
643 1051 701 1122 dei
727 1071 863 1135 sumus,
890 1059 926 1120 ει
951 1049 1116 1120 nondum
1145 1053 1304 1145 apparuit
1330 1052 1412 1146 quid
1440 1054 1578 1126 erimus.
1619 1059 1694 1129 Sci-

205 1195 283 1252 mus
308 1173 469 1266 quoniam
496 1195 575 1244 curn
602 1171 798 1267 apparuerit
822 1167 950 1241 similes
979 1170 1014 1240 ei
1041 1171 1182 1254 erimus,
1211 1173 1372 1265 quoniam
1388 1172 1585 1246 videbimus
1613 1198 1694 1248 cum

205 1293 302 1365 sicuti
327 1302 390 1364 εει.
442 1287 515 1364 3Ει
541 1293 652 1364 omnis
678 1291 735 1384 qui
761 1291 866 1362 habet
891 1310 995 1382 spem
1022 1290 1114 1362 hanc
1148 1291 1181 1362 in
1215 1315 1258 1364 eo
1295 1292 1484 1366 sanctificat
1515 1317 1570 1380 se,
1605 1297 1693 1370 sicut

204 1423 239 1484 ει
263 1414 318 1484 ille
345 1423 484 1484 sanctus
518 1421 580 1484 est.
631 1402 707 1460 ⁴⁰⁰)
726 1399 844 1483 Om'nis
877 1411 934 1504 qui
970 1412 1051 1482 lacit
1079 1423 1264 1506 peccatum
1299 1423 1335 1484 ει
1366 1413 1576 1506 iniquitatem
1601 1417 1689 1502 lacit,

204 1543 239 1604 et
264 1543 446 1628 peccatum
480 1543 535 1604 εει
567 1533 733 1626 iniquitas.
785 1525 858 1603 ⁵Et
884 1532 979 1603 scitis
1015 1530 1178 1625 quoniam
1214 1533 1269 1604 ille
1296 1534 1457 1627 apparuit
1482 1543 1519 1604 ut
1545 1546 1689 1626 peccata

205 1655 348 1738 tolleret,
377 1663 411 1724 et
437 1663 616 1746 peccatum
644 1653 677 1722 in
704 1675 747 1724 eo
775 1662 935 1725 nonest.
988 1645 1142 1723 ⁶Omnis
1169 1653 1227 1746 qui
1253 1653 1287 1724 in
1306 1675 1351 1723 eo
1378 1661 1497 1724 manet
1513 1675 1584 1724 non
1601 1677 1686 1748 pec-

203 1783 271 1858 cat,
300 1783 335 1844 ει
367 1773 479 1844 omnis
512 1773 570 1866 qui
602 1783 726 1866 peccat
756 1795 827 1844 uon
861 1772 945 1844 vidit
976 1793 1056 1844 cum
1092 1793 1158 1844 nec
1192 1773 1359 1865 cognovit
1391 1795 1479 1844 eum.
1538 1765 1684 1860 ‘'Filioli,

203 1913 306 1964 nemo
333 1915 399 1964 vos
425 1894 579 1965 seducat.
634 1893 700 1978 Qui
725 1893 805 1965 lacit
830 1893 999 1978 iustitiam,
1025 1893 1135 1964 iustus
1154 1901 1216 1973 est,
1244 1893 1331 1964 sicut
1356 1903 1391 1965 et
1416 1893 1471 1963 ille
1490 1893 1598 1966 iustus
1617 1907 1685 1968 est:

201 2005 292 2106 ⁸qui
317 2013 398 2085 lacit
422 2023 614 2106 peccatum,
642 2035 689 2084 ex
716 2012 857 2085 diaholo
885 2025 947 2098 est,
976 2013 1139 2106 quoniam
1168 2013 1213 2084 ab
1243 2013 1339 2084 initio
1367 2012 1525 2084 diabulus
1552 2027 1683 2108 peccat.

202 2135 237 2204 ln
263 2135 332 2206 hnc
358 2133 516 2227 apparuit
542 2133 629 2204 filius
656 2133 712 2205 dei
739 2143 776 2204 ut
802 2117 971 2206 dissolvat
996 2155 1105 2227 opera
1131 2133 1270 2204 diaboli.
1323 2124 1474 2204 9Omnis
1501 2136 1559 2228 qui
1585 2147 1683 2209 natus

202 2263 329 2326 estex
357 2255 426 2326 deo
454 2264 633 2349 peccatum
660 2275 731 2326 non
757 2253 844 2338 lacit,
872 2255 1034 2347 quoniam
1062 2275 1183 2325 semen
1209 2253 1318 2346 ipsius
1351 2254 1385 2323 in
1413 2275 1457 2324 eo
1482 2267 1615 2342 manet,
1650 2267 1684 2328 ct

200 2395 271 2444 non
298 2385 415 2468 potest
440 2395 598 2469 peccare,
625 2374 787 2468 quoniam
816 2395 862 2444 ex
889 2373 958 2445 deo
984 2383 1085 2445 natus
1112 2383 1173 2444 cst.
1217 2365 1243 2410 ¹⁰
1259 2375 1295 2444 ln
1321 2373 1391 2444 hcc
1407 2376 1579 2448 manifesti
1605 2387 1684 2448 sunt

201 2494 256 2564 lilii
284 2495 342 2566 dei
375 2505 410 2566 ει
439 2493 497 2564 filii
531 2493 668 2566 diaboli.
721 2494 840 2564 Omnis
871 2495 928 2586 qui
960 2517 1031 2566 non
1064 2505 1118 2566 εει
1144 2493 1252 2565 iustus
1283 2515 1355 2565 nou
1381 2507 1507 2578 estex
1534 2495 1620 2580 deo,
1648 2505 1683 2566 et

199 2615 259 2706 qui
285 2637 354 2686 non
381 2613 488 2706 diligit
514 2616 653 2686 tratrem
681 2637 796 2699 suum;
840 2607 863 2652 '¹
883 2616 1045 2708 quoniam
1072 2615 1159 2686 haec
1185 2623 1240 2684 εει
1265 2613 1476 2688 adnuntiatio
1495 2637 1599 2709 quam
1618 2637 1681 2686 au-

201 2733 299 2804 distis
326 2735 371 2804 ah
398 2735 509 2820 initio,
537 2745 574 2806 ut
600 2735 781 2828 diligamus
814 2735 1026 2821 alterutrum,
1070 2727 1097 2772 ⁴²
1113 2757 1183 2806 non
1216 2735 1304 2806 siout
1337 2735 1419 2807 Cain
1450 2757 1496 2807 ex
1530 2734 1680 2826 maligno

201 2863 277 2923 erat
303 2865 337 2924 ει
364 2855 491 2926 occidit
520 2857 658 2926 lratrcm
691 2878 799 2928 suum.
852 2857 894 2926 Et
926 2866 1070 2950 propter
1101 2856 1184 2948 qnid
1218 2855 1344 2926 occidit
1376 2857 1481 2926 eum‘l
1516 2855 1679 2946 quoniam

201 2993 310 3064 opera
336 2974 410 3044 eius
443 2976 590 3068 maligna
622 2985 735 3060 crant,
768 2976 880 3046 lratris
914 2983 1028 3046 autern
1061 2976 1135 3046 eius
1167 2976 1265 3046 iusta.
1318 2965 1400 3024 ¹³⁰¹]
1417 2975 1529 3044 Nolite
1556 2973 1678 3058 mirari,

200 3093 331 3175 lratres,
360 3093 389 3162 si
418 3093 492 3163 odit
516 3115 582 3164 nos
609 3095 766 3166 mundus.
820 3083 846 3130 ⁴⁴
862 3095 935 3166 Nos
962 3095 1090 3166 scimus
1117 3094 1279 3187 quoniam
1308 3093 1460 3165 translati
1485 3113 1605 3162 smnus
1631 3073 1684 3172 (Ιε,

199 3219 312 3280 morte
345 3211 378 3280 in
411 3212 534 3297 uitam,
569 3213 731 3305 quoniam
762 3213 933 3306 diligimus
963 3213 1104 3284 fratres:
1143 3215 1200 3306 qui
1238 3233 1308 3284 ncn
1342 3213 1462 3306 diligit,
1496 3219 1613 3282 manet
1643 3211 1677 3280 in

199 3339 322 3401 morte.
373 3324 400 3368 ¹⁵
412 3333 532 3404 Omnis
559 3333 617 3426 qui
644 3331 717 3403 odit
741 3333 881 3404 fratrem
909 3355 1009 3406 suum
1035 3333 1207 3406 homicida
1236 3343 1305 3418 εει,
1334 3343 1370 3404 ει
1395 3332 1493 3405 scitis
1513 3331 1676 3425 quoniam

200 3451 312 3522 omnis
337 3451 511 3525 homicida
536 3475 607 3524 non
633 3453 738 3525 habet
762 3453 867 3525 vitam
894 3463 1070 3526 aeternam
1103 3455 1136 3524 in
1169 3475 1209 3526 se
1242 3463 1446 3525 manentem.
1503 3445 1677 3524 16[ιι-Ιιοε

199 3573 426 3663 cognovimus
453 3574 630 3646 caritatem
657 3573 723 3660 dei,
751 3575 913 3667 quoniam
940 3575 995 3646 ille
1020 3595 1086 3668 pro
1112 3573 1214 3646 nohis
1242 3575 1389 3646 animam
1417 3595 1515 3644 snam
1541 3573 1674 3667 posuit:

197 3703 235 3762 ει
259 3713 325 3763 nos
353 3692 525 3766 dehemus
551 3717 616 3789 pro
642 3695 801 3767 hamhus
834 3696 967 3766 animas
993 3715 1134 3788 ponere.
1186 3687 1291 3784 ΠΟιιί
1323 3693 1482 3768 habuerit
1513 3694 1674 3765 substan-

197 3812 277 3884 tiam
304 3814 423 3886 mundi
449 3824 484 3886 ει
509 3815 634 3888 viderit
658 3815 797 3886 fratrem
825 3837 924 3886 suum
950 3837 1095 3889 necesse
1121 3815 1253 3889 hahere
1287 3827 1322 3888 ct
1354 3815 1513 3890 clauserit
1538 3813 1674 3885 viscera

196 3955 259 4004 sua
285 3934 330 4005 ab
359 3955 413 4020 eo,
441 3937 621 4029 quomodo
649 3937 773 4010 caritas
793 3935 856 4008 dei
882 3946 999 4008 manet
1024 3938 1059 4007 in
1086 3941 1157 4010 eo‘l
1203 3928 1422 4023 ¹⁸<¹¹lFitioti,
1454 3958 1524 4007 non
1551 3935 1674 4027 diliga-

197 4077 274 4124 mus
299 4057 411 4126 verho
442 4077 511 4127 nec
542 4057 674 4150 lingua,
710 4057 774 4129 sed
807 4067 986 4150 operest
1014 4060 1170 4132 veritate.
1223 4051 1302 4130 ⁴⁹ln
1336 4059 1404 4130 hoc
1430 4056 1674 4149 cognoscimus

196 4173 356 4263 quoniam
385 4197 432 4246 ex
457 4177 601 4250 veritate
628 4199 764 4250 sumus:
795 4187 835 4248 et
868 4177 902 4248 in
935 4187 1123 4272 conspectu
1157 4179 1230 4250 eius
1257 4177 1446 4250 suademus
1473 4175 1580 4248 corda
1600 4197 1673 4246 no-

196 4301 282 4375 stra,
326 4283 353 4330 '⁰
370 4296 531 4385 quoniam
569 4298 598 4368 si
630 4297 916 4392 repraehendent
953 4321 1019 4370 nos
1052 4319 1115 4370 cor
1147 4307 1320 4382 nostrum,
1353 4291 1464 4369 maior
1498 4307 1552 4368 εει
1584 4296 1674 4368 deus

193 4412 303 4482 corde
329 4421 451 4485 nostro
485 4424 520 4485 ει
549 4417 645 4488 novit
675 4417 800 4488 omnia.
853 4411 877 4456 ²¹
897 4417 1082 4502 Canusini,
1116 4417 1143 4488 si
1180 4439 1242 4489 cor
1273 4427 1428 4490 nostrum
1454 4439 1525 4488 non
1551 4437 1673 4510 repre-

194 4530 353 4602 henderit
378 4554 453 4618 nos,
480 4533 639 4606 fiduciam
666 4537 837 4608 habemus
863 4539 909 4609 ad
935 4537 1055 4623 deum,
1099 4531 1176 4608 2'et
1200 4539 1446 4631 quodcumque
1473 4537 1673 4632 petierimus

194 4651 404 4744 accipiemus
437 4655 482 4725 ab
517 4677 578 4741 eo,
614 4657 774 4749 quoniam
810 4657 973 4728 mandata
1008 4659 1084 4730 eius
1109 4659 1323 4732 custodimus
1349 4669 1384 4730 et
1409 4681 1452 4730 ea
1478 4679 1567 4751 quae
1593 4667 1673 4754 sunt

194 4772 316 4863 placita
345 4795 462 4845 coram
489 4797 534 4846 eo
561 4777 712 4850 iacimus.
763 4770 790 4814 ²³
806 4778 847 4848 Et
881 4777 948 4848 hoc
982 4788 1036 4849 εει
1069 4777 1268 4850 mandatum
1300 4779 1391 4863 eius,
1425 4789 1463 4850 ut
1489 4777 1671 4849 credamus

193 4891 225 4962 in
252 4893 392 4964 nomine
418 4896 474 4966 lilii
501 4898 575 4968 eius
601 4899 676 4968 lesu
704 4898 824 4968 Christi
851 4907 885 4968 et
912 4898 1094 4992 diligamus
1121 4899 1317 4971 alterutrum
1346 4900 1432 4970 sicut
1458 4899 1554 4970 dedit
1573 4919 1667 4968 man-

193 5013 309 5084 datum
336 5015 447 5085 nohis.
500 5008 526 5056 ²⁸
542 5019 585 5088 Et
611 5019 666 5111 qui
695 5029 811 5090 servat
837 5020 999 5091 mandata
1026 5020 1109 5104 eius,
1137 5019 1171 5090 in
1196 5020 1252 5090 illo
1271 5029 1387 5092 manet
1413 5019 1540 5113 etipse
1558 5019 1590 5088 in
1609 5039 1669 5088 eo:

192 5145 227 5204 ει
254 5135 286 5204 in
313 5133 381 5206 hcc
409 5137 533 5208 scimus
561 5139 722 5232 quoniam
750 5147 866 5210 manet
891 5139 925 5209 in
952 5140 1061 5224 nohis,
1090 5139 1135 5212 de
1163 5141 1279 5234 spiritu
1307 5161 1409 5234 quem
1437 5139 1535 5214 dedit
1559 5139 1670 5210 nobis.

799 5259 846 5346 ΙΙΙ,
878 5264 890 5330 l
924 5301 975 5313 —
1001 5261 1060 5334 24.
1111 5257 1115 5268 '
