4254 6130
711 359 818 419 LIBER
844 357 998 421 an'rttcn
1025 353 1303 418 APOSTOLORUM
1675 349 1743 420 23l

264 463 592 472 ...ι-..υ-ω--ισ-ᾁ--ο

263 571 373 646 esset,
410 570 539 633 terram
567 583 636 632 non
664 559 913 652 agnoscebant,
941 562 1051 632 sinum
1079 578 1164 628 vero
1191 555 1364 648 quendam
1392 554 1661 626 considerabant
1687 554 1751 624 ba-

262 684 403 752 bcutem
437 680 532 764 litus,
568 681 602 750 in
635 702 738 773 quem
775 681 975 772 cogitabant
1008 681 1036 749 si
1064 675 1208 772 possent
1238 676 1353 746 eicere
1379 695 1514 746 navem.
1567 663 1647 744 'lm
1674 695 1751 748 oum

262 801 434 872 anchoras
467 799 707 884 abstulissent,
744 797 1012 871 committebant
1039 819 1078 869 se
1113 780 1215 880 mari,
1251 795 1350 866 simul
1383 795 1543 865 laxantes
1580 794 1753 864 iuncturas

262 917 594 1011 gubernaculorum,
631 919 672 989 et'
701 919 816 989 levato
852 919 1032 990 artemone
1069 913 1257 988 secundnm
1284 915 1400 989 ssatum
1429 934 1535 984 aurae
1563 914 1754 985 tendebant

264 1039 310 1110 ad
336 1038 424 1109 litus.
476 1031 501 1074 *¹
520 1037 658 1108 llt‘cum
677 1036 920 1110 incidissemus
938 1039 972 1108 iu
990 1033 1103 1108 locum
1122 1036 1358 1119 bithalassum,
1386 1035 1591 1126 inpegerunt
1609 1041 1752 1105 navem:
1779 1043 1782 1050 '
1839 1030 1848 1050 ¹

263 1167 298 1228 et
329 1177 434 1249 prora
465 1156 607 1248 quidem
644 1156 715 1228 lixa
753 1159 916 1229 manebat
949 1154 1135 1237 inmobilis,
1169 1155 1295 1248 puppis
1328 1175 1414 1224 vero
1447 1152 1646 1224 solvebatur
1673 1175 1693 1223 a
1720 1152 1753 1222 vi

265 1276 376 1348 maris.
430 1267 456 1312 ‘²
472 1275 613 1346 Militum
649 1285 764 1346 autam
797 1278 975 1349 consilium
1010 1273 1071 1344 luit
1097 1281 1133 1344 ut
1159 1271 1336 1344 custodias
1363 1271 1577 1356 occiderent,
1605 1293 1649 1344 ue
1676 1271 1754 1364 quis

263 1417 340 1465 cum
367 1403 543 1465 enatasset
578 1395 763 1487 effugeret:
807 1383 833 1430 ⁴³
850 1396 1006 1466 centurio
1041 1401 1155 1463 autem
1181 1393 1303 1466 volcris
1330 1411 1474 1461 servare
1500 1390 1641 1463 Paulum
1669 1412 1754 1485 pro-

262 1513 370 1584 hibuit
397 1511 479 1598 lieri,
507 1513 675 1605 iussitque
703 1533 766 1583 eos
801 1513 857 1604 qui
884 1501 1029 1606 possent
1054 1511 1175 1583 natare
1209 1511 1345 1588 mittere
1373 1531 1412 1581 se
1439 1511 1473 1579 iu
1499 1533 1596 1582 mare
1623 1511 1755 1604 primos

264 1633 307 1702 et'
325 1633 478 1704 evadere
511 1641 546 1703 et
579 1632 625 1702 ad
653 1632 779 1702 terrani
814 1633 930 1717 exire,
981 1620 1008 1668 *⁵
1025 1639 1060 1701 et
1093 1641 1230 1703 ceteros
1262 1631 1349 1701 alios
1375 1630 1409 1698 in
1436 1631 1560 1701 tabulis
1587 1631 1753 1714 terebant,

264 1749 436 1843 quosdam
468 1773 573 1844 super
605 1771 648 1820 ea
681 1771 772 1843 quae
809 1751 853 1823 de
887 1752 968 1823 navi
999 1761 1124 1822 essent.
1177 1751 1219 1822 Et
1251 1751 1302 1822 sic
1329 1749 1454 1820 lactum
1488 1759 1542 1820 cst
1569 1759 1604 1821 ut
1631 1757 1754 1822 omnes

267 1865 478 1940 'evaderent
505 1871 559 1942 ad
579 1871 715 1942 terram.
1010 1867 1012 1874 ⁴
1146 1871 1148 1876 '
1814 1867 1815 1872 ’

928 2145 1072 2216 xxvm.

342 2341 351 2385 ⁴
372 2349 414 2419 Et
440 2370 518 2421 cum
545 2347 790 2434 evasissemus,
820 2359 901 2420 tnnc
926 2352 1157 2441 cognovimns
1184 2349 1264 2443 quia
1289 2347 1438 2420 Militcne'
1465 2351 1573 2420 insula
1600 2357 1754 2421 vocatur.

265 2468 406 2538 Barbari
441 2488 526 2537 vero
561 2465 787 2560 praestabant
823 2479 892 2538 non
927 2467 1102 2540 modicam
1135 2469 1382 2542 humanitatem
1413 2468 1530 2539 nobis:
1575 2461 1754 2538 ’accensa

265 2587 356 2656 enim
384 2581 494 2678 pruna
520 2583 721 2656 reficiebant
747 2607 812 2656 nos
839 2605 962 2656 omnes
990 2597 1134 2681 propter
1162 2588 1310 2659 imbrem
1338 2589 1395 2680 qui
1422 2588 1608 2658 inminebat
1634 2597 1669 2657 et
1695 2587 1754 2656 lri-

263 2725 337 2797 gns.
397 2698 513 2775 ³Cnm
547 2715 799 2796 congregasset
831 2702 947 2776 autem
983 2705 1109 2778 Paulus
1149 2717 1402 2779 sarmentorum
1434 2707 1685 2779 multitudinem
1720 2715 1755 2776 et

263 2824 472 2917 inposuisset
498 2844 604 2916 snper
629 2823 754 2915 ignem,
782 2825 905 2918 vipera
931 2825 957 2896 a'
970 2821 1088 2898 calore
1107 2833 1191 2910 cnm'
1203 2828 1444 2919 processisset,
1471 2827 1596 2897 invasit
1615 2847 1754 2897 manum

265 2944 349 3014 eius.
401 2931 475 3013 ‘Ut
498 2963 585 3014 vero
612 2942 772 3015 viderunt
797 2943 938 3015 barbari
964 2945 1175 3038 pendentem
1203 2941 1351 3019 bes'tiam
1384 2946 1430 3017 de
1463 2943 1565 3016 mann
1593 2945 1681 3028 eins,
1709 2943 1753 3014 ad

264 3062 410 3134 invicem
446 3059 609 3132 dicebaut
644 3061 766 3154 Utique
802 3063 977 3136 homicida
1011 3073 1064 3135 est
1097 3063 1204 3135 homo
1230 3067 1312 3152 iste,
1341 3067 1398 3157 qui
1417 3055 1503 3136 'curn
1531 3064 1681 3135 evaserit
1708 3061 1754 3134 de
1863 3125 1869 3138 ,

266 3181 361 3264 mari,
388 3179 471 3250 ultio
498 3199 577 3249 enm
605 3201 675 3251 nou
701 3179 831 3251 dimisit
856 3183 983 3254 vivere.
1036 3176 1109 3253 lut
1134 3183 1190 3254 ille
1217 3186 1357 3277 quidem
1392 3183 1570 3255 excutiens
1603 3182 1753 3252 bestiam

265 3300 441 3390 inignem
480 3297 560 3368 nihd
593 3297 672 3369 mali
705 3319 830 3392 passus
866 3311 935 3372 est:
985 3294 1048 3372 ⁶at
1074 3301 1119 3372 illi
1145 3303 1391 3376 existimabant
1416 3325 1495 3374 aum
1522 3302 1556 3370 in
1582 3307 1752 3372 tumo'rem

138 3501 141 3508 ,
266 3416 539 3490 convertendum
566 3426 601 3487 et
616 3415 742 3489 ‘subito
769 3415 929 3490 casurum
956 3430 990 3491 et
1018 3420 1115 3492 mori.
1155 3421 1220 3492 Diu
1249 3433 1362 3494 autem
1390 3422 1454 3492 illis
1482 3419 1701 3513 sperantibus
1720 3429 1755 3488 et

265 3536 463 3608 videntibus
496 3533 576 3605 nibil
611 3537 690 3606 mali
723 3536 757 3607 in
790 3559 869 3608 eum
902 3537 993 3624 fieri,
1029 3535 1283 3612 convertentes
1307 3563 1345 3612 se
1380 3537 1542 3612 dicebant
1565 3541 1647 3610 'cnm
1674 3545 1767 3610 esse'

267 3656 382 3728 deum.
433 3649 494 3726 ''ln
521 3653 606 3724 locis
633 3663 748 3725 autem
775 3653 839 3726 illis
866 3655 965 3742 erant
989 3657 1133 3750 praedia
1159 3655 1320 3754 principis
1345 3660 1492 3745 insulae,
1520 3657 1658 3730 nomine
1683 3659 1753 3730 Pu*
1783 3643 1785 3648 ¹

267 3777 334 3870 plii,
363 3776 511 3868 quinos
538 3773 731 3866 suscipiens
758 3772 873 3844 triduo
899 3775 1050 3868 benigne
1077 3777 1242 3850 exhibuit.
1285 3771 1460 3870 ⁸C0ntigit
1485 3788 1599 3850 autem
1620 3779 1754 3871 patrem

266 3893 374 3986 Puplii
408 3891 563 3963 febribus
594 3902 630 3963 et
664 3893 864 3986 dysenteria
897 3901 1061 3966 vexatum
1089 3895 1219 3968 iacere:
1254 3899 1301 3970 ad
1328 3919 1432 3991 quem
1455 3896 1584 3969 Paulus
1610 3897 1754 3980 intravit,

268 4023 407 4084 etcum
435 4021 572 4084 orasset
604 4021 639 4084 et
665 4011 876 4104 inposuisset
902 4013 935 4084 ei
961 4035 1099 4096 manus,
1135 4017 1280 4088 salvavit
1313 4037 1402 4090 eum.
1455 4008 1561 4101 ”Quo
1596 4017 1687 4087 laeto
1720 4025 1755 4086 et

269 4151 391 4202 omnes
417 4130 475 4222 qui
501 4131 534 4200 in
561 4133 636 4224 ipsa
663 4132 773 4203 insula
799 4132 975 4204 habebant
992 4132 1204 4208 infirmitates
1229 4136 1445 4209 accedebant
1471 4147 1506 4206 et
1529 4137 1753 4217 curabantur,

268 4241 294 4286 ⁴⁰
311 4250 369 4342 qui
395 4249 498 4320 etiam
525 4251 637 4322 multis
664 4251 854 4322 honoribus
881 4273 946 4322 nos
972 4253 1238 4340 honoraverrmt,
1267 4265 1303 4326 et
1328 4255 1569 4347 navigantibus
1586 4256 1753 4347 inposue-

269 4377 347 4438 runt
373 4389 464 4460 qnae
491 4370 687 4441 necessaria
713 4383 820 4441 erant.
873 4361 895 4406 ⁴¹
916 4371 1000 4443 Post
1032 4393 1170 4445 menses
1204 4385 1319 4446 autem
1352 4384 1425 4444 tres
1456 4374 1695 4466 navigavimus
1721 4373 1755 4440 in

269 4487 349 4557 navi
375 4487 608 4572 alexandrina,
637 4509 727 4580 quae
753 4489 921 4560 ininsula
949 4492 1172 4578 hiemaverat,
1200 4493 1254 4564 cui
1280 4503 1354 4564 erat
1380 4493 1512 4585 insigne
1530 4487 1755 4564 'Castrorum

270 4597 295 4642 ⁴²
312 4606 354 4676 Et
380 4627 457 4676 cnm
484 4607 701 4678 venissemus
736 4609 942 4701 Syracusas,
978 4611 1167 4683 mansimus
1201 4613 1248 4683 ibi
1275 4611 1405 4683 triduo:
1457 4605 1484 4649 ¹³
1500 4611 1581 4683 inde
1608 4609 1755 4680 circum-

270 4725 427 4816 legentes
459 4725 662 4798 devenimus
693 4727 853 4818 Regium:
889 4737 924 4797 et
957 4739 1039 4820 post
1073 4751 1177 4802 unum
1205 4729 1297 4800 diem
1325 4729 1429 4801 llante
1455 4741 1573 4802 austro
1601 4726 1755 4800 secundo

268 4840 326 4913 die
352 4844 510 4916 venimus
537 4843 702 4928 Puteolis,
747 4835 772 4878 '⁵
786 4845 843 4916 ubi
870 4845 1016 4917 inventis
1041 4848 1203 4918 iratribus
1229 4849 1342 4940 rogati
1360 4871 1480 4920 sumus
1499 4869 1641 4922 manere
1661 4845 1755 4940 apud

268 4983 332 5032 eos
360 4963 436 5034 dies
463 4973 608 5057 septam,
636 4975 671 5033 et
697 4964 748 5032 sic
773 4963 932 5035 venimus
958 4965 1113 5037 Romam.
1167 4957 1193 5002 ⁴⁵
1209 4966 1250 5038 Et
1275 4969 1356 5040 iude
1384 4991 1461 5040 cum
1481 4969 1661 5041 audissent
1687 4969 1756 5038 lra-

269 5091 339 5150 tres
367 5095 590 5154 occurrerunt
621 5082 722 5152 nobis
750 5103 861 5175 usque
889 5083 934 5154 ad
968 5083 1090 5178 'Appii
1117 5085 1227 5156 lorum
1255 5097 1290 5157 et
1317 5089 1439 5160 Tribus
1467 5089 1636 5174 tabernis3
1667 5108 1757 5179 quos

744 5201 871 5285 XXVll,
901 5201 948 5272 l0
978 5243 1024 5256 -
1054 5203 1192 5288 XXVlll,
1225 5207 1280 5276 lb.
