4220 6124
495 1265 644 1368 muru
672 1293 879 1366 cursuum
905 1295 965 1366 au
993 1271 1485 1366 ruassaucurcarsus'i·

322 1782 376 1840 ¹⁰)
395 1788 427 1887 P
428 1813 526 1883 auius
553 1822 588 1882 et
613 1813 771 1882 Silvanus
805 1822 841 1880 et
874 1787 1073 1882 Timotheus
1107 1813 1657 1886 eoeestae‘rhessatemmnsiun
1685 1819 1718 1887 in
1801 1877 1805 1888 Α

240 1939 314 2008 deo
342 1945 440 2028 patre
465 1943 502 2002 et
527 1931 669 2002 domino
695 1932 773 2002 lesu
799 1930 942 2002 Christo.
988 1931 1104 2002 Gratia
1128 1931 1231 2002 vohis
1257 1942 1293 2003 et
1319 1954 1400 2025 pax.
1451 1927 1617 2006 'Gratias
1641 1939 1719 2029 agi-

244 2079 322 2128 mus
347 2057 417 2128 deo
445 2073 584 2146 semper
609 2073 673 2145 pro
699 2051 861 2122 omnihus
888 2053 997 2137 vohis,
1025 2051 1227 2123 memoriam
1253 2053 1418 2123 facientes
1443 2054 1477 2124 in
1508 2056 1719 2130 orationihus

242 2177 386 2260 nostris,
421 2174 496 2244 sine
529 2171 780 2244 intermissione
823 2164 1029 2244 ³memores
1056 2172 1172 2265 operis
1199 2171 1280 2244 fidoi
1306 2183 1444 2244 vestrae
1470 2185 1506 2244 et
1531 2177 1659 2248 laboris
1685 2193 1721 2250 et

244 2297 394 2370 caritatis
422 2305 458 2365 et
483 2292 704 2364 sustinentiae
731 2291 806 2384 spei
832 2291 962 2363 domini
987 2293 1096 2364 nostri
1113 2294 1189 2364 lesu
1211 2293 1331 2364 Christi
1357 2301 1437 2364 ante
1462 2294 1567 2367 deum
1593 2309 1629 2368 et
1655 2319 1718 2392 pa·

241 2430 332 2488 trem
365 2424 536 2498 nostrum,
588 2401 649 2458 ⁴1²)
668 2412 831 2497 scientes,
864 2414 987 2484 iratres
1018 2413 1178 2484 dilecti-a
1205 2413 1291 2498 deo,
1324 2413 1531 2486 eiectionem
1556 2428 1718 2504 vestram,

242 2532 354 2631 5truria
387 2533 605 2626 evangelium
634 2541 789 2602 nostrum
823 2553 893 2602 uon
925 2533 985 2603 iuit
1019 2534 1064 2604 ad
1096 2553 1163 2604 ves
1188 2534 1220 2604 in
1248 2554 1411 2606 sermone
1437 2527 1567 2606 tantun
1594 2538 1659 2610 sed
1685 2541 1719 2609 in
1783 2600 1785 2610 ,

243 2660 367 2730 virtute
394 2656 488 2727 etin
521 2653 639 2748 spiritu
673 2661 791 2723 sancto
825 2661 860 2722 et
890 2653 923 2722 iu
956 2635 1165 2746 §lenitudine
1196 2655 1317 2739 multa,
1343 2656 1439 2728 'sirart
1472 2657 1566 2728 scitis
1598 2660 1719 2751 quates

243 2780 405 2850 fuerimus
431 2775 533 2846 vohis
559 2782 703 2868 propter
728 2791 802 2842 vos.
846 2765 914 2842 ‘Et
941 2795 1005 2844 vos
1030 2773 1220 2845 imitatores
1245 2775 1354 2846 nostri
1381 2777 1460 2848 iacti
1486 2777 1569 2848 estis
1595 2787 1630 2846 et
1651 2778 1719 2849 du-

243 2901 333 2984 mini,
362 2897 576 2989 excipientes
603 2893 748 2966 uerbum
773 2893 808 2961 in
834 2892 1049 2964 tribulatione
1076 2893 1180 2964 multa
1204 2915 1281 2964 cum
1299 2897 1427 2987 gaudio
1447 2897 1583 2990 spiritus
1601 2899 1718 2982 sanati,

242 3012 315 3089 'ita
341 3028 378 3087 ut
402 3016 481 3086 iacti
508 3015 581 3085 sitis
608 3013 719 3086 forma
753 3001 912 3082 omnibus
935 3013 1154 3084 credentibus
1177 3015 1212 3083 iu
1229 3016 1457 3088 Machedonia
1475 3025 1510 3085 et
1527 3017 1562 3086 in
1579 3014 1718 3088 Achaia.

243 3128 305 3206 8Α
330 3135 432 3206 vohis
459 3135 550 3204 enim
577 3133 771 3202 diffamatus
797 3141 851 3201 est
875 3153 993 3203 sermo
1021 3133 1150 3203 domini
1176 3155 1247 3204 non
1274 3135 1385 3206 solum
1413 3135 1446 3205 in
1471 3133 1718 3208 Mathonem*

245 3266 281 3326 et
305 3257 339 3326 in
365 3253 504 3337 Achaia,
533 3252 598 3323 sed
622 3253 657 3321 iu
685 3251 778 3320 ouini
804 3251 882 3320 loco
910 3251 998 3322 fides
1024 3262 1140 3322 vestra
1166 3273 1255 3344 quae
1281 3264 1336 3324 est
1361 3255 1407 3326 ad
1432 3254 1538 3324 deum
1565 3257 1719 3348 protecta

245 3387 314 3460 est,
347 3377 393 3446 ita
420 3383 551 3444 utnon
577 3372 620 3442 sit
645 3369 746 3440 uobis
771 3389 918 3442 necesse
945 3372 1126 3463 quicquam
1153 3374 1262 3465 loqui:
1305 3367 1399 3467 ”ipsi
1427 3375 1518 3444 enim
1545 3375 1591 3444 de
1616 3375 1719 3446 uobis

245 3497 460 3578 adnuntiant,
494 3493 631 3586 qualem
658 3489 829 3560 introitum
857 3491 1077 3564 hahuerimus
1104 3493 1149 3563 ad
1175 3513 1256 3577 vos,
1293 3503 1328 3564 et
1352 3494 1533 3586 quomodo
1560 3495 1718 3564 conversi

245 3617 328 3687 estis
353 3616 400 3688 ad
421 3615 531 3686 ‘deum
558 3633 578 3682 a
605 3610 830 3696 simulachris,
857 3612 989 3682 seruire
1017 3611 1086 3684 deo
1113 3614 1193 3684 vivo
1221 3623 1385 3699 atvero,
1426 3607 1451 3652 ⁴⁰
1469 3624 1503 3685 et
1519 3623 1718 3707 expectare

246 3736 349 3808 filium
376 3735 448 3806 eius
476 3733 521 3804 de
548 3730 661 3816 caelis
691 3753 792 3823 quem
820 3732 997 3804 suscitavit
1023 3755 1070 3804 ex
1096 3733 1247 3819 mortuis,
1275 3735 1395 3819 lesum,
1423 3735 1480 3827 qui
1508 3734 1629 3827 eripuit
1653 3757 1718 3804 nos

246 3859 290 3928 ab
318 3858 367 3928 ira
392 3865 544 3930 ventura.

636 4177 655 4216 ,
966 4129 1000 4198 u.

321 4325 477 4406 ⁴‘⁸>Nam
496 4336 591 4406 scitis
618 4333 710 4428 'ipsi
736 4337 868 4417 iratres,
895 4335 1069 4406 introitum
1093 4347 1250 4409 nostrum
1282 4331 1344 4408 'ad
1370 4358 1444 4420 vos,
1473 4338 1551 4428 quia
1577 4357 1647 4406 nom
1664 4333 1716 4404 in·-

245 4453 319 4524 anis
343 4454 422 4537 fuit,
465 4447 558 4524 ²sed
584 4464 662 4524 ante
688 4455 783 4546 passi
808 4463 845 4524 ¹et
869 4455 1085 4527 contumeliis
1112 4455 1253 4540 adiecti,
1282 4461 1369 4528 siout
1396 4457 1506 4542 scitis,
1540 4457 1574 4526 in
1591 4453 1718 4546 Philip-

245 4575 313 4667 pis,
348 4573 508 4644 fiduciam
542 4573 723 4644 habuimus
756 4573 789 4642 in
821 4573 890 4643 deo
923 4585 1042 4646 nostro
1076 4577 1170 4668 loqui
1196 4577 1240 4647 ad
1267 4599 1333 4648 vos
1360 4577 1576 4668 evangelium
1603 4574 1660 4646 dei
1686 4575 1720 4644 in

245 4691 350 4764 muita
368 4692 606 4764 sollicitudine.
650 4686 663 4729 ³
677 4685 711 4739 (⁴)
729 4693 931 4764 Exhortatio
959 4696 1048 4766 enim
1074 4706 1192 4766 nostra
1219 4717 1288 4766 non
1315 4695 1360 4766 de
1386 4716 1507 4767 errore
1533 4715 1648 4788 neque
1674 4693 1720 4766 dc
1761 4691 1768 4700 '

244 4813 442 4885 immunditia
471 4833 599 4904 neque*
619 4813 652 4882 in
685 4811 783 4897 dolo,
822 4803 923 4885 *sed
949 4816 1036 4886 sicut
1060 4815 1197 4908 probati
1223 4837 1341 4886 sumus
1367 4837 1389 4886 a
1415 4816 1484 4888 deo
1512 4825 1550 4886 ut
1575 4811 1719 4886 'crede-

244 4944 337 5004 retur
361 4933 461 5004 nobis
487 4931 714 5024 evangelium,
742 4933 788 5004 ita
813 4933 995 5026 loquimur,
1022 4956 1092 5005 non
1117 4937 1216 5028 quasi
1243 4935 1439 5008 hominibus
1462 4937 1638 5028 placentes
1656 4931 1721 5005 sed

243 5053 314 5125 deo
341 5055 399 5146 qui
424 5051 552 5147 prohat
577 5051 686 5140 corda
712 5062 841 5124 nostra.
881 5044 942 5100 Μ’)
956 5053 1078 5148 Neque
1104 5056 1194 5125 enim
1222 5056 1407 5148 aliquando
1433 5057 1558 5127 inimus
1585 5055 1619 5124 in
1645 5075 1720 5125 ser-

244 5162 348 5246 mone
373 5173 594 5258 adutationis,
620 5172 709 5244 sicum
736 5173 845 5258 scitis,
882 5174 1055 5266 nequem
1083 5175 1266 5247 occasione
1293 5177 1472 5262 avaritiae,
1507 5177 1596 5248 usus
1623 5174 1720 5246 testis

847 5293 869 5378 Ι,
900 5295 912 5362 1
949 5331 994 5345 -
1022 5295 1057 5378 ll,
1087 5298 1119 5366 5.
