4254 6130
354 328 425 395 let)
801 331 907 392 LIBER
935 326 1086 394 Acruuu
1113 326 1393 392 hrostonouult

349 533 516 626 percipite
549 533 658 604 verba
691 553 779 602 mea.
834 524 860 572 ¹⁵
877 533 954 604 Non
989 532 1081 602 enim
1114 533 1202 603 sicut
1234 553 1300 604 vos
1335 532 1526 603 aestimatis
1561 533 1595 602 hi
1631 534 1715 606 ebrii
1750 546 1837 620 sunt,

350 671 428 722 cum
455 651 498 719 sit
531 651 617 722 hora
651 648 720 721 diei
755 649 869 735 tertia,
914 641 941 686 ⁴⁶
954 650 1020 721 sed
1052 650 1121 722 hoc
1155 649 1331 742 estquod
1358 649 1486 722 dictum
1514 659 1568 722 est
1594 654 1839 746 perprophe·

350 780 420 840 tam
450 768 545 838 lohel
595 759 621 802 33
638 769 677 836 Et
710 767 775 836 erit
808 766 843 837 iu
876 767 1072 839 novissimis
1106 767 1245 850 diebus,
1279 769 1361 840 dicit
1387 769 1564 853 dominus,
1593 768 1770 846 effundam
1793 770 1839 842 de

349 885 468 981 spiritu
500 907 581 956 meo
611 905 717 977 super
751 906 889 955 omnem
923 906 1081 968 carnem,
1115 893 1150 955 et
1183 887 1441 978 prophetabunt
1472 885 1529 956 filii
1554 887 1662 958 vestri
1688 897 1725 958 et
1749 887 1840 960 tiliae

348 1013 505 1087 vestrae,
534 1014 570 1074 et
603 1003 747 1074 iuvenes
777 1002 884 1074 vestri
916 1003 1069 1074 visiones
1101 1001 1283 1088 videbunt,
1320 1013 1356 1074 et
1389 1004 1546 1076 seniores
1573 1005 1677 1076 vestri
1705 1006 1840 1076 somnia

349 1123 586 1192 somniabunt:
630 1112 656 1156 33
674 1128 709 1190 et
736 1118 876 1212 quidem
904 1141 1011 1214 super
1037 1141 1161 1192 servos
1188 1142 1289 1191 meos
1317 1130 1353 1192 et
1378 1141 1486 1214 super
1503 1125 1654 1194 ancellas
1680 1144 1778 1194 meas
1804 1125 1839 1196 in

348 1240 471 1311 diebus
497 1239 561 1310 illis
588 1238 762 1309 effundam
789 1239 835 1308 de
862 1239 982 1332 spiritu
1008 1260 1106 1323 mec,
1140 1248 1175 1308 et
1200 1239 1468 1330 prophetabunt.
1520 1232 1546 1278 33
1561 1241 1605 1310 Et
1631 1241 1725 1314 dabo
1751 1263 1837 1334 pro-

347 1359 439 1450 digia
471 1357 632 1427 incaelo
668 1379 805 1427 sursum
840 1365 876 1426 et
913 1355 1011 1447 signa
1044 1357 1078 1426 in
1106 1366 1198 1427 terra
1224 1356 1401 1440 deorsum,
1428 1358 1632 1448 sanguinem
1659 1369 1695 1430 et
1719 1360 1836 1451 ignem

347 1487 383 1547 et
407 1495 576 1567 vaporem
611 1474 701 1544 lumi.
753 1465 780 1510 33
797 1475 857 1545 Sol
891 1483 1113 1544 convertetur
1143 1475 1178 1543 in
1211 1475 1375 1546 tenebras
1408 1484 1444 1544 et
1468 1475 1554 1554 ltma
1572 1477 1607 1546 iu
1633 1473 1835 1568 sanguinem

347 1603 426 1664 ante
453 1615 556 1685 pram
582 1591 699 1662 veniat
724 1591 801 1662 dies
828 1591 959 1664 domini
985 1571 1132 1684 magnus
1167 1601 1203 1662 et
1236 1594 1445 1664 manifestus.
1497 1585 1521 1630 33
1541 1593 1584 1664 Et
1617 1594 1695 1676 erit,
1723 1593 1835 1664 omnis

347 1712 555 1807 quicumque
582 1709 794 1781 invocaverit
820 1731 948 1782 nomen
974 1709 1105 1781 domini
1131 1710 1248 1782 salvus
1275 1711 1347 1782 erit
1399 1703 1426 1748 ¹²
1439 1711 1508 1782 Viri
1533 1711 1742 1795 Israhelitae,
1769 1733 1833 1780 au-

230 1903 236 1916 ,
346 1829 416 1900 dite
442 1829 552 1900 verba
578 1827 676 1898 haec.
729 1828 842 1898 lesum
868 1829 1094 1912 Nazarenum,
1122 1827 1232 1899 virum
1260 1827 1491 1920 adprobatum
1527 1830 1646 1902 adeo
1672 1829 1707 1898 in
1733 1827 1834 1900 vobis

345 1947 526 2018 virtutibus
552 1955 588 2016 et
613 1943 782 2037 prodigiis
811 1957 845 2016 et
872 1945 989 2037 signis,
1018 1967 1108 2038 quae
1134 1946 1215 2018 lecit
1240 1946 1424 2038 perillum
1450 1947 1540 2018 deus
1565 1949 1600 2018 in
1626 1946 1744 2018 medio
1770 1968 1834 2017 ve-

344 2065 415 2154 stri,
442 2065 530 2134 sicut
557 2085 621 2134 vos
648 2062 756 2147 scitis,
809 2057 836 2102 33
853 2064 944 2134 hunc
978 2063 1120 2134 delinito
1156 2063 1300 2136 consilio
1328 2063 1556 2156 praescientia
1588 2064 1647 2137 dei
1673 2063 1834 2136 traditum

285 2271 292 2286 ἱ
345 2206 409 2276 per
442 2205 564 2253 manus
596 2181 790 2272 iniquorum
826 2179 1021 2272 adfigentes
1056 2179 1294 2252 interemistis:
1350 2171 1377 2218 33
1393 2203 1498 2272 quem
1536 2181 1625 2254 deus
1658 2181 1834 2254 suscitavit

345 2301 465 2372 solutis
493 2299 673 2373 doloribus
698 2297 828 2381 interni,
855 2297 953 2370 iuxta
980 2297 1077 2389 quod
1102 2298 1304 2390 inpossibile
1339 2309 1413 2368 erat
1447 2287 1553 2370 teneri
1585 2301 1679 2372 illum
1706 2300 1751 2370 ab
1777 2320 1831 2370 eo.

343 2411 492 2489 ²5David
527 2418 617 2488 enim
660 2415 740 2487 dicit
777 2415 811 2483 in
846 2435 927 2484 eum
960 2414 1193 2486 Providebam
1233 2416 1410 2487 dominum
1439 2439 1557 2487 coram
1592 2439 1649 2488 me
1682 2437 1830 2508 semper,

344 2536 506 2628 quoniam
534 2556 555 2604 a
582 2534 714 2604 dextris
742 2531 912 2618 esturmi,
940 2554 984 2602 ne
1012 2554 1251 2603 commovear:
1302 2526 1329 2568 33
1345 2543 1489 2626 propter
1522 2535 1590 2605 hoc
1623 2533 1831 2605 delectatum

344 2663 398 2722 est
424 2673 483 2720 cor
514 2632 630 2720 meum
664 2659 700 2719 et
733 2649 900 2719 exultavit
933 2649 1046 2740 lingua
1080 2672 1174 2734 mea,
1207 2649 1348 2744 insuper
1375 2659 1410 2720 et
1435 2672 1518 2720 caro
1545 2672 1623 2722 mea
1648 2651 1832 2743 requiescit

344 2772 377 2840 in
403 2790 487 2860 spe,
532 2760 558 2804 33
576 2766 738 2858 quoniam
770 2786 841 2836 non
874 2766 1094 2858 derelinques
1121 2767 1270 2838 animam
1296 2789 1411 2840 meam
1445 2769 1479 2838 in
1504 2769 1645 2854 interno,
1673 2791 1739 2842 nec
1764 2769 1830 2841 da-

341 2889 396 2958 bis
423 2895 579 2956 sanctum
607 2895 701 2956 tuum
727 2883 850 2956 videre
877 2885 1143 2976 corruptionem.
1196 2876 1223 2920 33
1239 2886 1349 2958 Notas
1375 2884 1455 2959 mihi
1482 2887 1591 2957 fecisti
1625 2887 1701 2958 vias
1728 2888 1830 2970 vitae
1890 2981 1895 2986 Ι

344 3003 493 3097 replebis
526 3024 583 3074 me
614 3001 823 3074 iucunditate
857 3023 935 3072 cum
967 3001 1054 3074 laoie
1087 3012 1155 3074 tua.
1208 2995 1235 3040 33
1252 3004 1318 3076 Viri
1354 3005 1495 3087 tratres,
1530 3004 1633 3076 liceat
1664 3005 1829 3078 audenter

342 3124 460 3196 dicere
486 3121 533 3194 ad
560 3141 625 3193 vos
653 3119 699 3190 de
726 3120 921 3212 patriarcha
947 3119 1070 3202 David,
1098 3120 1260 3211 quoniam
1288 3132 1323 3194 et
1350 3121 1531 3194 dehructus
1564 3131 1618 3192 est
1650 3131 1685 3194 et
1711 3124 1830 3215 scpul-

343 3253 398 3314 tus
429 3249 500 3322 est,
533 3249 569 3310 et
603 3238 822 3332 sepulchrum
857 3238 930 3310 eius
965 3245 1019 3307 est
1052 3239 1146 3329 apud
1179 3259 1244 3312 nos
1279 3260 1390 3332 usque
1423 3239 1457 3308 in
1491 3237 1695 3312 hodiernum
1727 3241 1829 3312 diem.

340 3351 367 3396 ³⁰
384 3359 557 3450 Propheta
584 3356 686 3447 igitur
713 3377 792 3428 cum
820 3365 914 3428 esset
940 3365 975 3426 et
1001 3355 1105 3426 sciret
1131 3357 1212 3447 quia
1245 3357 1464 3430 iureiurando
1498 3356 1647 3430 imasset
1672 3357 1831 3430 illidens

342 3479 388 3548 de
420 3479 532 3548 trunto
563 3461 693 3544 ventris
728 3474 803 3544 eius
838 3474 965 3546 sedere
999 3495 1104 3566 super
1136 3473 1259 3548 sedem
1292 3475 1379 3559 eius,
1431 3465 1453 3509 33
1474 3475 1665 3564 providens
1697 3476 1831 3546 locutus

236 3667 238 3672 .
342 3605 396 3666 est
422 3595 468 3668 de
494 3591 749 3664 resurrectione
777 3591 912 3676 Christi,
948 3591 1026 3683 quia
1062 3613 1176 3684 neque
1203 3592 1388 3666 derelictus
1420 3601 1474 3666 est
1500 3591 1534 3662 in
1559 3593 1690 3666 interno
1716 3613 1830 3684 neque

340 3735 424 3786 caro
458 3713 533 3784 eius
567 3709 653 3780 vidit
696 3710 963 3802 corruptionem.
1024 3701 1051 3746 ³²
1067 3710 1164 3782 liuns
1197 3711 1310 3783 lesum
1344 3709 1561 3784 resuscitavit
1595 3711 1703 3795 deus,
1734 3710 1830 3780 cuius

341 3849 463 3902 omnes
488 3850 553 3900 nos
580 3837 689 3900 testes
716 3849 845 3899 sumus.
897 3819 924 3866 33
940 3828 1096 3900 Dextera
1123 3828 1224 3920 igitur
1250 3827 1307 3898 dei
1334 3829 1506 3903 exaltatus
1533 3837 1568 3898 et
1598 3827 1828 3920 promissione

340 3946 478 4040 spiritus
505 3946 613 4018 sancti
640 3953 785 4037 accepta
813 3966 833 4016 a
860 3953 960 4036 patre
986 3945 1105 4022 effudit
1130 3948 1222 4018 hunc
1248 3967 1353 4038 quem
1388 3967 1453 4021 vos
1483 3945 1606 4018 videtis
1633 3955 1668 4014 et
1693 3942 1827 4016 auditis.

339 4054 366 4102 33
383 4065 460 4136 Non
486 4063 577 4134 enim
603 4063 716 4134 David
751 4062 908 4135 ascendit
940 4062 975 4132 in
998 4065 1144 4134 caelos:
1180 4063 1261 4134 dicit
1295 4071 1411 4136 autem
1446 4064 1522 4155 ipse
1555 4062 1641 4136 llicit
1667 4059 1828 4134 dominus

234 4177 236 4186 '
341 4183 484 4254 domino
510 4203 591 4254 mec
618 4181 713 4256 Sede
739 4203 758 4250 a
786 4180 921 4252 dextris
948 4180 1034 4252 meis
1077 4173 1105 4218 33
1123 4182 1236 4256 donec
1261 4203 1390 4274 ponam
1416 4181 1571 4255 inimicos
1597 4189 1675 4253 tuos
1702 4177 1828 4250 scabil-

340 4303 409 4372 lum
436 4299 567 4394 pedum
595 4308 741 4373 tuorum.
793 4289 820 4334 33
838 4297 1034 4373 Certissima
1061 4319 1148 4390 ergo
1183 4299 1270 4372 sciat
1295 4299 1407 4370 omnis
1439 4299 1565 4373 domus
1591 4297 1721 4371 lsrabel
1748 4296 1829 4388 quia

339 4429 374 4490 et
399 4418 577 4492 dominum
609 4437 687 4486 eum
721 4426 757 4488 et
783 4415 950 4490 Christum
978 4416 1066 4490 deos
1097 4417 1190 4502 tacit,
1228 4418 1316 4488 hunc
1341 4417 1456 4488 lesum
1491 4437 1596 4508 quem
1622 4437 1688 4488 vos
1715 4416 1828 4488 cruci-

281 4613 284 4618 ,
339 4535 470 4610 fimus.
523 4525 549 4570 33
566 4535 626 4606 llis
654 4543 769 4609 autem
796 4535 920 4607 auditis
947 4535 1128 4627 conpuncti
1155 4544 1234 4608 suut
1261 4534 1370 4607 corde
1388 4544 1423 4608 et
1441 4534 1603 4606 dixerunt
1626 4533 1672 4607 ad
1690 4533 1828 4607 Petrum

339 4663 375 4724 et
401 4655 448 4728 ad
473 4652 626 4744 reliquos
653 4653 832 4744 apostolos
859 4649 950 4736 Quid
976 4653 1151 4737 tumemus,
1179 4653 1243 4725 viri
1269 4654 1419 4724 tratres?
1470 4646 1498 4690 ³⁸
1514 4653 1636 4724 Petrus
1668 4671 1755 4722 vero
1782 4648 1829 4725 ad

217 4829 219 4836 .
337 4771 412 4844 illos
448 4771 711 4854 Paenitentiam,
754 4771 875 4862 inquit,
911 4771 1013 4863 agite,
1048 4780 1082 4840 et
1113 4771 1308 4861 baptizetur
1341 4770 1576 4864 unusquisque
1610 4777 1764 4843 vestrum
1795 4769 1829 4838 in

337 4890 474 4963 nombre
508 4888 639 4962 domini
672 4891 749 4964 lesu
784 4889 906 4962 Christi
937 4888 972 4963 iu
1004 4887 1245 4962 remissionem
1285 4900 1509 4980 peccatorum
1544 4897 1757 4970 vestrorum,
1793 4893 1830 4960 et

337 5007 511 5098 accipietis
546 5007 677 5085 donum
710 5009 819 5087 sancti
854 5007 1009 5100 spiritus:
1059 4997 1086 5042 ³⁰
1098 5006 1199 5080 vobis
1233 5005 1323 5082 cuim
1359 5019 1414 5083 est
1440 5004 1663 5100 repromissio
1688 5013 1726 5076 et
1751 5001 1826 5076 filiis

467 5137 470 5144 '
963 5127 997 5207 ll,
1030 5127 1074 5198 ts
1103 5161 1154 5175 -
1182 5127 1240 5196 39.
