4102 6128
343 1511 348 1524 „
407 1399 701 1482 BEATISSIMO
734 1395 891 1477 PAPAE
924 1392 1147 1480 DAMASO
1178 1395 1512 1488 HIERONYMUS.

307 1717 456 1826 Novum
496 1775 585 1848 opus
626 1752 742 1822 facere
785 1771 841 1820 me
881 1751 979 1843 cogis
1019 1773 1066 1822 ex
1110 1751 1242 1836 veteri,
1284 1764 1323 1824 ut
1370 1765 1453 1848 post
1491 1764 1708 1856 exemplaria
1815 1839 1820 1846 ,

201 1874 452 1968 scripturarum
481 1884 552 1946 toto
587 1871 675 1942 orbe
709 1869 867 1962 dispersa
900 1871 999 1962 quasi
1027 1871 1170 1963 quidam
1204 1873 1338 1944 arbiter
1365 1872 1510 1948 sedeam
1537 1890 1587 1966 et,
1623 1885 1706 1976 quia

202 1997 289 2066 inter
324 2016 365 2065 se
399 1994 548 2079 variant,
583 2013 675 2085 quae
710 1990 777 2062 sint
808 1989 863 2060 illa
894 2011 984 2086 quae
1020 2013 1099 2063 cum
1139 2013 1269 2082 graeca
1305 1995 1525 2070 consentiant
1556 2002 1704 2078 veritate

95 2177 98 2183 .
201 2116 404 2188 decernam.
458 2114 536 2184 Pius
563 2113 682 2196 tabor,
718 2109 784 2181 sed
819 2109 1012 2204 periculosa
1028 2105 1032 2127 “
1046 2092 1288 2204 praesumtio,¹
1314 2110 1473 2188 iudicare
1505 2119 1550 2192 de
1577 2125 1704 2197 ceteris

203 2237 315 2330 ipsum
350 2236 397 2307 ab
434 2233 591 2304 omnibus
624 2230 864 2314 iudicandum,
899 2229 991 2300 senis
1027 2241 1164 2326 mutare
1197 2233 1358 2328 linguam
1399 2247 1433 2308 et
1470 2241 1704 2318 caniscentem

203 2357 371 2430 mundum
399 2354 446 2426 ad
472 2353 562 2424 initia
588 2352 769 2424 retrahere
803 2350 1032 2444 parvulorum.
1087 2351 1170 2436 Quis
1203 2351 1297 2424 enirn
1336 2353 1462 2430 doctus
1489 2363 1617 2454 pariter
1643 2369 1702 2440 vel

205 2478 384 2562 indoctae,
420 2497 498 2546 cum
532 2473 565 2543 in
602 2495 726 2544 manus
761 2473 924 2542 volumen
959 2469 1165 2542 adsumserit
1197 2483 1233 2544 et
1264 2495 1287 2544 a
1323 2477 1433 2550 saliva
1461 2503 1565 2574 quam
1592 2491 1704 2560 semel

207 2597 328 2670 inbibit
359 2595 485 2668 viderit
516 2593 718 2687 discrepare
749 2592 845 2686 quod
877 2591 1019 2676 lectitat,
1056 2614 1125 2664 uon
1158 2594 1272 2664 statim
1305 2609 1468 2692 erumpat
1500 2601 1699 2696 invocem,

209 2742 265 2789 mc
293 2717 467 2790 falsarium
496 2735 551 2784 me
577 2715 730 2786 clamans
756 2733 837 2784 esse
863 2711 1087 2804 sacrilegum,
1116 2713 1173 2805 qui
1201 2713 1351 2788 audeam
1379 2719 1509 2812 aliquid
1535 2724 1570 2796 in
1597 2739 1698 2802 vete·
1732 2747 1737 2754 ’

210 2841 305 2910 ribus
332 2835 429 2908 libris
456 2834 588 2906 addere
616 2843 750 2906 mutare
778 2832 978 2925 corrigere?
1023 2832 1218 2904 Adversum
1245 2857 1349 2928 quam
1377 2838 1541 2912 invidiam
1569 2847 1700 2941 duplex

211 2981 318 3032 causa
352 2978 409 3028 me
443 2957 654 3028 consolatur:
695 2952 791 3047 quod
823 2963 858 3026 et
893 2953 1012 3046 tuqui
1039 2975 1193 3026 summus
1220 2955 1388 3026 sacerdos
1415 2979 1455 3028 es
1482 2959 1555 3034 fieri
1583 2967 1695 3053 iubes,

212 3092 247 3152 et
272 3101 396 3150 verum
422 3097 492 3148 non
519 3095 598 3146 esse
626 3075 720 3169 quod
754 3075 863 3146 variat
897 3073 999 3146 etiam
1034 3073 1280 3146 maledicorum
1307 3053 1504 3150 testimo'nio
1532 3104 1695 3178 compro-

211 3203 322 3272 batur.
377 3199 412 3268 si
447 3196 537 3266 enim
569 3196 678 3266 latinis
711 3195 968 3289 exemplaribus
1004 3194 1091 3266 fides
1127 3203 1181 3266 est
1214 3193 1428 3280 adhibenda,
1456 3203 1697 3294 respondeant

214 3321 352 3414 quibus:
380 3326 432 3388 tot
457 3326 534 3386 sunt
559 3316 649 3386 enim
676 3338 766 3410 pene
794 3327 878 3410 quot
905 3315 1054 3395 codices
1109 3314 1166 3384 Sin
1193 3323 1307 3384 autem
1342 3317 1469 3387 veritas
1502 3331 1557 3390 est
1585 3346 1696 3416 quae-

214 3441 321 3512 renda
348 3439 394 3512 de
421 3435 588 3530 pluribus,
617 3459 677 3508 cur
702 3459 771 3508 non
799 3435 844 3508 ad
871 3456 1011 3529 grecam
1039 3433 1206 3526 originem
1223 3442 1438 3506 revertentes
1456 3459 1500 3510 ea
1518 3462 1611 3533 quae
1637 3445 1694 3514 vei

214 3560 392 3634 avitiosis
417 3556 660 3649 interpretibus
687 3559 776 3628 male
803 3557 895 3628 edita
922 3556 977 3626 vel
1004 3577 1024 3628 a
1052 3553 1346 3648 praesumtoribus
1372 3556 1540 3652 imperitis
1568 3583 1692 3636 ernen-

214 3682 296 3756 data
323 3677 521 3774 perversius
546 3677 602 3748 vei
630 3699 650 3750 a
675 3677 821 3750 librariis
847 3675 1110 3749 dormitantibus
1136 3673 1255 3748 addita
1281 3687 1359 3748 sunt
1386 3688 1445 3752 aut
1462 3689 1593 3754 mutata
1612 3705 1693 3756 cor-

215 3802 381 3896 rigimus‘?
408 3799 530 3892 Neque
558 3819 642 3870 vero
670 3819 738 3891 ego
765 3797 945 3870 devetari
972 3796 1110 3891 disputo
1137 3803 1355 3882 testamento,
1383 3799 1479 3892 qnod
1506 3823 1527 3872 a
1554 3813 1698 3897 septua-
1764 3821 1768 3836 ’

215 3923 307 4015 ginta
333 3919 528 3990 senioribus
554 3918 587 3988 iu
614 3941 775 4010 graecam
802 3917 951 4010 linguam
978 3939 1117 3988 versum
1145 3915 1244 3986 tertio
1279 3918 1390 4009 gradu
1425 3921 1471 3992 ad
1497 3942 1562 3990 nos
1588 3944 1698 4014 usque

215 4039 380 4136 pervenit.
441 4037 518 4110 Non
556 4060 687 4131 quaero
723 4037 806 4131 quid
844 4039 966 4131 Aquila
1006 4037 1088 4131 quid
1128 4037 1356 4130 Symmachus
1391 4040 1542 4135 sapiant,
1586 4063 1695 4132 quare

217 4158 410 4232 Theodotio
436 4158 524 4228 inter
549 4180 662 4230 novos
688 4168 722 4228 et
747 4167 886 4229 veteres
912 4157 1047 4230 medius
1073 4159 1227 4230 incedat:
1262 4159 1306 4230 sit
1331 4159 1387 4229 illa
1412 4181 1498 4232 vera
1524 4159 1696 4254 interpre-

217 4283 298 4364 tatio
334 4301 438 4373 quam
473 4279 621 4372 apostoli
662 4279 906 4372 probaverunt.
966 4281 1018 4352 De
1058 4299 1150 4350 novo
1189 4300 1279 4350 nnnc
1318 4277 1444 4370 loquor
1480 4262 1696 4368 testamento,

216 4401 311 4496 quod
344 4421 509 4492 graecum
540 4421 610 4471 non
642 4398 785 4470 dubium
817 4407 885 4482 est,
920 4408 1072 4493 excepto
1099 4399 1259 4494 apostolo
1285 4397 1455 4483 Matthe0‚
1484 4400 1541 4490 qui
1568 4401 1697 4493 primus

216 4523 249 4594 in
274 4519 404 4600 Iudaea
431 4519 648 4620 evangelium
676 4518 799 4590 Christi
826 4519 987 4592 hebraeis
1013 4519 1133 4590 litteris
1160 4519 1277 4590 edidit.
1336 4519 1411 4590 Hoc
1437 4529 1532 4589 certe
1559 4509 1637 4590 cum
1664 4523 1698 4592 in

216 4653 336 4716 nostro
363 4660 525 4711 sermone
552 4639 730 4710 discordat
755 4648 790 4709 et
817 4637 976 4712 diversos
1002 4640 1188 4712 rivulorum
1216 4639 1370 4710 tramites
1395 4639 1504 4724 ducit,
1539 4633 1625 4726 'uuo
1652 4631 1724 4712 de'

216 4765 309 4834 tonte
353 4755 606 4852 'merendum
642 4769 705 4830 est.
768 4759 1005 4832 Praetermitto
1040 4783 1103 4832 eos
1138 4759 1279 4832 codices
1315 4779 1405 4849 quos
1436 4778 1457 4828 a
1486 4758 1636 4830 Luciano
1663 4773 1698 4832 et

216 4881 389 4976 hesychio
423 4889 637 4972 nuncupatos
676 4901 865 4974 paucorum
905 4881 1078 4952 hominum
1119 4879 1250 4952 adserit
1298 4899 1464 4971 perversa
1507 4882 1696 4954 contentio:

216 5004 342 5098 quibus
376 4999 492 5095 utique
533 5019 598 5070 nec
636 5000 670 5072 in
707 5001 817 5072 veteri
856 4988 1079 5072 instrumento
1116 5010 1196 5094 post
1235 4999 1452 5092 septuaginta
1491 4999 1698 5096 interpretes

217 5122 405 5196 emendare
439 5119 521 5214 quid
553 5119 644 5191 licuit
683 5142 749 5192 nec
781 5123 814 5193 in
847 5143 940 5192 novo
969 5121 1098 5214 profuit
1138 5119 1362 5204 emendasse,
1397 5140 1475 5190 curn
1516 5125 1696 5194 multarum

218 5246 368 5338 gentium
405 5241 525 5332 linguis
558 5241 723 5334 scriptura
755 5251 834 5312 ante
868 5241 1029 5313 translata
1067 5241 1193 5323 doceat
1226 5242 1310 5312 falsa
1343 5260 1423 5310 esse
1457 5262 1546 5332 quae
1578 5243 1696 5315 addita

1369 5363 1381 5430 t
