4254 6130
282 337 285 348 ’
362 317 433 386 1116
751 315 989 382 uvtucuuuu
1016 316 1215 380 SECUNDUM
1241 309 1437 382 {cubabunt

300 542 306 554 ·
363 520 447 606 Quis
474 531 528 596 est
553 519 607 594 iile
633 519 740 594 homo
767 519 823 614 qui
850 519 937 592 dixit
963 519 1022 591 tibi
1050 521 1145 594 Tolle
1171 521 1366 614 grabattum
1393 527 1486 590 tuum
1515 528 1551 592 et
1567 519 1730 592 ambula?
1769 510 1838 596 ⁴³1s

364 651 479 716 autem
506 641 564 735 qui
588 661 692 714 sanus
719 640 828 713 uerat
854 640 997 712 effectus
1022 639 1201 714 nesciebat
1226 640 1302 734 quis
1337 647 1462 712 essetz·
1479 639 1574 712 lesus
1606 639 1697 712 enirn
1730 639 1837 712 decli-

365 763 503 862 navita
531 760 630 834 turba
657 759 838 832 constituta
865 759 898 830 in
923 760 1012 834 loco.
1064 751 1089 798 ¹⁴
1101 760 1228 836 Postea
1254 759 1381 834 invenit
1411 781 1493 832 eum
1520 759 1615 832 lesus
1648 760 1682 830 in
1709 761 1837 855 templo

360 881 398 952 et
422 879 509 954 dixit
533 881 577 952 illi
602 880 693 978 Ecce
719 901 823 954 sanus
849 880 958 952 iactus
984 900 1039 951 es:
1065 879 1132 954 iam
1159 882 1228 954 noli
1253 902 1411 975 peccare,
1438 899 1482 952 no
1510 878 1661 954 deterius
1687 880 1749 952 tibi
1774 882 1836 956 aii·

361 999 445 1093 quid
470 999 652 1093 contingat.
706 991 733 1036 ⁴⁵
748 997 840 1072 Abiit
873 999 928 1072 ibe
962 977 1068 1074 homo
1101 1011 1136 1076 et
1161 1001 1325 1074 nuntiavit
1356 999 1490 1073 ludaeis
1517 998 1596 1092 quia
1622 1000 1718 1074 lesus
1744 1012 1837 1074 esset

361 1121 420 1214 qui
444 1121 523 1194 iecit
554 1142 633 1193 eum
669 1141 800 1197 sanum.
852 1111 879 1156 ⁴⁶
896 1120 1085 1214 Propterea
1119 1121 1419 1216 persequebantur
1451 1119 1568 1192 ludaei
1598 1120 1725 1205 lesum,
1758 1121 1837 1214 quia

361 1239 449 1314 haec
474 1241 621 1314 iaciebat
646 1239 679 1312 in
706 1240 864 1314 sabbato.
917 1233 943 1276 ¹⁷
959 1241 1053 1314 iesus
1081 1251 1195 1314 autem
1228 1241 1408 1336 respondit
1439 1241 1491 1315 eis
1517 1238 1619 1312 Pater
1650 1261 1750 1312 meus
1775 1262 1836 1312 us-

362 1383 430 1454 que
455 1360 562 1434 modo
589 1370 761 1458 operatur,
788 1369 823 1432 et
848 1381 916 1454 ego
943 1383 1080 1456 operor.
1124 1353 1151 1398 ⁴⁸
1163 1362 1352 1460 Propterea
1380 1381 1465 1454 ergo
1493 1361 1603 1453 magis
1624 1359 1837 1454 quaerebant

362 1501 443 1556 eum
466 1480 583 1554 Iudaei
607 1479 808 1566 interficere,
835 1481 913 1574 quia
939 1503 1008 1554 non
1034 1481 1145 1554 solum
1171 1483 1330 1556 solvebat
1348 1480 1540 1566 sabbatum,
1568 1479 1685 1554 scd-et
1701 1489 1836 1574 patrem

358 1623 461 1676 suum
486 1600 624 1675 dicebat
650 1599 763 1686 deum,
791 1603 971 1695 aequalem
1005 1622 1044 1672 se
1078 1601 1206 1674 faciens
1239 1602 1319 1676 deo.
1371 1599 1561 1694 Respondit
1593 1600 1707 1694 itaque
1741 1600 1836 1672 lesus

362 1731 399 1794 et
430 1720 517 1794 dixit
550 1721 602 1794 cis
654 1714 680 1760 ¹⁹
695 1719 807 1794 Amen
841 1743 942 1794 amen
977 1721 1057 1794 dico
1089 1721 1206 1808 vobis,
1244 1745 1314 1796 non
1344 1729 1460 1816 potest
1491 1719 1577 1794 filius
1609 1741 1696 1794 ase
1721 1705 1850 1792 iacere

362 1841 546 1934 ‹pricquam
571 1841 635 1912 nisi
661 1841 757 1934 quod
781 1841 906 1915 viderit
931 1851 1064 1936 patrem
1091 1841 1289 1916 facientem:
1322 1861 1562 1936 quaecumque
1587 1841 1676 1914 enim
1704 1840 1759 1912 ille
1784 1841 1835 1914 ie-

361 1961 456 2046 ceria
483 1962 570 2034 baec
596 1971 634 2034 et
657 1961 743 2034 fitius
775 1961 925 2036 similiter
956 1961 1045 2034 iacit.
1097 1953 1124 1998 ’Ἰ
1140 1961 1241 2036 Pater
1273 1965 1362 2034 enim
1399 1961 1505 2054 diligit
1532 1960 1634 2034 filium
1661 1971 1696 2034 et
1722 1960 1836 2034 omnia

361 2081 577 2156 demonstrat
607 2083 639 2155 ei
673 2103 762 2175 quae
793 2083 867 2176 ipse
899 2081 990 2154 tacit:
1018 2091 1053 2152 et
1079 2082 1207 2154 maiora
1235 2082 1287 2156 bis
1313 2081 1565 2156 demonstrabit
1591 2081 1622 2154 ei
1649 2103 1774 2176 opera,
1802 2089 1837 2152 ut

362 2223 429 2274 vos
454 2201 629 2276 miremini.
681 2192 704 2238 ²⁴
724 2202 818 2276 Sicut
843 2201 933 2274 enim
965 2209 1064 2295 pater
1099 2202 1240 2274 suscitat
1276 2211 1443 2290 mortuos
1463 2213 1498 2274 et
1530 2202 1695 2288 vivificat,
1729 2201 1838 2274 sicet

362 2321 450 2396 iilius
483 2343 572 2416 quos
604 2323 675 2394 vuit
707 2321 863 2395 vivificat.
915 2313 942 2362 ¹²
957 2322 1079 2416 Neque
1112 2322 1202 2396 enirn
1236 2333 1334 2417 pater
1368 2321 1496 2396 iudicat
1522 2343 1745 2416 quemquem,
1772 2321 1836 2396 sed

362 2442 522 2516 iudicium
549 2464 651 2514 omne
677 2443 775 2516 dedit
798 2442 883 2528 filio,
925 2435 952 2482 ²³
968 2453 1005 2516 ut
1030 2463 1152 2516 ornnes
1184 2442 1410 2518 honorificent
1440 2441 1543 2516 tilium
1576 2441 1662 2518 sicut
1696 2442 1836 2516 honori-

363 2561 466 2636 ficant
490 2571 640 2656 patrem:
667 2552 743 2610 “⁰²⁴2
761 2563 818 2657 qui
844 2584 915 2636 non
940 2563 1143 2636 honorificat
1168 2563 1280 2650 filium,
1309 2587 1376 2638 noo
1404 2561 1604 2638 honorificat
1628 2573 1761 2658 patrem
1780 2562 1836 2656 qui

363 2683 453 2754 misit
477 2683 578 2754 illum.
631 2673 881 2754 M¹·¹⁰·‘Amen
908 2705 1007 2756 ameo
1034 2683 1113 2758 dico
1139 2684 1240 2756 vobis
1265 2683 1344 2777 quia
1371 2682 1428 2777 qui
1461 2683 1606 2758 verbum
1633 2705 1747 2758 meum
1774 2705 1836 2754 au-

365 2803 474 2876 ditet
499 2803 609 2876 credit
635 2804 667 2876 ei
693 2805 750 2898 qui
776 2803 867 2874 misit
892 2825 958 2889 me,
986 2804 1091 2876 habet
1115 2805 1220 2878 vitam
1246 2813 1431 2888 aeternam,
1459 2813 1494 2876 et
1521 2803 1554 2876 in
1579 2803 1739 2878 iudicium
1765 2823 1834 2874 non

265 2943 269 2950 ·
363 2923 478 2996 veniet
516 2923 582 2996 sed
613 2924 753 2996 transiet
786 2947 807 2995 a
841 2933 952 2995 morte
984 2923 1018 2994 in
1054 2924 1164 2996 vitam.
1216 2917 1366 2994 ¹⁵Amen
1398 2943 1500 2994 anren
1525 2924 1604 2998 diro
1631 2923 1732 2996 vobis
1757 2921 1836 3017 quia

363 3044 456 3116 venit
480 3044 566 3116 horn
598 3055 633 3116 et
663 3066 754 3116 nunc
787 3053 855 3130 est,
889 3044 1029 3138 quando
1064 3045 1187 3117 mortui
1219 3042 1359 3115 audient
1392 3065 1517 3115 vocem
1543 3043 1600 3116 filii
1626 3043 1692 3128 dei,
1720 3053 1754 3115 ct
1779 3042 1835 3135 qui

363 3163 531 3238 audierint
547 3164 671 3238 event.
723 3156 750 3202 ⁸
767 3165 859 3239 Sicut
883 3165 974 3238 enim
999 3173 1098 3258 pater
1122 3163 1229 3238 babet
1253 3163 1358 3236 vitam
1386 3161 1418 3235 in
1444 3175 1557 3238 seroct
1581 3165 1668 3258 ipso,
1696 3163 1744 3236 sic
1771 3163 1835 3236 de-

363 3284 413 3358 dit
438 3294 473 3357 et
498 3283 565 3360 filio
593 3285 696 3360 vitam
721 3285 851 3358 habere
877 3285 910 3358 io
937 3285 1166 3379 semetipso,
1209 3273 1237 3318 ²⁷
1254 3293 1290 3354 et
1311 3287 1523 3376 'potestatem
1550 3283 1647 3358 dedit
1673 3285 1706 3356 ei
1731 3293 1766 3356 et
1783 3282 1835 3354 iu·

363 3404 489 3479 dicium
514 3407 639 3490 facere
667 3405 746 3498 quia
771 3403 858 3480 filius
885 3404 1030 3480 bominis
1061 3413 1124 3476 eet.
1175 3395 1202 3442 ¹⁸
1218 3401 1331 3480 Nolite
1362 3401 1478 3480 mirari
1510 3404 1595 3490 boc,
1630 3405 1711 3498 quia
1743 3401 1838 3478 venit

363 3525 449 3600 bora
474 3525 508 3596 in
534 3547 603 3618 qua
629 3547 751 3598 omnes
778 3527 835 3620 qui
861 3526 894 3598 in
926 3525 1155 3598 monumentis
1181 3533 1258 3596 srmt
1290 3521 1429 3596 audient
1462 3546 1586 3598 vocem
1619 3525 1709 3609 eius,
1759 3515 1786 3560 ”
1802 3531 1836 3594 et

346 3645 555 3739 procedent
580 3645 638 3742 qui
664 3647 756 3718 bona
782 3647 934 3720 iecerunt
958 3646 991 3716 in
1017 3643 1302 3718 resurrectionem
1328 3643 1430 3729 vitae,
1458 3645 1513 3739 qui
1531 3667 1618 3718 vern
1638 3647 1727 3722 mala
1749 3664 1834 3736 ege-

364 3775 442 3840 runt
474 3768 509 3840 in
541 3767 828 3838 resurrectionem
862 3765 984 3840 iudicii.
1037 3757 1150 3837 ³⁰Non
1189 3785 1333 3858 possum
1366 3783 1432 3857 ego
1467 3787 1487 3836 a
1518 3769 1577 3840 tue
1609 3765 1686 3860 ipso
1720 3765 1834 3838 tacere

364 3885 563 3978 qucquam:
591 3885 679 3960 siout
704 3885 806 3960 audio
833 3885 963 3972 iodico;
998 3897 1033 3958 et
1064 3884 1224 3959 iudicium
1257 3906 1371 3960 meum
1405 3883 1529 3958 iustum
1562 3895 1625 3971 est,
1661 3873 1736 3932 (Μ)
1754 3883 1834 3977 quia

364 4025 436 4080 non
459 4025 590 4098 qrraero
617 4007 828 4080 voluntatem
854 4025 967 4078 meam
986 4004 1050 4078 scd
1069 4005 1277 4078 voluntatem
1295 4004 1370 4076 eius
1387 4005 1446 4097 qui
1459 4026 1516 4078 me
1533 4004 1633 4080 misit.
1658 3995 1682 4042 ³¹
1697 3996 1784 4052 (Μ)
1799 4004 1835 4076 Si

364 4147 432 4218 ogo
466 4125 697 4202 testimonium
728 4125 897 4220 perhibeo
931 4125 977 4199 de
1014 4147 1087 4211 rae,
1119 4125 1347 4212 testimonium
1383 4146 1497 4200 meum
1523 4145 1594 4200 nnn
1619 4133 1673 4198 cst
1697 4145 1834 4199 verum:
1910 4148 1913 4154 ·

364 4237 390 4286 ³
407 4246 494 4322 aliae
521 4255 575 4322 est
601 4247 658 4338 qui
684 4243 912 4320 testimonium
938 4245 1095 4339 perbibet
1120 4243 1167 4318 de
1194 4267 1267 4332 rue,
1294 4255 1330 4320 ct
1348 4245 1428 4320 scio
1455 4245 1534 4338 quia
1558 4267 1679 4320 verum
1703 4255 1756 4318 est
1781 4256 1835 4318 te-

364 4366 559 4444 stimonium
586 4366 683 4459 quod
707 4363 866 4460 perbibet
890 4364 937 4440 dc
963 4386 1029 4440 me.
1080 4357 1107 4402 ³¹
1123 4367 1193 4440 Vos
1219 4364 1357 4442 misistis
1383 4364 1430 4440 ad
1455 4365 1650 4452 Iohannem,
1677 4376 1713 4440 ot
1737 4367 1834 4440 testi·

363 4488 516 4563 nouum
542 4485 713 4580 perbibuit
738 4485 886 4560 veritati:
930 4475 956 4524 ³*
969 4507 1036 4580 eqo
1064 4495 1178 4560 autem
1205 4509 1272 4560 oon
1299 4485 1345 4561 ab
1371 4485 1510 4558 bomine
1527 4485 1757 4566 testimonium
1775 4509 1834 4560 oc-

364 4607 471 4702 cipio,
504 4607 570 4682 sed
600 4607 687 4680 haec
720 4606 800 4682 dico
826 4615 862 4680 ut
893 4628 957 4680 vos
992 4606 1077 4682 salvi
1112 4606 1191 4678 sitis.
1244 4598 1271 4646 ³⁵
1285 4606 1343 4681 illc
1378 4617 1453 4678 crat
1485 4607 1623 4682 lucerna
1649 4593 1775 4683 ardens
1801 4617 1836 4685 et

362 4721 491 4814 lucens
517 4750 583 4802 vos
610 4737 724 4803 autem
752 4727 903 4804 voluistis
929 4729 1085 4800 exulare
1112 4726 1158 4800 ad
1184 4725 1304 4802 boram
1336 4725 1369 4800 in
1395 4727 1471 4798 loce
1497 4725 1579 4800 eius.
1631 4717 1658 4766 ³⁶
1674 4729 1745 4819 Ego
1772 4749 1835 4802 au-

364 4857 433 4924 tem
466 4850 582 4924 babeo
608 4849 846 4924 'testimonium
882 4849 991 4924 maius
1031 4847 1198 4924 Iohanne:
1237 4867 1344 4942 opera
1378 4843 1469 4918 enim
1503 4867 1595 4938 qrmo
1628 4847 1725 4924 dedit
1756 4847 1836 4920 mibi

364 4979 462 5061 pater
489 4979 525 5044 ut
550 4969 726 5064 perficiam
753 4991 805 5056 ea,
831 4970 907 5065 ipsa
933 4989 1042 5066 opera
1069 4987 1159 5061 quae¹
1185 4987 1253 5060 ego
1279 4963 1367 5040 facio
1402 4965 1631 5044 testimonium
1656 4967 1837 5062 perbibent

364 5088 410 5164 de
436 5109 493 5164 me
519 5091 599 5184 quia
625 5103 725 5184 pater
750 5113 806 5164 me
833 5090 930 5164 misit.
982 5080 1009 5126 ³²
1021 5089 1063 5164 Et
1087 5088 1144 5182 qui
1170 5086 1261 5162 misit
1286 5107 1343 5162 me
1367 5096 1478 5182 pater,
1504 5085 1579 5181 ipse
1605 5085 1836 5166 testimonium

961 5211 998 5294 V,
1030 5212 1073 5282 13
1105 5249 1149 5266 -
1180 5202 1237 5287 37.
