4254 6130
390 347 462 422 160
784 347 1023 416 evacuation
1050 349 1251 414 SECUNDUM
1277 347 1472 414 tonnam

383 551 498 649 elegii
525 563 560 626 ει
585 577 631 626 ex
659 555 758 626 vobis
784 575 871 626 unus
898 553 1057 627 diabolus
1084 565 1145 626 εει.
1197 548 1220 593 ⁷⁴
1236 555 1379 628 Dicebat
1413 565 1528 627 autem
1563 555 1679 628 ludam
1706 512 1856 626 Simonis

383 674 561 747 Scariotis:
590 673 643 746 bic
670 675 760 746 enim
788 687 861 747 erat
887 673 1070 747 traditurus
1097 695 1186 761 eum,
1214 683 1410 748 comesset
1435 697 1523 747 nnus
1549 695 1596 746 ex
1623 673 1819 747 duodecim.

1091 951 1153 1021 Vll.

458 1153 572 1229 'Post
596 1157 685 1229 baec
712 1157 910 1230 ambulabat
935 1157 1029 1230 lesus
1057 1157 1090 1228 in
1117 1157 1320 1229 Galilaeam:
1358 1177 1427 1227 non
1462 1155 1551 1226 enim
1577 1157 1718 1229 volebat
1742 1159 1775 1230 in
1799 1161 1854 1230 lu-

384 1279 509 1353 daeam
535 1277 720 1362 ambulare,
748 1278 829 1371 quia
854 1277 1069 1371 quaerebant
1094 1297 1173 1348 eum
1206 1275 1324 1349 ludaei
1355 1273 1555 1347 interlicere.
1606 1270 1714 1351 ‘Erat
1741 1289 1854 1351 autem

384 1402 416 1470 in
443 1399 605 1494 proximo
630 1397 706 1470 dies
733 1399 839 1470 festus
863 1397 1068 1470 ludaeorum
1095 1396 1314 1492 scenopegia.
1357 1385 1554 1466 ³Dirrernnl
1580 1407 1693 1470 autem
1712 1399 1758 1472 ad
1776 1421 1854 1471 eum

383 1521 504 1590 batres
531 1518 604 1589 eius
629 1517 749 1588 Transi
775 1518 853 1589 hinc
879 1527 915 1589 ct
940 1517 1031 1590 vade
1066 1517 1099 1588 in
1131 1517 1309 1600 Iudaeam,
1337 1523 1374 1586 ut
1400 1524 1436 1588 ει
1461 1515 1616 1611 discipuli
1643 1519 1688 1592 tui
1717 1520 1857 1593 videant

385 1661 493 1734 opera
517 1648 575 1710 tua
602 1657 691 1732 quae
718 1638 814 1709 iacis:
864 1625 878 1674 ⁴
891 1659 992 1710 nemo
1030 1638 1120 1708 enim
1154 1636 1348 1708 inocculto
1382 1636 1509 1730 aliquid
1542 1638 1621 1708 iacit
1653 1649 1690 1710 et
1724 1641 1857 1732 quaerit

384 1761 517 1855 ipsein
544 1760 657 1854 palam
684 1777 781 1829 esse:
810 1759 838 1829 si
865 1757 953 1830 haec
980 1757 1073 1841 iacis,
1101 1755 1276 1827 maniiesta
1310 1765 1343 1826 te
1375 1755 1487 1850 ipsum
1514 1757 1652 1830 mundo.
1703 1751 1854 1853 ⁶Neque

384 1882 474 1952 enim
502 1881 623 1951 batres
650 1879 723 1952 eius
750 1879 939 1950 credebant
965 1879 998 1949 in
1016 1899 1105 1949 cnm
1154 1867 1267 1948 ⁶Dicit
1285 1897 1369 1969 ergo
1389 1876 1439 1948 eis
1458 1877 1553 1949 lesus
1571 1878 1722 1972 Tempus
1740 1901 1854 1951 meum

384 1999 536 2072 nondum
563 1999 664 2084 venit,
692 2009 825 2093 tempus
852 2007 964 2070 autem
992 2007 1142 2070 vestrum
1171 2017 1310 2091 semper
1335 2005 1389 2068 est
1415 2005 1580 2090 paratum.
1612 1991 1716 2070 ''Non
1742 2009 1856 2094 potest

385 2121 532 2192 mundus
560 2118 675 2191 odisse
702 2141 775 2204 vos,
803 2139 859 2188 me
885 2127 1000 2190 autern
1027 2118 1117 2204 odit,
1152 2117 1231 2210 quia
1265 2137 1333 2211 ego
1360 2115 1589 2190 testimonium
1615 2117 1783 2213 perhibeo
1810 2119 1855 2192 de

385 2241 442 2316 illo
469 2240 548 2334 quia
575 2259 683 2334 opera
717 2240 791 2311 eins
817 2239 906 2310 mala
933 2248 1018 2310 sunt
1070 2229 1170 2309 ⁸Vos
1197 2235 1373 2309 ascendite
1407 2235 1453 2308 ad
1478 2236 1571 2308 diem
1598 2239 1722 2312 iestum
1749 2241 1855 2314 hunc:

386 2381 454 2455 ego
481 2381 550 2432 non
583 2360 736 2432 ascendo
769 2359 814 2431 ad
847 2359 938 2432 diem
973 2359 1095 2431 iestnm
1129 2357 1246 2442 istum,
1282 2356 1359 2450 qnia
1393 2377 1507 2428 meum
1541 2367 1677 2454 tempus
1703 2361 1878 2434 nondum¹

385 2481 560 2575 impletum
587 2491 649 2550 est.
700 2471 821 2550 ’llaec
856 2501 933 2551 cum
969 2478 1127 2564 dixisset,
1159 2477 1234 2572 ipse
1260 2476 1384 2548 mansit
1410 2477 1443 2548 in
1470 2475 1628 2550 Galilaea.
1681 2472 1765 2554 10[Ιι
1791 2505 1855 2554 au-

386 2611 455 2672 tem
483 2599 711 2672 ascenderunt
737 2603 858 2672 babes
885 2599 967 2684 eius,
995 2607 1075 2672 tunc
1100 2607 1135 2671 et
1160 2598 1235 2693 ipse
1254 2595 1410 2670 ascendit
1437 2595 1482 2670 ad
1509 2597 1601 2670 diem
1618 2600 1758 2688 festum,
1786 2625 1856 2675 non

386 2720 563 2791 maniieste
590 2719 653 2792 sed
679 2721 777 2814 quasi
811 2721 844 2791 io
871 2720 1014 2812 occulto.
1066 2711 1088 2756 ¹¹
1108 2718 1221 2791 ludaei
1256 2739 1342 2810 ergo
1374 2719 1588 2812 quaerebant
1620 2735 1698 2792 eum
1734 2721 1766 2792 in
1800 2721 1856 2795 die

386 2841 473 2912 leste
500 2850 535 2911 ει
551 2839 720 2913 dicebant
747 2841 809 2914 Ubi
833 2849 887 2912 est
913 2839 995 2912 ille‘l
1027 2831 1053 2876 ¹²
1067 2839 1110 2910 Et
1135 2861 1287 2910 murmur
1313 2839 1436 2910 multus
1462 2838 1507 2911 de
1534 2861 1578 2911 eo
1597 2851 1671 2914 erat
1696 2843 1730 2913 in
1748 2844 1855 2916 turba.

388 2961 534 3048 Quidam
561 2960 651 3032 enirn
678 2961 838 3034 dicebant
864 2961 944 3055 quia
968 2960 1081 3032 bonus
1108 2967 1168 3044 cst,
1196 2959 1250 3031 alii
1277 2967 1390 3030 autem
1418 2958 1579 3032 dicebant
1595 2959 1681 3048 Non,
1709 2961 1772 3036 sed
1797 2985 1855 3036 εε-

386 3082 479 3155 ducit
504 3081 636 3153 turbas:
689 3072 834 3154 13ιιειεο
869 3089 984 3152 tamen
1014 3081 1127 3174 palam
1162 3079 1366 3173 loquebatur
1400 3078 1445 3150 de
1478 3080 1534 3152 illo
1560 3092 1702 3176 propter
1727 3095 1855 3155 metum

385 3202 599 3274 lndaeomm.
652 3192 759 3275 “lam
785 3211 898 3274 antem
925 3201 982 3273 die
1008 3201 1095 3273 iesto
1122 3199 1294 3272 mediante
1320 3199 1475 3272 ascendit
1507 3201 1601 3272 lesus
1633 3202 1667 3273 in
1693 3205 1857 3298 templum

387 3333 423 3395 ει
447 3321 605 3394 docebat.
656 3313 741 3394 18Ιιι
766 3322 974 3394 mirabantur
1002 3321 1118 3395 ludaei
1152 3320 1306 3393 dicentes
1332 3320 1517 3408 Quomodo
1552 3321 1608 3393 bic
1642 3323 1770 3396 litteras
1795 3325 1858 3395 scit

388 3466 464 3516 curn
492 3463 562 3513 non
588 3441 766 3515 didicerit?
818 3433 845 3478 ⁴⁸
860 3441 1049 3538 Respondit
1073 3441 1124 3516 eis
1149 3441 1244 3512 lesus
1270 3449 1305 3513 ει
1331 3439 1417 3512 dixit
1440 3441 1517 3514 llea
1543 3441 1698 3514 doctrina
1716 3465 1785 3514 non
1803 3453 1858 3514 εει

389 3583 476 3648 mea,
503 3559 567 3634 sed
594 3559 667 3631 eius
694 3561 751 3654 qui
778 3561 867 3634 misit
891 3583 957 3634 me.
1007 3553 1034 3600 ’Ἰ
1048 3563 1082 3634 Si
1109 3561 1185 3655 quis
1217 3560 1362 3633 voluerit
1392 3561 1600 3634 voluntatem
1634 3563 1708 3634 eius
1734 3563 1856 3650 iacere,

389 3692 577 3778 cognoscet
611 3681 656 3753 de
690 3679 845 3755 doctrina
879 3691 989 3755 utrum
1024 3703 1069 3754 ex
1103 3681 1172 3754 deo
1204 3681 1261 3768 sit,
1295 3703 1339 3753 an
1371 3701 1439 3774 ego
1474 3703 1494 3754 a
1530 3701 1586 3754 me
1617 3681 1693 3776 ipso
1726 3683 1856 3776 loquar.

387 3797 414 3842 ¹⁸
427 3803 491 3890 Qui
518 3825 539 3874 a
565 3810 674 3873 semet
700 3801 776 3897 ipso
800 3803 956 3898 loquitur,
984 3803 1128 3896 gloriam
1154 3801 1329 3896 propriam
1355 3801 1504 3894 quaerit:
1532 3803 1590 3896 qui
1616 3811 1729 3874 autem
1748 3823 1856 3896 quae-

389 3923 432 3994 rit
457 3921 599 4017 gloriam
626 3921 700 3994 eius
727 3923 784 4016 qui
809 3921 899 3995 misit
923 3923 1024 4008 illam,
1051 3922 1106 3994 hic
1131 3943 1241 3994 verax
1258 3931 1319 4007 est,
1347 3931 1382 3993 et
1408 3921 1564 3996 iniustitia
1582 3923 1615 3993 in
1633 3921 1689 3994 illo
1706 3943 1775 3994 non
1794 3931 1856 3994 εει.

388 4035 551 4116 1οΝοιιιιε
576 4043 694 4115 bloses
712 4041 808 4114 dedit
831 4043 933 4115 vobis
950 4045 1091 4138 legem?
1118 4051 1152 4114 et
1169 4064 1272 4114 nemo
1294 4063 1341 4118 ex
1358 4041 1458 4114 vobis
1477 4041 1556 4114 iacit
1572 4042 1694 4134 legem.
1727 4033 1754 4080 ¹⁰
1768 4035 1863 4127 Quid'

389 4185 445 4236 me
480 4162 640 4257 qnaeritis
670 4161 885 4235 interlicere?
926 4161 1115 4256 Respondit
1146 4162 1245 4234 turba
1278 4171 1313 4233 et
1347 4161 1433 4234 dixit
1468 4162 1693 4233 Daemonium
1733 4161 1857 4235 habes:

390 4285 466 4379 quis
499 4291 534 4355 ιε
568 4283 700 4377 quaerit
732 4283 948 4356 interficere?
998 4276 1226 4378 ”Respondit
1256 4283 1351 4354 lesus
1384 4291 1419 4353 ει
1444 4279 1531 4356 dixit
1556 4281 1607 4354 eis
1633 4281 1742 4355 Unum
1770 4303 1858 4377 opus

388 4405 464 4489 leci,
491 4393 529 4474 ει
551 4423 672 4475 omnes
699 4403 872 4475 miramini.
924 4395 950 4441 ²
966 4403 1155 4498 Propterea
1179 4401 1295 4476 Moses
1313 4401 1408 4475 dedit
1434 4402 1532 4476 vobis
1555 4403 1857 4488 circumcisionem,

389 4547 459 4596 non
485 4523 565 4617 quia
591 4544 637 4594 ex
662 4523 759 4594 Mose
786 4534 840 4595 est
865 4523 928 4596 sed
955 4545 1001 4594 ex
1026 4523 1194 4618 patribus,
1230 4531 1264 4595 et
1295 4523 1328 4594 in
1354 4523 1500 4596 sabbato
1527 4523 1767 4596 circumciditis
1794 4523 1859 4594 bo-

390 4645 525 4716 minem.
577 4633 604 4680 ¹³
621 4644 656 4714 Si
681 4643 971 4717 circumcisionem
1004 4643 1126 4738 accipit
1160 4643 1264 4715 bomo
1297 4643 1332 4714 in
1364 4641 1511 4716 sabbato
1545 4653 1580 4715 ut
1611 4645 1680 4716 non
1707 4645 1859 4717 solvatur

388 4767 448 4838 lex
473 4763 568 4849 blasi,
596 4761 676 4834 mihi
700 4763 921 4858 indignamini
948 4763 1027 4860 quia
1052 4773 1160 4836 totum
1188 4763 1360 4836 hominem
1387 4785 1507 4836 sanum
1535 4763 1599 4836 ieci
1622 4763 1660 4834 in
1686 4763 1861 4834 sabbato?

387 4873 414 4924 ¹⁸
430 4883 542 4956 Nolite
568 4883 719 4958 iudicare
745 4885 933 4958 secundum
959 4885 1096 4970 inciam,
1124 4883 1188 4956 sed
1214 4885 1337 4957 iustum
1363 4885 1521 4957 iudicium
1548 4885 1704 4956 iudicate.
1756 4873 1783 4920 ¹⁵
1799 4882 1859 4952 Di-

391 5004 516 5076 cebant
541 5026 627 5097 ergo
654 5005 792 5098 qnidam
819 5026 865 5077 ex
892 5004 1137 5101 Hierosolymis
1162 5005 1284 5078 Nonne
1317 5005 1371 5077 bic
1397 5013 1451 5077 est
1484 5025 1586 5098 quem
1615 5011 1781 5098 quaerunt
1806 5003 1859 5072 in·
1884 5007 1901 5030 ‘

390 5123 572 5196 teriicere‘l
614 5115 641 5162 ⁸
658 5137 693 5196 et
725 5147 807 5197 ecce
841 5127 954 5218 palam
988 5126 1134 5220 loquitur
1168 5135 1202 5196 et
1234 5125 1313 5196 nibil
1346 5126 1377 5197 ei
1412 5125 1542 5198 dicunt:
1580 5123 1743 5215 numquid
1777 5141 1860 5194 vere

936 5245 986 5331 Vl,
1015 5241 1055 5319 tt
1093 5287 1137 5298 —
1166 5247 1228 5330 Vll,
1256 5247 1315 5320 26.
