4102 6128
357 463 432 512 un
716 468 721 476 =
756 395 759 404 ’
952 439 1235 506 raouaoouana

368 548 513 560 ...ωε-
521 548 589 554 --.
825 549 831 554 .
1344 545 1412 552 ...—
1425 545 1657 554 0---——-—.....
1699 547 1751 554 ...-
1760 548 1842 556 -,,,

515 563 519 570 ι

360 650 438 716 dici:
473 646 554 717 item
590 646 634 718 ad
670 646 830 718 lobannis
867 655 969 738 caput
999 646 1067 716 XV.
1114 647 1243 736 tepeadu
1273 666 1333 734 pro
1367 646 1535 735 defunctis:
1574 643 1654 714 item
1691 643 1736 716 ad
1769 646 1836 716 lob.

361 789 435 860 cap.
462 766 556 837 XVII.
585 767 712 856 lapendo
738 771 824 836 circo
847 769 986 858 poscito:
1014 767 1093 837 item
1122 766 1167 837 ad
1185 763 1255 836 lob.
1283 785 1357 856 cap.
1376 765 1459 835 xlx.
1488 765 1615 853 lepcada
1641 769 1673 832 in
1701 767 1837 855 quadro-

360 895 488 978 pasiano.

456 1023 654 1117 Capitula
681 1035 848 1095 actuum
876 1023 1175 1118 apostolorum
1204 1022 1499 1118 quemadmodum
1526 1023 1559 1092 in
1584 1019 1756 1093 Amiatino
1775 1043 1837 1092 co-

364 1146 441 1218 dice
467 1146 623 1236 leguntur
648 1166 736 1214 nunc
762 1144 908 1237 primum
937 1144 1029 1216 edita
1056 1155 1142 1216 sunt.
1197 1145 1251 1216 Ad
1277 1145 1366 1216 baec
1392 1142 1533 1238 propius
1567 1141 1707 1235 quidem
1735 1163 1837 1212 acce-

365 1268 449 1338 dunt
474 1263 565 1338 initia
591 1263 771 1335 lectionum
800 1285 845 1335 ex
873 1263 994 1336 codice
1021 1265 1167 1336 Oratorii
1192 1265 1229 1336 B.
1258 1267 1291 1335 6.
1310 1263 1480 1348 desumta,
1507 1261 1600 1357 apud
1618 1261 1837 1334 Tbomasium

363 1409 396 1480 p.
425 1388 497 1456 353
517 1406 602 1476 sqq,
631 1405 732 1476 quam
762 1385 907 1480 capitula
944 1387 990 1456 63
1026 1407 1115 1478 quae
1142 1385 1234 1457 idem
1262 1409 1294 1480 p.
1323 1383 1396 1456 348
1417 1405 1492 1478 sqq.
1526 1395 1584 1454 aut
1616 1381 1761 1478 capitula
1790 1379 1835 1455 74

364 1525 454 1598 quae
481 1525 513 1597 p.
542 1503 614 1574 356
630 1525 705 1596 sqq.
732 1525 779 1576 ex
807 1506 909 1577 variis
936 1505 1033 1578 affert
1059 1506 1248 1578 codicibus.

458 1640 721 1734 Capitulatio
754 1642 805 1714 de
839 1609 1040 1714 omnibus
1072 1643 1279 1737 epistulis
1314 1643 1343 1734 (i.
1372 1664 1402 1713 e.
1436 1641 1540 1734 Pauli)
1575 1641 1759 1714 consimilis
1785 1653 1838 1712 est

363 1760 551 1832 canonibus
585 1759 806 1854 epistularum
839 1762 932 1832 beati
968 1761 1061 1836 Pauli
1095 1762 1243 1858 apostoli
1278 1762 1368 1846 sive,
1406 1770 1440 1833 ut
1472 1758 1504 1828 in
1531 1757 1597 1830 alio
1625 1761 1747 1832 codice
1775 1773 1836 1846 est,

363 1878 556 1952 concordiis
583 1901 751 1951 canonum
779 1882 825 1954 de
852 1903 999 1976 corpore
1026 1881 1245 1976 epistularum
1272 1882 1305 1952 b.
1333 1881 1426 1952 Pauli
1458 1891 1569 1974 apost.
1603 1903 1623 1952 a
1650 1881 1836 1954 Tbomasio

233 2037 235 2044 ·
362 2023 440 2096 pag.
470 1997 540 2070 384
557 2022 632 2092 sqq.
659 2000 770 2072 editis

455 2137 538 2208 ltem
566 2137 754 2230 capitula
780 2139 831 2210 ad
860 2139 1082 2232 epistulas
1108 2139 1228 2212 Pauli
1256 2161 1388 2224 omnes,
1415 2138 1560 2232 epistula
1586 2135 1632 2208 ad
1658 2137 1836 2208 Hebraeos

363 2279 430 2328 non
470 2267 633 2351 excepta,
670 2257 702 2326 in
738 2259 788 2328 rei
821 2281 954 2330 summa
988 2281 1058 2330 non
1088 2259 1249 2330 differunt
1279 2259 1323 2330 ab
1358 2259 1458 2332 editis
1490 2282 1509 2330 a
1544 2257 1730 2328 Thomasio
1758 2278 1834 2350 pag.

364 2381 436 2450 388
456 2399 542 2471 sqq,
570 2376 628 2450 ubi
655 2387 733 2450 sunt
760 2379 925 2473 epistulae
952 2379 997 2452 ad
1023 2379 1216 2466 Romanos,
1243 2391 1278 2451 et
1304 2401 1407 2474 pagg.
1428 2375 1666 2462 442-474,
1693 2377 1753 2448 ubi
1779 2398 1835 2446 re-

362 2499 528 2592 liquorum
557 2489 674 2587 sunt⁴).
1211 2575 1214 2586 ,

454 2619 748 2714 Epistularum
777 2618 1094 2692 catholicarum
1121 2621 1324 2716 capitula
1350 2621 1444 2714 apud
1462 2618 1684 2691 Tbomasium
1711 2617 1835 2712 duplici

254 2761 260 2775 ¹
289 2723 295 2730 ¹
361 2743 470 2812 torma
496 2739 689 2826 afferuntur,-
716 2760 794 2833 pag.
823 2737 895 2810 364
912 2761 987 2833 sqq.
1015 2749 1051 2812 et
1076 2763 1108 2835 p.
1138 2738 1211 2816 372
1229 2764 1315 2835 sqq,
1341 2741 1407 2814 sed
1433 2749 1560 2810 tantum
1588 2760 1678 2832 quae
1704 2737 1835 2832 epistu-

362 2863 415 2932 lae
441 2859 557 2932 lacobi
589 2868 625 2928 et
657 2857 779 2952 prioris
811 2859 902 2930 Petri
936 2871 1014 2932 sunt
1046 2883 1124 2956 pag.
1153 2859 1226 2936 372
1246 2874 1321 2956 sqq.
1356 2883 1434 2932 cum
1467 2861 1592 2932 nostris
1620 2859 1835 2931 conveniunt.

362 2982 459 3066 Quae
494 2981 595 3074 igitur
629 2977 803 3050 secundae
829 2979 935 3066 Petri,
971 2981 1069 3052 trium
1095 2981 1255 3055 lobannis
1282 2993 1317 3054 et
1343 2980 1509 3075 epistulae
1535 2979 1638 3052 ludae
1665 2979 1778 3073 capita
1805 2979 1837 3050 in

361 3101 484 3173 codice
505 3099 676 3171 Amiatino
703 3099 829 3192 scripta
856 3110 942 3186 sunt,
969 3122 1013 3173 ea
1040 3100 1175 3172 aliunde
1201 3102 1297 3195 quod
1324 3103 1430 3174 sciam
1458 3101 1608 3174 nondum
1637 3109 1716 3170 sunt
1734 3099 1835 3172 edita.

452 3238 625 3308 Numeros
659 3236 882 3329 capitulorum
918 3239 1210 3332 apocalypsis
1242 3237 1358 3328 viginti
1392 3236 1543 3329 quinque
1570 3239 1635 3330 ipsi
1662 3238 1736 3310 eiua
1762 3237 1836 3308 libri

360 3359 484 3444 textui,
511 3379 575 3428 suo
602 3377 776 3449 quemque
800 3357 888 3444 loeo,
916 3357 950 3428 iu
976 3357 1098 3430 codice
1123 3369 1243 3430 nostro
1270 3357 1463 3450 adscriptos
1490 3380 1580 3444 esse,
1608 3357 1835 3450 significatum

359 3480 426 3550 iam
453 3487 508 3550 est
541 3477 655 3571 supra'.
707 3477 815 3549 Index
847 3499 933 3550 vero
968 3479 1090 3550 horum
1124 3479 1348 3574 capitulorum
1383 3498 1453 3550 nou
1488 3479 1619 3570 legimr.
1674 3479 1836 3550 Videntur

240 3583 242 3590 ’
360 3598 492 3670 numeri
524 3598 585 3682 illi,
621 3597 677 3690 qui
711 3596 816 3669 iidem
851 3599 882 3668 in
911 3598 1072 3670 Fuldensi
1106 3600 1193 3672 libro
1220 3599 1398 3683 habentur,
1426 3599 1593 3691 capitibus
1620 3599 1660 3668 iis
1688 3619 1835 3692 respon-

360 3718 444 3790 dere
479 3739 568 3811 quae
602 3717 806 3788 Tbomasius
831 3739 910 3811 pag.
939 3721 1005 3790 384
1031 3741 1082 3812 sq.
1116 3720 1236 3792 edidit:
1272 3719 1444 3812 aquibus
1470 3717 1609 3790 divorsa
1642 3728 1721 3790 sunt
1746 3737 1835 3809 quae

359 3839 465 3909 babet
490 3859 568 3931 pag.
598 3832 663 3910 474
685 3858 771 3930 sqq,
799 3836 908 3908 altera
935 3836 993 3924 48,
1021 3840 1128 3911 altera
1156 3841 1215 3910 38.

452 3975 608 4046 lamvero
641 3973 896 4046 observandum
931 3983 993 4059 ost,
1031 3983 1162 4046 textum
1197 3975 1231 4045 in
1265 3975 1318 4044 bis
1351 3975 1498 4068 capitum
1533 3975 1702 4047 indicibus
1729 3975 1834 4046 multo

359 4095 471 4188 magis
497 4115 600 4187 quam
628 4093 791 4164 librorum
819 4115 998 4166 sacrorum
1024 4104 1156 4166 textum
1185 4104 1381 4188 corruptum
1409 4094 1497 4166 tradi
1523 4094 1700 4186 multoque
1726 4095 1834 4166 rarius
1894 4089 1898 4099 ’

362 4217 498 4310 antiqua
533 4237 636 4286 manu
670 4214 805 4306 corrigi.
863 4213 994 4284 Passim
1035 4223 1149 4286 autem
1183 4213 1380 4286 emendatio
1415 4225 1449 4286 et
1482 4225 1551 4286 tam
1576 4215 1775 4286 necessaria
1799 4225 1835 4284 et

362 4347 429 4408 tam
457 4337 562 4408 facilis
588 4356 630 4405 ac
655 4355 719 4427 pro
745 4333 905 4404 facilitate
932 4343 1001 4405 tam
1028 4345 1122 4406 certa
1147 4332 1331 4406 videbatur
1355 4343 1393 4406 ut
1418 4336 1529 4430 ipsam
1556 4334 1833 4406 emendationem

363 4457 557 4530 ederemus.
601 4455 650 4524 lta
677 4473 750 4548 cap.
768 4455 805 4524 V.
841 4453 886 4525 ad
912 4456 935 4528 2
963 4455 1050 4541 Con,
1076 4454 1172 4547 quod
1197 4456 1232 4526 iu
1258 4455 1380 4527 codice
1406 4465 1460 4527 est
1484 4457 1535 4526 lle
1561 4454 1775 4526 differentiae
1801 4463 1835 4524 et

363 4577 511 4672 apostoli
529 4573 740 4666 obiurgantis
768 4575 965 4667 peccamina
989 4584 1024 4646 et
1050 4576 1252 4662 remittente,
1280 4575 1479 4670 scripsimus
1496 4576 1549 4646 De
1566 4573 1757 4646 differentia
1776 4575 1834 4646 tri-

361 4698 471 4770 stitiae
499 4703 535 4766 at
561 4693 708 4788 apostoli
731 4695 940 4788 obiurgantis
956 4697 1158 4789 peccamina
1181 4707 1217 4768 et
1233 4696 1453 4768 remittentis:
1480 4717 1556 4790 cap.
1574 4695 1629 4766 Xl.
1648 4695 1694 4766 ad
1715 4699 1728 4766 4
1751 4696 1832 4766 Tim.

360 4816 594 4912 supplevimus
621 4823 656 4884 et
682 4815 857 4900 exercitio,
885 4837 975 4908 quae
1001 4817 1108 4888 verba
1135 4827 1215 4911 post
1240 4817 1407 4888 exercitio
1425 4817 1642 4889 exciderant:
1676 4837 1749 4908 oap.
1769 4815 1833 4885 llll.

447 5131 474 5208 4)
495 5131 661 5193 bandinius
682 5132 713 5192 in
735 5147 792 5192 sua
813 5127 855 5190 de
885 5128 990 5192 codice
1010 5129 1162 5194 amiatino
1196 5127 1423 5207 dissertatione,
1447 5145 1542 5210 quum
1564 5129 1697 5208 capitula
1719 5129 1835 5211 epistu-

361 5235 459 5295 larum
480 5233 567 5295 Pauli
590 5231 662 5296 iuda
688 5233 749 5296 al.
778 5231 819 5294 ad
850 5229 1021 5296 Corinthios
1047 5231 1169 5293 omnino
1202 5229 1326 5293 diversa
1355 5227 1430 5292 dicit
1455 5249 1473 5292 a
1501 5231 1605 5292 relatis
1626 5249 1643 5292 a
1666 5229 1835 5306 7444444444,

360 5335 455 5398 lalsus
477 5345 525 5399 est
548 5354 584 5399 eo
607 5333 689 5418 quod
711 5354 773 5397 uon
795 5335 933 5418 respexit
953 5335 1013 5396 nisi
1034 5353 1115 5415 quae
1137 5333 1316 5395 Tbomasius
1338 5351 1404 5414 pag.
1426 5333 1487 5394 395
1500 5351 1568 5414 sqq.
1590 5331 1737 5395 exhibuit.
