4220 6124
683 1423 831 1500 INCIPIT
858 1425 1156 1500 ARGUIIIEN'IUM
1181 1425 1241 1498 AD
1269 1424 1575 1498 PHILIPPENSIIS.

493 1723 739 1851 Phihppenses
772 1762 850 1824 sunt
873 1751 1092 1824 Macedones.
1146 1751 1188 1821 lli
1220 1761 1365 1846 accepto
1398 1753 1509 1824 verbo
1542 1751 1694 1824 veritatis
1725 1761 1861 1846 perste-

342 1907 345 1914 “
388 1892 502 1958 terunt
526 1880 561 1950 in
579 1877 655 1952 ,ndo
681 1896 748 1946 nec
772 1881 979 1966 receperunt
1004 1872 1110 1942 Ialsos
1136 1867 1345 1964 ‘apostolos
1397 1873 1469 1944 Ilos
1502 1871 1684 1946 conlaudat
1719 1881 1862 1966 aposto·

389 2007 457 2090 Ius,
485 1999 640 2074 scribens
666 1996 717 2066 eis
744 2015 766 2066 a
790 1993 900 2064 Roma
928 1991 974 2062 de
1002 2012 1144 2063 carcere
1169 2013 1234 2086 per
1259 1992 1529 2085 Ephairoditum.

897 2142 1069 2204 EXPLICIT
1090 2141 1358 2206 ARGUMEN'IUII.

897 2419 1106 2491 INCIPIUNT
1140 2417 1358 2490 CAPITULA.

485 2653 513 2722 I.
540 2651 592 2719 De
617 2641 868 2740 praesbyteris,
897 2642 992 2734 quod
1017 2641 1082 2736 Ipsi
1109 2637 1249 2714 ‘luerint
1274 2641 1457 2736 aliquando
1485 2644 1649 2738 episcopi.

479 2771 514 2842 Il.
540 2771 592 2839 De
619 2764 777 2859 apostolo
803 2785 868 2857 pro
895 2761 1172 2856 Philippensibus
1199 2761 1442 2856 depraecante.
1474 2815 1477 2827 .

466 2893 514 2964 III.
540 2889 593 2962 De
618 2883 892 2986 manifestatione
916 2881 1129 2953 vinculorum
1157 2883 1305 2976 apostoli
1330 2883 1365 2952 in
1389 2883 1553 2956 universo
1579 2885 1765 2979 praetorio.

452 3012 512 3084 IIII.
539 3009 592 3078 De
616 3005 784 3078 varietate
810 3002 1081 3097 praedicantium
1108 3001 1233 3090 deum,
1268 3013 1304 3074 et
1334 3002 1379 3075 de
1405 3005 1564 3097 apostolo
1589 3015 1712 3099 parato
1740 3005 1785 3078 ad
1810 3005 1865 3076 vi·

541 3125 693 3215 vendam
720 3133 824 3216 atque
850 3122 1083 3208 moriendum,
1112 3133 1147 3195 et
1180 3123 1226 3194 de
1259 3123 1448 3194 constantia
1479 3124 1651 3217 passionis
1683 3136 1717 3196 et
1742 3146 1864 3220 perse,-

542 3228 716 3341 quentium
741 3243 893 3328 interitu,
921 3243 1120 3336 patIentium
1147 3265 1233 3315 vero
1260 3243 1371 3336 gloria
1397 3253 1433 3314 et
1458 3244 1576 3314 salute.

477 3371 515 3441 V.
541 3369 594 3439 lte
620 3364 778 3449 domino,
812 3358 925 3456 'prod
959 3384 1037 3434 cum
1069 3364 1103 3434 in
1133 3363 1245 3435 torma
1278 3362 1335 3434 dei
1362 3373 1457 3435 esset
1482 3365 1631 3435 formam
1654 3366 1745 3436 servi
1771 3366 1864 3437 acci-

542 3489 643 3582 pIens
675 3483 862 3558 humillavit
898 3504 953 3568 se,
994 3483 1102 3555 Iactus
1118 3479 1120 3486 '
1134 3481 1326 3556 oboediens
1361 3504 1472 3576 usque
1500 3482 1546 3555 ad
1572 3492 1718 3556 mortem
1745 3485 1863 3556 crucis.

461 3612 512 3680 VI.
539 3611 590 3678 Ite
617 3605 759 3687 sanctis,
787 3602 882 3694 quod
907 3603 942 3672 in
968 3602 1069 3674 bonis
1096 3603 1261 3698 operibus
1286 3623 1356 3674 uon
1382 3603 1534 3676 debeant
1559 3599 1783 3676 murmurare.

451 3732 515 3802 VII.
541 3731 593 3798 De
626 3724 788 3796 fidelitate
816 3721 994 3808 Timothei,
1023 3734 1057 3793 et
1089 3724 1135 3795 de
1161 3723 1423 3816 neglegentibus
1458 3743 1500 3793 ac
1531 3724 1642 3817 magis
1674 3745 1736 3796 sua
1763 3745 1864 3817 pam

541 3844 671 3920 domini
695 3843 774 3912 Iesu
799 3841 920 3913 Christi
946 3845 1199 3936 quaerentibus,

438 3969 515 4040 vul.
541 3967 594 4036 De
620 3960 842 4058 Ephatrodito
865 3963 1025 4035 'animam
1060 3952 1158 4036 suam
1191 3961 1237 4036 ad
1270 3971 1417 4032 mortem
1448 3973 1592 4058 propter
1624 3986 1712 4059 opus
1738 3965 1865 4037 domini

542 4084 688 4156 fideliter
714 4081 889 4154 offerente.

461 4205 515 4278 III
541 4205 594 4275 De
621 4201 779 4297 apostolo
805 4201 1041 4295 Philippenses
1068 4203 1102 4273 iu
1129 4201 1288 4273 omnibus
1316 4203 1527 4274 consolante.

477 4326 517 4396 X.
543 4325 596 4395 De
622 4321 877 4406 seductoribus,
905 4331 941 4391 et
966 4321 1227 4393 circumcisione
1255 4320 1395 4414 spiritali
1422 4336 1526 4414 atque
1553 4324 1687 4396 carnali.

461 4447 515 4517 XI.
541 4447 594 4515 De
608 4427 788 4536 perlectis.

417 4563 428 4574 “
451 4567 517 4638 XII.
542 4566 596 4634 De
622 4561 782 4656 apostolo
809 4559 1019 4634 admonente
1041 4573 1184 4634 sanctos
1210 4571 1249 4633 ut
1274 4562 1386 4654 ipsum
1413 4571 1449 4632 ct
1482 4563 1540 4654 qui
1574 4561 1763 4634 secundum
1796 4565 1866 4634 Ior-

540 4685 668 4756 mulam
705 4681 811 4776 ipsius
842 4682 1090 4754 ambulaverint
1127 4682 1317 4753 imitentur:
1359 4691 1393 4750 et
1433 4681 1478 4752 de
1518 4681 1759 4754 seductoribus
1798 4705 1866 4776 po·-

539 4805 708 4900 pulorum.
1352 4897 1355 4904 .
1761 4877 1766 4886 ⁴

436 4925 516 4996 XIII.
543 4926 595 4996 De
621 4923 779 5018 apostolo
808 4933 945 4994 sanctos
972 4923 1129 4995 hortante
1156 4933 1191 4993 et
1217 4922 1263 4994 ad
1289 4922 1511 4994 concordiam
1538 4931 1573 4992 et
1598 4921 1805 4993 modestiam
1831 4935 1868 4994 et

540 5045 759 5116 severitatem
787 5055 823 5113 et
850 5025 1526 5138 orationem'spiritahter'componente.

422 5165 514 5236 XIIII.
541 5167 593 5236 Ite
626 5164 770 5236 veritate
804 5172 839 5234 et
873 5163 1028 5236 castitate
1062 5171 1165 5254 atque
1192 5163 1333 5248 iustitia,
1362 5163 1467 5235 etde
1495 5162 1653 5233 omnibus
1688 5157 1869 5232 ‘laudibus

542 5283 772 5378 sempiternae
799 5283 929 5374 gloriae
957 5293 1061 5376 atque
1087 5283 1229 5353 virtutis.
