4254 6130
692 365 937 434 eumcmruu
963 369 1163 434 sscuuouu
1189 367 1383 433 romaum
1708 355 1805 436 tta·

293 577 373 670 quia
400 573 482 646 odio
510 595 568 644 me
595 571 789 646 babuerunt
814 574 935 665 gratis.
987 567 1015 614 ”
1032 575 1114 646 Cum
1148 581 1261 652 atrte'm
1296 571 1428 646 venerit
1453 570 1649 663 paracletus
1676 589 1779 663 quam
1863 546 1868 556 ’

294 717 363 789 ego
399 694 529 765 mittam
556 692 659 764 vobis
692 715 714 764 e
747 702 863 787 patre,
895 671 1053 786 ¹spiritum
1088 695 1240 767 ueritatis
1273 693 1332 788 qui
1358 715 1378 764 a
1406 699 1504 785 patre
1524 688 1696 785 procedit,
1725 689 1780 761 ille

296 815 526 890 testimonium
553 811 749 907 perhibebit
774 813 821 886 de
848 834 925 884 mc:
969 807 994 852 ²⁷
1012 826 1047 888 et
1074 836 1137 887 vos
1156 814 1386 886 testimonium
1404 812 1602 906 perhibetis,
1630 809 1708 902 quia
1736 809 1780 880 ab

296 937 388 1008 initio
416 955 551 1006 mecum
579 933 673 1004 estis.

994 1209 1074 1282 XVI.

373 1414 492 1490 'llaec
518 1419 652 1490 locutus
679 1437 755 1488 sum
782 1410 902 1486 'vobis
929 1425 964 1486 ut
989 1439 1059 1489 non
1084 1417 1374 1492 scandalizemini.
1401 1410 1570 1508 ’Absque
1588 1415 1778 1510 synagogis

297 1541 420 1614 facient
452 1559 532 1610 vos:
574 1527 661 1584 ”””)
679 1535 744 1608 sed
774 1536 869 1609 venit
901 1535 987 1608 bora
1020 1549 1057 1610 ut
1088 1540 1199 1612 omnis
1233 1539 1290 1634 qui
1317 1533 1478 1610 interficit
1509 1557 1574 1608 vos
1601 1536 1782 1608 arbitretur

297 1659 502 1752 obsequium
529 1680 568 1730 se
595 1663 773 1750 praestare
801 1657 881 1728 deo.
920 1648 988 1728 ³Et
1014 1658 1100 1731 haec
1117 1661 1241 1732 facient
1266 1658 1347 1752 quia
1365 1679 1436 1728 nou
1453 1667 1622 1730 noverunt
1648 1665 1781 1750 patrem

297 1801 410 1874 neque
436 1801 501 1851 me.
553 1768 651 1849 ‘Sed
684 1777 770 1850 baec
805 1777 939 1848 locutus
971 1800 1047 1850 sum
1080 1781 1181 1852 vobis
1214 1790 1250 1850 ut
1277 1765 1523 1850 cumvenerit
1548 1777 1634 1849 bora
1661 1797 1780 1848 eorum

298 1900 559 1972 reminiscamini
586 1899 665 1992 quia
691 1919 760 1990 ego
787 1897 860 1970 dixi
886 1898 1021 1988 vobis.¹
1049 1889 1178 1947 ’(”””’)
1196 1900 1291 1974 Haec
1324 1908 1442 1971 autem
1475 1898 1577 1970 uobis
1610 1898 1654 1969 ab
1687 1897 1780 1970 initio

299 2043 368 2092 nou
393 2019 466 2092 dixi
493 2020 572 2112 quia
597 2018 777 2092 vobiscum
803 2039 915 2090 eram:
943 2028 980 2090 et
1004 2042 1093 2092 nuuc
1119 2019 1212 2092 uado
1246 2021 1292 2094 ad
1322 2043 1403 2092 eum
1438 2019 1496 2111 qui
1522 2041 1579 2090 me
1605 2019 1710 2104 misit,
1745 2029 1780 2092 et

222 2156 226 2164 “
298 2162 400 2214 nemo
428 2161 475 2212 ex
501 2139 602 2212 vobis
629 2139 817 2232 interrogat
843 2160 899 2210 ma
927 2139 1004 2224 Quo
1031 2129 1180 2212 vadisl'
1202 2132 1301 2212 ⁶Sed
1328 2140 1410 2234 quia
1437 2139 1524 2242 baec
1541 2141 1675 2213 locutus
1701 2163 1777 2212 sum
1861 2159 1862 2162 ’

298 2261 414 2346 vobis,
453 2260 584 2332 tristitia
616 2259 768 2353 implevit
801 2280 862 2331 cor
894 2269 1058 2332 vestrum.
1111 2251 1215 2331 ''Scd
1249 2281 1317 2354 ego
1352 2261 1534 2352 veritatem
1561 2261 1640 2334 dico
1667 2259 1777 2344 vobis,

299 2381 442 2477 expedit
467 2379 566 2452 vobis
591 2389 629 2452 nt
654 2401 722 2473 ago
749 2381 891 2454 vadem:
919 2379 1065 2451 sienim
1091 2401 1161 2450 non
1188 2379 1317 2468 abiero,
1345 2383 1542 2476 paracletus
1568 2405 1638 2455 non
1663 2381 1778 2454 veriet

297 2502 343 2574 ad
368 2521 453 2586 uos;
482 2501 511 2574 si
538 2509 654 2572 autem
680 2501 816 2586 abiere,
849 2500 979 2573 mittam
1016 2521 1097 2571 eum
1130 2498 1176 2570 ad
1209 2521 1284 2572 vos.
1336 2493 1406 2572 ⁸Et
1437 2523 1515 2574 cum
1545 2503 1694 2586 venerit,
1721 2501 1777 2572 illc

298 2631 419 2715 arguet
444 2622 609 2695 mumdum
636 2620 681 2692 de
707 2631 853 2715 peccato
888 2631 923 2692 et
949 2621 994 2693 de
1027 2619 1152 2692 iustitia
1185 2617 1300 2700 etde
1334 2621 1470 2694 iudicio.
1523 2616 1605 2696 ⁹De
1631 2630 1794 2728 peccato⁶

170 2727 175 2739 ⁸
296 2743 454 2836 quidem,
488 2742 568 2834 quia
602 2761 671 2837 non
703 2740 847 2814 credunt
878 2741 912 2812 in
946 2763 1018 2831 me;
1070 2733 1154 2811 ⁴⁰dc
1169 2739 1304 2812 iustitia
1329 2761 1435 2829 vero,
1464 2745 1544 2840 quia
1570 2744 1616 2818 ad
1641 2752 1776 2840 patrem

295 2862 389 2935 vado
415 2871 451 2932 et
475 2861 543 2931 iam
568 2881 639 2932 non
663 2859 824 2932 videbitis
851 2881 925 2946 me;
970 2853 992 2897 ”
1013 2861 1059 2935 dc
1085 2859 1210 2932 iudicio
1229 2870 1353 2942 autem,
1382 2864 1463 2957 quia
1479 2866 1642 2960 princeps
1659 2860 1776 2935 muudi

296 2981 396 3055 buius
423 2981 590 3053 iudicatus
616 2989 678 3052 est.
731 2973 897 3070 &Adbuc
922 2980 1028 3052 multa
1054 2979 1168 3054 babeo
1195 2981 1297 3055 vobis
1324 2981 1458 3072 dicere,
1486 2983 1551 3058 sed
1578 3009 1648 3058 non
1673 2992 1774 3078 pote-

297 3104 358 3174 stis
384 3109 524 3196 portare
550 3100 672 3174 modo:
722 3093 748 3140 ⁴³
765 3123 843 3174 cmn
870 3110 985 3173 autem
1010 3101 1143 3174 venerit
1167 3101 1237 3188 ille,
1272 3101 1412 3196 spiritus
1438 3107 1607 3194 veritatis,
1635 3103 1775 3178 docebit

296 3245 360 3294 vos
386 3223 420 3294 in
447 3240 583 3294 omnem
612 3220 803 3293 veritatem:
836 3241 905 3330 non
939 3219 1028 3292 enim
1059 3221 1218 3314 loquetur
1251 3243 1272 3292 a
1305 3227 1535 3322 semetipso,
1568 3227 1632 3299 scd
1665 3243 1773 3318 quae-

298 3364 445 3436 cumque
464 3341 579 3413 audiet
595 3341 763 3434 loquetur,
790 3349 932 3434 atquae
950 3349 1092 3412 ventura
1110 3352 1188 3412 sunt
1205 3343 1418 3418 annuntiabit
1433 3347 1543 3419 vobis.
1570 3337 1596 3384 ”
1608 3333 1700 3428 tubat,
1715 3343 1773 3414 lile
1849 3324 1853 3338 ¹

297 3487 353 3536 me
389 3461 599 3546 clarificabit,
634 3461 713 3554 quia
746 3459 793 3534 de
832 3483 913 3532 meo
945 3459 1091 3555 accipiet
1122 3471 1158 3532 et
1191 3459 1404 3536 adnuntiabit
1438 3465 1549 3538 vobis.
1607 3455 1633 3502 ⁴⁵
1651 3463 1771 3535 Omnia

297 3603 535 3676 quaecumque
561 3582 666 3654 habet
699 3591 799 3676 pater
831 3603 910 3653 mea
944 3590 1036 3652 sunt:
1080 3569 1182 3628 (tato.)
1198 3591 1389 3676 propterea
1415 3585 1487 3658 dixi
1514 3585 1593 3680 quia
1620 3583 1666 3655 de
1691 3603 1771 3654 meo

295 3701 440 3796 accipiet
471 3712 515 3772 et·
538 3701 749 3774 adnuntiabit
780 3701 891 3774 uobis.
943 3692 969 3738 ¹⁶
983 3699 1156 3776 Modicum
1189 3713 1225 3774 et
1256 3702 1325 3774 iam
1357 3727 1429 3778 non
1453 3704 1613 3778 videbitis
1639 3724 1710 3788 me,
1738 3713 1773 3774 et
1906 3773 1909 3782 ,

294 3823 418 3896 iterum
443 3821 627 3908 modicum,
655 3831 690 3894 et
707 3822 867 3895 videbitis
884 3842 951 3908 me,
978 3821 1058 3916 quia
1085 3821 1177 3894 vado
1194 3822 1241 3894 ad
1266 3833 1412 3916 patrem.
1463 3818 1489 3862 ”
1504 3825 1672 3896 Dixerunt
1689 3845 1772 3915 crgo

294 3965 341 4014 ex
367 3943 543 4037 discipulis
570 3943 646 4016 eius
673 3945 719 4016 ed
752 3943 898 4014 invicem
926 3941 1017 4027 Quid
1049 3951 1103 4013 est
1127 3941 1196 4014 hoc
1222 3943 1317 4036 quod
1350 3946 1433 4018 dicit
1465 3945 1567 4018 nobis
1598 3941 1770 4017 Modicum

294 4075 330 4134 et
355 4085 425 4138 non
453 4061 612 4136 videbitis
637 4085 704 4152 me,
732 4064 915 4144 etiterum
941 4062 1115 4136 modicum
1148 4073 1184 4135 et
1208 4063 1369 4138 videbitis
1395 4069 1477 4138 me‘l
1512 4076 1547 4138 et
1572 4065 1652 4158 quia
1678 4063 1770 4136 vado

296 4182 341 4254 ad
368 4187 532 4276 patrem?
573 4177 778 4258 ¹8Dicebant
802 4205 889 4278 ergo
917 4183 1007 4269 Quid
1033 4192 1087 4254 cst
1112 4183 1179 4255 boc
1205 4184 1300 4278 quod
1325 4185 1407 4258 dicit
1430 4185 1629 4259 modicum?
1656 4184 1770 4255 nesci.-

295 4324 372 4374 mus
399 4303 481 4396 quid
507 4302 665 4396 loquitur.
718 4299 744 4344 ”
760 4304 929 4398 Cognovit
954 4313 1068 4375 autem
1093 4303 1189 4376 lesus
1215 4307 1295 4400 quia
1320 4307 1485 4380 volebant
1518 4329 1597 4378 eum
1622 4306 1769 4376 iuterro-

295 4443 389 4514 gare‚
417 4431 452 4494 et
477 4423 563 4496 dixit
583 4426 639 4496 'eis
664 4427 716 4496 De
742 4425 811 4498 boc
837 4423 998 4521 quaeritis
1025 4423 1112 4495 inter
1137 4447 1202 4498 vos
1230 4427 1310 4520 quia
1331 4426 1417 4499 dixi
1442 4428 1614 4502 Modicum
1641 4434 1677 4496 et
1701 4445 1785 4496 non·

292 4541 451 4616 uidebitis
476 4567 551 4631 me,
587 4545 769 4618 etiterum
795 4547 968 4622 modicum
1003 4553 1039 4616 et
1063 4545 1223 4619 videbitis
1249 4549 1333 4618 me‘?
1376 4539 1403 4586 '⁰
1418 4551 1530 4622 Amen
1563 4567 1666 4618 amen
1691 4544 1771 4616 dico

293 4662 394 4737 vobis
421 4664 501 4757 quia
527 4667 704 4758 plorabitis
730 4677 766 4739 et
790 4667 913 4740 llebitis
939 4688 1014 4752 vos,
1042 4667 1189 4740 mundus
1215 4676 1329 4738 autem
1355 4668 1535 4762 gaudebit:
1562 4687 1628 4738 vos
1654 4673 1770 4736 autam

292 4783 589 4873 warnecautium,
624 4787 689 4861 sed
722 4787 853 4860 taetitia
885 4796 1003 4859 vestra
1035 4783 1247 4858 verteturiu
1278 4789 1451 4880 gaudium.
1503 4779 1665 4859 ”Mulier
1692 4807 1769 4856 cum

293 4903 400 4996 parit,
428 4905 593 4980 tristitiam
630 4907 764 4992 babet,¹
786 4907 866 5000 quia
890 4905 985 4978 uenit
1008 4905 1096 4977 hora
1122 4906 1209 4978 eius:
1237 4927 1315 4977 cum
1343 4919 1456 4980 autem
1482 4907 1658 5004 pepererit
1681 4927 1769 5002 pue.-

292 5045 377 5108 rum,
404 5025 473 5097 iam
498 5048 569 5098 uon
594 5027 746 5099 meminit
771 5045 955 5121 pressurae
981 5035 1124 5121 propter
1147 5025 1328 5120 gaudium,
1355 5029 1435 5121 quia
1459 5039 1559 5102 natus
1585 5039 1638 5102 est
1663 5029 1769 5100 bomo

289 5145 325 5216 iu
357 5145 537 5220 mundum.
590 5139 617 5186 ²²
632 5147 674 5220 Et
699 5169 765 5222 vos
799 5147 900 5241 igitur
931 5168 1021 5218 nunc
1054 5145 1191 5240 quidem
1229 5147 1394 5222 tristitiam
1430 5148 1614 5222 habebitis:
1648 5149 1769 5221 iterum

815 5267 886 5352 XV,
915 5267 962 5340 26
990 5305 1042 5320 -
1066 5267 1146 5354 XVl,
1174 5269 1234 5346 22.
