4242 6118
369 365 415 438 (id
778 367 1021 432 nvnnonuruu
1048 367 1250 436 SECUNDUM
1276 367 1431 433 MARCUM

367 567 391 612 ’⁴
407 563 484 618 (Μ)
501 571 544 642 Et
569 568 804 660 ingrediuntur
831 565 1081 660 capharnaum,
1109 579 1145 638 et
1170 570 1285 640 statim
1313 568 1469 640 sabbatis
1496 571 1674 662 ingressus
1699 592 1855 665 synago-

369 713 452 782 gam
484 687 638 760 docebat
671 707 750 772 eos,
794 678 911 732 ”ml
929 693 965 755 et
998 687 1184 779 stupebant
1216 707 1322 780 super
1355 686 1511 760 doctrina
1539 689 1627 760 eius:
1663 691 1855 760 eratenim

369 810 504 881 docens
530 826 593 878 eos
620 805 719 898 quasi
743 811 951 898 potestatem
978 803 1113 875 babens
1139 814 1175 877 et
1199 825 1270 878 non
1293 805 1381 877 sicut
1397 806 1543 878 scribae.
1587 797 1701 854 ”Ml
1720 807 1858 878 litarat

369 928 404 998 in
436 945 617 1018 synagoga
648 943 767 994 eorum
801 922 908 993 bomo
942 921 976 992 in
1008 922 1127 1015 spiritu
1159 921 1340 1008 inmund0,
1373 932 1410 994 et
1440 924 1649 996 exclamavit
1690 913 1717 963 '⁴
1734 924 1854 998 dicens

371 1043 462 1130 Quid
488 1041 590 1113 nobis
615 1049 652 1112 et
676 1039 746 1124 tibi,
772 1039 850 1112 lesu
875 1039 1083 1112 Nazarene‘l
1123 1041 1245 1112 venisti
1279 1041 1430 1134 perdere
1461 1044 1551 1112 nos‘l
1584 1042 1657 1114 seio
1693 1043 1770 1136 quis
1804 1064 1854 1128 ee,

370 1169 511 1234 sanctus
537 1159 602 1230 dei.
655 1149 682 1194 ὓ
697 1157 740 1246 Et
765 1157 994 1229 comminatus
1020 1169 1075 1230 est
1101 1159 1133 1230 ei
1159 1161 1256 1232 lesus
1282 1158 1403 1232 dicens
1430 1159 1640 1230 Obmutesce
1667 1170 1703 1231 et
1726 1161 1784 1231 exi
1808 1160 1853 1231 de

370 1279 520 1352 homine.
571 1267 599 1314 ¹⁸
614 1276 657 1346 lit
675 1275 877 1368 discerpens
895 1296 972 1345 eum
992 1277 1130 1368 spiritus
1148 1277 1331 1349 inmundus
1349 1287 1385 1348 et
1402 1278 1602 1348 exclamans
1619 1299 1709 1350 voce
1726 1301 1853 1370 magna

369 1397 477 1470 exivit
502 1395 547 1466 ab
574 1413 629 1466 eo.
681 1385 708 1432 ¹¹
723 1393 767 1466 Et
792 1393 903 1465 mirati
930 1403 1009 1464 sunt
1034 1413 1166 1480 omnes,
1194 1395 1240 1466 ita
1266 1405 1303 1466 ut
1328 1396 1573 1488 conqurirerent
1602 1395 1690 1468 inter
1723 1417 1763 1468 se
1798 1396 1853 1467 di-

370 1525 489 1588 centes
517 1511 688 1598 Quidnam
713 1521 767 1584 est
787 1511 879 1582 boe‘l
906 1533 996 1604 quae
1021 1511 1178 1596 doctrina
1202 1513 1290 1585 bueo
1308 1516 1426 1584 nova‘?
1453 1513 1534 1606 quia
1561 1513 1595 1584 in
1619 1523 1791 1608 potestate
1818 1526 1854 1585 et

369 1633 544 1731 spiritibus
569 1629 740 1702 inmundis
765 1629 921 1724 imperat,
948 1639 984 1701 et
1010 1630 1200 1703 oboediunt
1227 1632 1268 1702 ei.
1319 1623 1347 1668 ¹⁸
1362 1632 1405 1702 Et
1430 1632 1601 1724 prooessit
1634 1654 1753 1703 rumor
1779 1633 1853 1704 eius

369 1753 482 1826 statim
509 1751 542 1821 in
570 1761 708 1821 omnem
734 1747 914 1840 regionem
941 1748 1122 1820 Galilaeae.
1176 1741 1203 1787 ”
1217 1741 1289 1796 (ω)
1303 1748 1346 1819 Et
1377 1751 1533 1842 protinus
1560 1748 1781 1841 egredientes
1807 1751 1853 1822 de

369 1891 552 1967 synagoga
581 1876 752 1940 venerunt
785 1867 819 1937 in
852 1865 995 1938 domum
1027 1867 1176 1940 Simonis
1210 1876 1247 1938 et
1274 1865 1439 1940 Andreae
1473 1888 1553 1940 cum
1576 1867 1708 1940 *Iacobo
1735 1877 1771 1939 et
1796 1869 1853 1938 lo-

368 1993 493 2064 banne.
544 1981 572 2028 ³³
587 1985 830 2058 Decumbebat
854 1995 969 2058 autam
996 2006 1118 2056 socrus
1144 1985 1293 2058 Simonis
1319 1985 1527 2072 febricitans,
1554 1996 1591 2058 et
1607 1985 1721 2058 statim
1738 1985 1855 2056 dicum

370 2111 402 2182 ei
429 2109 475 2180 de
501 2107 567 2176 illa.
617 2097 641 2146 ³¹
661 2104 704 2175 Et
730 2103 903 2176 secedens
928 2103 1078 2175 elevavit
1103 2125 1192 2188 eam,
1220 2103 1441 2198 adprehensa
1467 2126 1573 2178 manu
1595 2105 1687 2178 eius:
1714 2111 1750 2174 ct
1766 2124 1854 2176 con·-

370 2230 464 2300 tinuo
490 2224 618 2297 dimisit
643 2244 722 2296 eam
747 2223 863 2306 labris,
890 2232 925 2292 st
949 2221 1164 2295 ministrabat
1191 2221 1250 2293 eis.
1291 2215 1486 2316 ³²lleapere
1512 2233 1628 2296 autam
1646 2224 1747 2308 lacto,
1774 2243 1854 2294 eum

370 2345 557 2420 occidisset
583 2344 645 2428 sol,
672 2341 863 2416 afferebant
888 2340 935 2412 ad
960 2361 1040 2413 enm
1064 2362 1189 2414 omnes
1214 2342 1306 2414 male
1333 2341 1504 2414 babentes
1530 2351 1566 2414 et
1583 2341 1769 2414 mamonis
1786 2341 1853 2414 ba-

367 2467 508 2548 bentes,
550 2454 578 2500 Β
595 2471 630 2532 et
662 2471 738 2534 erat
771 2459 885 2534 omnis
924 2459 1045 2532 civitas
1082 2469 1295 2552 congregata
1328 2460 1375 2531 ad
1406 2461 1559 2533 ianuam:
1610 2450 1637 2499 ³⁸
1654 2469 1689 2532 et
1722 2461 1855 2532 amavit

369 2585 495 2657 multos
522 2581 579 2673 qui
612 2580 831 2654 vexabantur
863 2578 967 2650 variis
999 2579 1236 2671 languoribus,
1272 2587 1309 2650 et
1340 2577 1525 2651 daemonia
1557 2579 1663 2652 multa
1695 2579 1852 2662 eiciebat,

367 2695 449 2792 “W
464 2711 500 2772 et
525 2720 596 2772 non
621 2699 757 2770 sinebat
781 2697 875 2790 loqui
902 2698 1144 2795 aequoniam
1178 2697 1334 2769 sciebant
1359 2718 1450 2768 eum
1501 2689 1617 2746 ΝΜ)
1635 2699 1678 2768 Et
1703 2697 1853 2771 diluculo

319 2907 321 2914 ¹
367 2820 473 2893 valde
506 2838 653 2910 surgens
686 2837 850 2909 egressas
883 2816 967 2888 abiit
1001 2816 1036 2886 in
1070 2816 1247 2888 desertum
1280 2816 1413 2901 locum,
1440 2816 1557 2909 ibique
1583 2817 1716 2888 orabat
1767 2807 1796 2856 ³⁸
1811 2817 1855 2886 lit

234 2927 238 2934 ’
368 2948 508 3012 secmus
533 2945 588 3007 est
613 2956 693 3006 eum
719 2935 839 3006 Simon
864 2943 900 3005 et
925 2933 983 3026 qui
1009 2955 1087 3004 eum
1113 2935 1169 3006 illo
1187 2944 1294 3020 erant,
1333 2926 1361 2972 ³⁷
1378 2943 1415 3006 et
1439 2956 1518 3018 eum
1536 2935 1746 3008 invenissent
1762 2955 1853 3016 enm,

368 3059 531 3130 dixerunt
556 3055 588 3124 ei
614 3054 694 3146 qnia
720 3073 842 3124 omnes
869 3061 1038 3145 quaerunt
1063 3061 1107 3123 te.
1158 3045 1185 3092 ³
1200 3054 1243 3126 Et
1277 3054 1324 3126 ait
1355 3053 1419 3124 illis
1452 3051 1581 3124 Eamus
1612 3053 1648 3124 in
1672 3053 1855 3146 proximos

368 3179 466 3249 meos
493 3183 528 3246 et
560 3173 716 3244 civitates
748 3181 786 3242 ut
819 3179 855 3242 et
892 3170 939 3241 ibi
970 3169 1190 3263 praedicem:
1225 3171 1272 3243 ad
1303 3171 1372 3242 boc
1404 3171 1495 3242 enim
1527 3170 1616 3242 veni
1667 3161 1695 3208 ⁸⁹
1711 3171 1755 3242 Et
1779 3181 1855 3242 erut

367 3295 578 3392 praedicans
609 3293 643 3362 in
677 3289 869 3386 synagogis
903 3309 1026 3360 eorum
1060 3299 1096 3359 et
1128 3289 1221 3360 omni
1255 3289 1416 3374 Galilaea,
1442 3298 1480 3360 et
1502 3287 1688 3362 daemonia
1714 3289 1853 3360 eiciens.
1949 3309 1955 3320 ·

368 3405 544 3482 ⁴⁰‘milit
567 3412 662 3482 venit
688 3410 735 3482 ad
761 3430 840 3480 cum
867 3409 1028 3502 leprosus
1053 3405 1248 3499 deprecans
1274 3428 1370 3493 eum,
1398 3417 1435 3480 et
1460 3427 1553 3499 genu
1578 3407 1672 3480 flexo
1705 3407 1794 3478 dixit
1818 3407 1854 3478 Si

368 3533 430 3617 vis,
458 3540 561 3623 potes
588 3551 646 3602 me
672 3527 850 3601 mundare.
901 3517 925 3564 ⁴¹
945 3526 1041 3597 lesus
1074 3535 1191 3596 autem
1223 3525 1385 3598 misertim
1416 3527 1491 3598 eius
1524 3526 1684 3598 extendit
1713 3547 1852 3598 manum

369 3671 478 3734 snam,
506 3659 542 3720 et
567 3657 715 3739 tangens
737 3667 816 3717 eum
843 3645 891 3715 ait
915 3643 959 3714 illi
984 3645 1081 3727 Volo,
1109 3641 1288 3720 mundare.
1339 3635 1368 3682 δ’
1382 3644 1428 3716 lit
1453 3663 1531 3716 eum
1558 3645 1712 3730 dixisset,
1740 3644 1852 3716 statim
1978 3649 1986 3680 ⁷

369 3767 528 3841 discessit
554 3767 599 3837 ab
626 3787 671 3837 eo
698 3767 805 3858 lepra,
832 3773 868 3834 et
892 3762 1078 3834 mundatus
1104 3771 1167 3834 est
1212 3751 1239 3800 ⁹
1255 3761 1298 3832 Et
1323 3761 1552 3836 comminatus
1578 3763 1612 3834 ei
1636 3763 1751 3834 statim
1777 3763 1855 3834 eicit

369 3889 478 3972 illum,
522 3871 550 3920 *⁵
567 3893 603 3955 at
628 3881 710 3953 dicit
743 3882 775 3952 ei
801 3881 889 3953 Vide
920 3881 1048 3952 nemini
1082 3880 1231 3964 dixeris,
1265 3879 1330 3950 sed
1356 3881 1449 3952 vade
1476 3881 1625 3954 ostende
1649 3890 1686 3954 te
1710 3881 1854 3978 principi

368 4005 601 4087 sacerdotum,
628 4011 664 4072 et
689 4001 776 4072 oller
802 4021 868 4094 pro
894 3999 1140 4070 emundatione
1166 4007 1225 4070 tua
1258 4019 1349 4090 quae
1376 4001 1556 4095 praecepit
1585 4001 1712 4084 Moses,
1739 4000 1773 4070 in
1799 4007 1853 4070 te-

368 4123 565 4196 stimonium
591 4121 663 4191 illis.
717 4109 856 4166 ΝΜ)
874 4115 920 4188 At
944 4118 1000 4188 ille
1026 4139 1203 4210 egressus·
1218 4119 1335 4211 coepit
1365 4120 1572 4212 praedicare
1604 4130 1641 4191 et
1675 4119 1853 4190 diffamare

368 4261 577 4324 sermonem,
605 4241 651 4310 ita
678 4249 715 4308 nt
738 4239 807 4310 iam
833 4257 904 4308 non
930 4247 1051 4330 posset
1077 4237 1256 4308 manifeste
1283 4237 1317 4307 in
1343 4238 1516 4310 civitatem
1542 4239 1683 4311 introire
1709 4236 1774 4308 sed
1799 4235 1854 4306 to-

368 4361 415 4432 ris
440 4363 474 4432 in
502 4357 650 4430 desertis
676 4357 762 4427 locis
788 4377 878 4440 esse,
905 4367 941 4426 et
967 4355 1219 4428 conveniebant
1245 4353 1290 4428 ad
1317 4378 1396 4428 eum
1424 4357 1585 4450 undique.

1095 4631 1131 4700 ll.

444 4826 548 4882 ’Μ
565 4837 608 4906 Et
640 4836 763 4906 iterum
802 4833 938 4904 intravit
972 4793 1211 4925 Capbamanm
1249 4841 1331 4924 post
1370 4832 1455 4904 dies.
1508 4825 1582 4904 'Et
1614 4831 1767 4906 auditum
1803 4845 1857 4903 est

369 4953 464 5044 quod
491 4953 526 5022 in
552 4953 659 5026 domo
687 4963 791 5038 esset,
820 4963 855 5022 et
881 4961 1117 5024 convenerunt
1143 4949 1246 5033 multi,
1274 4949 1321 5020 ita
1348 4961 1479 5022 utnon
1506 4961 1652 5046 caperet
1676 4949 1855 5045 nequead

243 5121 246 5130 .
368 5071 520 5156 ianuam,
564 5083 598 5144 et
638 5073 844 5164 loquebatur
884 5072 936 5141 eis
970 5071 1125 5140 verbum.
1178 5062 1251 5138 3Ει
1291 5079 1460 5141 venerunt
1499 5073 1651 5142 terentes
1695 5070 1741 5141 ad
1776 5091 1856 5140 eum
1924 5169 1936 5184 ο

939 5189 961 5270 l,
990 5191 1031 5260 2⁴
1090 5227 1142 5238 -
1194 5187 1229 5270 ll,
1257 5191 1290 5256 3.
