<?xml version="1.0" encoding="UTF-8"?>
<!DOCTYPE html PUBLIC "-//W3C//DTD XHTML 1.0 Transitional//EN"
    "http://www.w3.org/TR/xhtml1/DTD/xhtml1-transitional.dtd">
<html xmlns="http://www.w3.org/1999/xhtml" xml:lang="en" lang="en">
 <head>
  <title>
</title>
<meta http-equiv="Content-Type" content="text/html;charset=utf-8" />
  <meta name='ocr-system' content='tesseract 3.04.00' />
  <meta name='ocr-capabilities' content='ocr_page ocr_carea ocr_par ocr_line ocrx_word'/>
</head>
<body>
  <div class='ocr_page' id='page_1' title='image "./novumtestamentu02tiscgoog_0034.png"; bbox 0 0 4102 6128; ppageno 0'>
   <div class='ocr_carea' id='block_1_1' title="bbox 241 616 1831 717">
    <p class='ocr_par' dir='ltr' id='par_1_1' title="bbox 241 616 1831 717">
     <span class='ocr_line' id='line_1_1' title="bbox 241 616 1831 717; baseline 0.006 -30"><span class='ocrx_word' id='word_1_1' title='bbox 241 695 244 704; x_wconf 47' lang='lat'>‚</span> <span class='ocrx_word' id='word_1_2' title='bbox 354 617 519 702; x_wconf 88' lang='lat' dir='ltr'>histimat,</span> <span class='ocrx_word' id='word_1_3' title='bbox 548 616 769 703; x_wconf 81' lang='lat' dir='ltr'>abhominati,</span> <span class='ocrx_word' id='word_1_4' title='bbox 797 619 976 706; x_wconf 81' lang='lat' dir='ltr'>Samuhel,</span> <span class='ocrx_word' id='word_1_5' title='bbox 1002 623 1154 706; x_wconf 86' lang='lat' dir='ltr'>Danihel,</span> <span class='ocrx_word' id='word_1_6' title='bbox 1182 621 1284 694; x_wconf 93' lang='lat' dir='ltr'>lohel.</span> <span class='ocrx_word' id='word_1_7' title='bbox 1338 622 1423 692; x_wconf 88' lang='lat' dir='ltr'>ltem</span> <span class='ocrx_word' id='word_1_8' title='bbox 1458 645 1564 717; x_wconf 86' lang='lat' dir='ltr'>saepe</span> <span class='ocrx_word' id='word_1_9' title='bbox 1592 625 1697 698; x_wconf 87' lang='lat' dir='ltr'>omit·</span> <span class='ocrx_word' id='word_1_10' title='bbox 1827 669 1831 674; x_wconf 94' lang='lat'>-</span> 
     </span>
    </p>
   </div>
   <div class='ocr_carea' id='block_1_2' title="bbox 134 738 1809 2156">
    <p class='ocr_par' dir='ltr' id='par_1_2' title="bbox 134 738 1809 2156">
     <span class='ocr_line' id='line_1_2' title="bbox 354 738 1542 835; baseline 0.005 -27"><span class='ocrx_word' id='word_1_11' title='bbox 354 738 448 811; x_wconf 92' lang='lat' dir='ltr'>titur:</span> <span class='ocrx_word' id='word_1_12' title='bbox 475 739 624 822; x_wconf 84' lang='lat' dir='ltr'>Osanna,</span> <span class='ocrx_word' id='word_1_13' title='bbox 653 762 803 824; x_wconf 77' lang='lat' dir='ltr'>umeros</span> <span class='ocrx_word' id='word_1_14' title='bbox 834 760 1004 828; x_wconf 88' lang='lat' dir='ltr'>umorem,</span> <span class='ocrx_word' id='word_1_15' title='bbox 1033 743 1148 828; x_wconf 88' lang='lat' dir='ltr'>ordei;</span> <span class='ocrx_word' id='word_1_16' title='bbox 1175 763 1350 835; x_wconf 80' lang='lat' dir='ltr'>gomorra,</span> <span class='ocrx_word' id='word_1_17' title='bbox 1380 745 1542 815; x_wconf 85' lang='lat' dir='ltr'>exortari.</span> 
     </span>
     <span class='ocr_line' id='line_1_3' title="bbox 198 851 1696 957; baseline 0.007 -29"><span class='ocrx_word' id='word_1_18' title='bbox 198 861 208 928; x_wconf 97' lang='lat' dir='ltr'>l</span> <span class='ocrx_word' id='word_1_19' title='bbox 236 879 301 951; x_wconf 92' lang='lat' dir='ltr'>pro</span> <span class='ocrx_word' id='word_1_20' title='bbox 329 859 362 944; x_wconf 92' lang='lat' dir='ltr'>ll,</span> <span class='ocrx_word' id='word_1_21' title='bbox 391 861 413 929; x_wconf 93' lang='lat' dir='ltr'>ll</span> <span class='ocrx_word' id='word_1_22' title='bbox 439 881 502 954; x_wconf 95' lang='lat' dir='ltr'>pro</span> <span class='ocrx_word' id='word_1_23' title='bbox 529 858 539 926; x_wconf 99' lang='lat' dir='ltr'>l</span> <span class='ocrx_word' id='word_1_24' title='bbox 574 871 767 951; x_wconf 89' lang='lat' dir='ltr'>ponuntur:</span> <span class='ocrx_word' id='word_1_25' title='bbox 799 859 911 947; x_wconf 88' lang='lat' dir='ltr'>milia,</span> <span class='ocrx_word' id='word_1_26' title='bbox 946 863 1082 946; x_wconf 78' lang='lat' dir='ltr'>vilicae,</span> <span class='ocrx_word' id='word_1_27' title='bbox 1116 863 1271 946; x_wconf 91' lang='lat' dir='ltr'>vilicare;</span> <span class='ocrx_word' id='word_1_28' title='bbox 1306 851 1475 954; x_wconf 87' lang='lat' dir='ltr'>loquella,</span> <span class='ocrx_word' id='word_1_29' title='bbox 1512 868 1696 957; x_wconf 82' lang='lat' dir='ltr'>quaerella,</span> 
     </span>
     <span class='ocr_line' id='line_1_4' title="bbox 354 978 905 1066; baseline 0.009 -18"><span class='ocrx_word' id='word_1_30' title='bbox 354 980 479 1065; x_wconf 84' lang='lat' dir='ltr'>velint,</span> <span class='ocrx_word' id='word_1_31' title='bbox 507 978 688 1066; x_wconf 79' lang='lat' dir='ltr'>tollerare,</span> <span class='ocrx_word' id='word_1_32' title='bbox 722 981 905 1053; x_wconf 78' lang='lat' dir='ltr'>medellae.</span> 
     </span>
     <span class='ocr_line' id='line_1_5' title="bbox 134 1101 1696 1196; baseline 0.005 -26"><span class='ocrx_word' id='word_1_33' title='bbox 134 1137 138 1144; x_wconf 94' lang='lat'><em>·</em></span> <span class='ocrx_word' id='word_1_34' title='bbox 197 1123 232 1170; x_wconf 93' lang='lat' dir='ltr'>m</span> <span class='ocrx_word' id='word_1_35' title='bbox 250 1121 316 1193; x_wconf 92' lang='lat' dir='ltr'>pro</span> <span class='ocrx_word' id='word_1_36' title='bbox 336 1123 425 1170; x_wconf 91' lang='lat' dir='ltr'>mm:</span> <span class='ocrx_word' id='word_1_37' title='bbox 453 1101 723 1188; x_wconf 91' lang='lat' dir='ltr'>consumamini;</span> <span class='ocrx_word' id='word_1_38' title='bbox 750 1125 821 1173; x_wconf 92' lang='lat' dir='ltr'>mm</span> <span class='ocrx_word' id='word_1_39' title='bbox 839 1125 903 1196; x_wconf 95' lang='lat' dir='ltr'>pro</span> <span class='ocrx_word' id='word_1_40' title='bbox 922 1128 972 1174; x_wconf 90' lang='lat' dir='ltr'>m:</span> <span class='ocrx_word' id='word_1_41' title='bbox 1000 1124 1250 1176; x_wconf 88' lang='lat' dir='ltr'>cousummeus.</span> <span class='ocrx_word' id='word_1_42' title='bbox 1276 1101 1430 1173; x_wconf 89' lang='lat' dir='ltr'>Eiicitur:</span> <span class='ocrx_word' id='word_1_43' title='bbox 1458 1104 1696 1178; x_wconf 80' lang='lat' dir='ltr'>circuentibus.</span> 
     </span>
     <span class='ocr_line' id='line_1_6' title="bbox 198 1219 1696 1317; baseline 0.004 -27"><span class='ocrx_word' id='word_1_44' title='bbox 198 1245 222 1291; x_wconf 92' lang='grc' dir='ltr'>ιι</span> <span class='ocrx_word' id='word_1_45' title='bbox 249 1219 361 1292; x_wconf 92' lang='lat' dir='ltr'>modo</span> <span class='ocrx_word' id='word_1_46' title='bbox 390 1221 589 1315; x_wconf 87' lang='lat' dir='ltr'>duphcatur,</span> <span class='ocrx_word' id='word_1_47' title='bbox 617 1221 729 1293; x_wconf 89' lang='lat' dir='ltr'>modo</span> <span class='ocrx_word' id='word_1_48' title='bbox 757 1223 903 1294; x_wconf 90' lang='lat' dir='ltr'>eiicitur:</span> <span class='ocrx_word' id='word_1_49' title='bbox 931 1225 1197 1308; x_wconf 86' lang='lat' dir='ltr'>mercennarius,</span> <span class='ocrx_word' id='word_1_50' title='bbox 1221 1221 1414 1306; x_wconf 75' lang='lat' dir='ltr'>rinnanias3</span> <span class='ocrx_word' id='word_1_51' title='bbox 1441 1227 1696 1317; x_wconf 73' lang='lat' dir='ltr'>praegnatibus,</span> 
     </span>
     <span class='ocr_line' id='line_1_7' title="bbox 329 1329 1695 1436; baseline 0.003 -24"><span class='ocrx_word' id='word_1_52' title='bbox 329 1329 338 1350; x_wconf 70' lang='lat'>‘</span> <span class='ocrx_word' id='word_1_53' title='bbox 357 1363 541 1424; x_wconf 88' lang='lat' dir='ltr'>conexum,</span> <span class='ocrx_word' id='word_1_54' title='bbox 560 1340 685 1413; x_wconf 87' lang='lat' dir='ltr'>strixit.</span> <span class='ocrx_word' id='word_1_55' title='bbox 713 1343 796 1414; x_wconf 89' lang='lat' dir='ltr'>ltem</span> <span class='ocrx_word' id='word_1_56' title='bbox 815 1353 894 1414; x_wconf 92' lang='lat' dir='ltr'>ante</span> <span class='ocrx_word' id='word_1_57' title='bbox 913 1344 1098 1416; x_wconf 89' lang='lat' dir='ltr'>sadditur:</span> <span class='ocrx_word' id='word_1_58' title='bbox 1126 1343 1432 1436; x_wconf 85' lang='lat' dir='ltr'>quotienscunque,</span> <span class='ocrx_word' id='word_1_59' title='bbox 1455 1346 1695 1418; x_wconf 89' lang='lat' dir='ltr'>centensimus.</span> 
     </span>
     <span class='ocr_line' id='line_1_8' title="bbox 198 1445 1809 1558; baseline 0 -24"><span class='ocrx_word' id='word_1_60' title='bbox 198 1486 222 1557; x_wconf 92' lang='lat' dir='ltr'>p</span> <span class='ocrx_word' id='word_1_61' title='bbox 249 1461 464 1556; x_wconf 83' lang='lat' dir='ltr'>duplicatur:</span> <span class='ocrx_word' id='word_1_62' title='bbox 490 1460 656 1554; x_wconf 86' lang='lat' dir='ltr'>reppulit;</span> <span class='ocrx_word' id='word_1_63' title='bbox 685 1485 872 1556; x_wconf 89' lang='lat' dir='ltr'>rursusque</span> <span class='ocrx_word' id='word_1_64' title='bbox 898 1487 921 1558; x_wconf 93' lang='lat' dir='ltr'>p</span> <span class='ocrx_word' id='word_1_65' title='bbox 948 1487 1013 1558; x_wconf 94' lang='lat' dir='ltr'>pro</span> <span class='ocrx_word' id='word_1_66' title='bbox 1040 1487 1087 1558; x_wconf 90' lang='lat' dir='ltr'>pp</span> <span class='ocrx_word' id='word_1_67' title='bbox 1114 1465 1266 1557; x_wconf 91' lang='lat' dir='ltr'>ponitur:</span> <span class='ocrx_word' id='word_1_68' title='bbox 1294 1471 1476 1556; x_wconf 88' lang='lat' dir='ltr'>oportune.</span> <span class='ocrx_word' id='word_1_69' title='bbox 1804 1445 1809 1450; x_wconf 49' lang='grc'><strong>’</strong></span> 
     </span>
     <span class='ocr_line' id='line_1_9' title="bbox 199 1581 662 1676; baseline -0.002 -23"><span class='ocrx_word' id='word_1_70' title='bbox 199 1607 215 1653; x_wconf 86' lang='grc' dir='ltr'>ι</span> <span class='ocrx_word' id='word_1_71' title='bbox 242 1581 458 1676; x_wconf 90' lang='lat' dir='ltr'>duplicatur:</span> <span class='ocrx_word' id='word_1_72' title='bbox 485 1581 662 1654; x_wconf 88' lang='lat' dir='ltr'>Charram.</span> 
     </span>
     <span class='ocr_line' id='line_1_10' title="bbox 197 1679 1075 1798; baseline -0.002 -22"><span class='ocrx_word' id='word_1_73' title='bbox 197 1729 215 1776; x_wconf 90' lang='lat' dir='ltr'>s</span> <span class='ocrx_word' id='word_1_74' title='bbox 242 1725 311 1798; x_wconf 93' lang='lat' dir='ltr'>pro</span> <span class='ocrx_word' id='word_1_75' title='bbox 341 1725 395 1774; x_wconf 92' lang='lat' dir='ltr'>ss:</span> <span class='ocrx_word' id='word_1_76' title='bbox 422 1701 599 1796; x_wconf 90' lang='lat' dir='ltr'>promisio,</span> <span class='ocrx_word' id='word_1_77' title='bbox 627 1702 792 1797; x_wconf 85' lang='lat' dir='ltr'>promise,</span> <span class='ocrx_word' id='word_1_78' title='bbox 820 1679 1075 1775; x_wconf 73' lang='lat' dir='ltr'>conbuserunt</span> 
     </span>
     <span class='ocr_line' id='line_1_11' title="bbox 198 1822 1693 1909; baseline 0.001 -14"><span class='ocrx_word' id='word_1_79' title='bbox 198 1833 276 1896; x_wconf 87' lang='lat' dir='ltr'>tet</span> <span class='ocrx_word' id='word_1_80' title='bbox 302 1824 342 1894; x_wconf 92' lang='lat' dir='ltr'>th</span> <span class='ocrx_word' id='word_1_81' title='bbox 370 1823 638 1895; x_wconf 77' lang='lat' dir='ltr'>confunduntur:</span> <span class='ocrx_word' id='word_1_82' title='bbox 667 1822 844 1908; x_wconf 86' lang='lat' dir='ltr'>Tharsum,</span> <span class='ocrx_word' id='word_1_83' title='bbox 873 1823 1129 1909; x_wconf 82' lang='lat' dir='ltr'>Thimotheum3</span> <span class='ocrx_word' id='word_1_84' title='bbox 1158 1824 1370 1909; x_wconf 89' lang='lat' dir='ltr'>Taddaeum,</span> <span class='ocrx_word' id='word_1_85' title='bbox 1390 1826 1591 1896; x_wconf 83' lang='lat' dir='ltr'>turabulum.</span> <span class='ocrx_word' id='word_1_86' title='bbox 1610 1825 1693 1896; x_wconf 91' lang='lat' dir='ltr'>ltem</span> 
     </span>
     <span class='ocr_line' id='line_1_12' title="bbox 363 1943 917 2036; baseline -0.002 -21"><span class='ocrx_word' id='word_1_87' title='bbox 363 1944 568 2036; x_wconf 90' lang='lat' dir='ltr'>duplicatur:</span> <span class='ocrx_word' id='word_1_88' title='bbox 597 1949 768 2036; x_wconf 91' lang='lat' dir='ltr'>quattuor,</span> <span class='ocrx_word' id='word_1_89' title='bbox 796 1943 917 2014; x_wconf 89' lang='lat' dir='ltr'>trittici.</span> 
     </span>
     <span class='ocr_line' id='line_1_13' title="bbox 197 2064 1406 2156; baseline -0.007 -16"><span class='ocrx_word' id='word_1_90' title='bbox 197 2093 224 2140; x_wconf 86' lang='lat' dir='ltr'>x</span> <span class='ocrx_word' id='word_1_91' title='bbox 252 2075 337 2138; x_wconf 91' lang='lat' dir='ltr'>ets</span> <span class='ocrx_word' id='word_1_92' title='bbox 365 2064 453 2134; x_wconf 90' lang='lat' dir='ltr'>iuter</span> <span class='ocrx_word' id='word_1_93' title='bbox 478 2085 518 2136; x_wconf 91' lang='lat' dir='ltr'>se</span> <span class='ocrx_word' id='word_1_94' title='bbox 544 2069 817 2134; x_wconf 84' lang='lat' dir='ltr'>commutantur:</span> <span class='ocrx_word' id='word_1_95' title='bbox 846 2065 1004 2148; x_wconf 88' lang='lat' dir='ltr'>sescenti,</span> <span class='ocrx_word' id='word_1_96' title='bbox 1032 2074 1207 2150; x_wconf 88' lang='lat' dir='ltr'>sescenta;</span> <span class='ocrx_word' id='word_1_97' title='bbox 1235 2064 1406 2156; x_wconf 85' lang='lat' dir='ltr'>locuplex.</span> 
     </span>
    </p>
   </div>
   <div class='ocr_carea' id='block_1_3' title="bbox 91 2183 972 2280">
    <p class='ocr_par' dir='ltr' id='par_1_3' title="bbox 91 2183 972 2280">
     <span class='ocr_line' id='line_1_14' title="bbox 91 2183 972 2280; baseline -0.008 -19"><span class='ocrx_word' id='word_1_98' title='bbox 91 2199 95 2206; x_wconf 86' lang='lat'>&#39;</span> <span class='ocrx_word' id='word_1_99' title='bbox 197 2213 217 2260; x_wconf 89' lang='lat' dir='ltr'>z</span> <span class='ocrx_word' id='word_1_100' title='bbox 243 2208 314 2280; x_wconf 95' lang='lat' dir='ltr'>pro</span> <span class='ocrx_word' id='word_1_101' title='bbox 343 2206 361 2254; x_wconf 94' lang='lat' dir='ltr'>s</span> <span class='ocrx_word' id='word_1_102' title='bbox 388 2184 538 2276; x_wconf 91' lang='lat' dir='ltr'>ponitur:</span> <span class='ocrx_word' id='word_1_103' title='bbox 564 2184 725 2276; x_wconf 84' lang='lat' dir='ltr'>Zmyrna,</span> <span class='ocrx_word' id='word_1_104' title='bbox 753 2183 972 2276; x_wconf 78' lang='lat' dir='ltr'>zmaragdus.</span> 
     </span>
    </p>
   </div>
   <div class='ocr_carea' id='block_1_4' title="bbox 194 2303 1699 4568">
    <p class='ocr_par' dir='ltr' id='par_1_4' title="bbox 196 2303 1350 2402">
     <span class='ocr_line' id='line_1_15' title="bbox 196 2303 1350 2402; baseline -0.003 -23"><span class='ocrx_word' id='word_1_105' title='bbox 196 2333 216 2380; x_wconf 92' lang='lat' dir='ltr'>a</span> <span class='ocrx_word' id='word_1_106' title='bbox 244 2327 314 2401; x_wconf 93' lang='lat' dir='ltr'>pro</span> <span class='ocrx_word' id='word_1_107' title='bbox 344 2325 383 2386; x_wconf 91' lang='lat' dir='ltr'>e,</span> <span class='ocrx_word' id='word_1_108' title='bbox 412 2325 432 2374; x_wconf 90' lang='lat' dir='ltr'>e</span> <span class='ocrx_word' id='word_1_109' title='bbox 461 2325 525 2397; x_wconf 95' lang='lat' dir='ltr'>pro</span> <span class='ocrx_word' id='word_1_110' title='bbox 553 2325 593 2374; x_wconf 89' lang='lat' dir='ltr'>a:</span> <span class='ocrx_word' id='word_1_111' title='bbox 622 2305 843 2396; x_wconf 91' lang='lat' dir='ltr'>consparsio,</span> <span class='ocrx_word' id='word_1_112' title='bbox 872 2303 1124 2398; x_wconf 84' lang='lat' dir='ltr'>dispargentur,</span> <span class='ocrx_word' id='word_1_113' title='bbox 1153 2306 1350 2402; x_wconf 89' lang='lat' dir='ltr'>seperatim.</span> 
     </span>
    </p>

    <p class='ocr_par' dir='ltr' id='par_1_5' title="bbox 195 2423 1229 2521">
     <span class='ocr_line' id='line_1_16' title="bbox 195 2423 1229 2521; baseline -0.005 -20"><span class='ocrx_word' id='word_1_114' title='bbox 195 2451 215 2501; x_wconf 89' lang='lat' dir='ltr'>a</span> <span class='ocrx_word' id='word_1_115' title='bbox 242 2447 312 2521; x_wconf 92' lang='lat' dir='ltr'>pro</span> <span class='ocrx_word' id='word_1_116' title='bbox 342 2444 381 2494; x_wconf 92' lang='lat' dir='ltr'>o:</span> <span class='ocrx_word' id='word_1_117' title='bbox 404 2423 608 2518; x_wconf 86' lang='lat' dir='ltr'>parapside.</span> <span class='ocrx_word' id='word_1_118' title='bbox 636 2424 749 2494; x_wconf 80' lang='lat' dir='ltr'>‘Item</span> <span class='ocrx_word' id='word_1_119' title='bbox 777 2445 798 2494; x_wconf 89' lang='lat' dir='ltr'>a</span> <span class='ocrx_word' id='word_1_120' title='bbox 823 2445 888 2518; x_wconf 93' lang='lat' dir='ltr'>pro</span> <span class='ocrx_word' id='word_1_121' title='bbox 917 2445 977 2494; x_wconf 93' lang='lat' dir='ltr'>au:</span> <span class='ocrx_word' id='word_1_122' title='bbox 1005 2427 1229 2498; x_wconf 88' lang='lat' dir='ltr'>ascultabant.</span> 
     </span>
    </p>

    <p class='ocr_par' dir='ltr' id='par_1_6' title="bbox 194 2540 1695 2880">
     <span class='ocr_line' id='line_1_17' title="bbox 194 2540 1695 2641; baseline -0.007 -21"><span class='ocrx_word' id='word_1_123' title='bbox 194 2572 238 2624; x_wconf 87' lang='lat' dir='ltr'>ae</span> <span class='ocrx_word' id='word_1_124' title='bbox 266 2567 335 2641; x_wconf 91' lang='lat' dir='ltr'>pro</span> <span class='ocrx_word' id='word_1_125' title='bbox 363 2563 382 2636; x_wconf 79' lang='lat' dir='ltr'>a</span> <span class='ocrx_word' id='word_1_126' title='bbox 409 2565 604 2638; x_wconf 90' lang='lat' dir='ltr'>rursusque</span> <span class='ocrx_word' id='word_1_127' title='bbox 631 2565 653 2614; x_wconf 90' lang='lat' dir='ltr'>e</span> <span class='ocrx_word' id='word_1_128' title='bbox 684 2565 751 2640; x_wconf 90' lang='lat' dir='ltr'>pro</span> <span class='ocrx_word' id='word_1_129' title='bbox 779 2565 822 2616; x_wconf 88' lang='lat' dir='ltr'>ae</span> <span class='ocrx_word' id='word_1_130' title='bbox 848 2544 1126 2640; x_wconf 81' lang='lat' dir='ltr'>frequentissima</span> <span class='ocrx_word' id='word_1_131' title='bbox 1153 2557 1245 2618; x_wconf 91' lang='lat' dir='ltr'>sunt:</span> <span class='ocrx_word' id='word_1_132' title='bbox 1273 2540 1607 2636; x_wconf 71' lang='lat' dir='ltr'>scribaclpro-bel,</span> <span class='ocrx_word' id='word_1_133' title='bbox 1631 2563 1695 2610; x_wconf 94' lang='lat' dir='ltr'>nu-</span> 
     </span>
     <span class='ocr_line' id='line_1_18' title="bbox 347 2659 1694 2759; baseline -0.004 -23"><span class='ocrx_word' id='word_1_134' title='bbox 347 2664 424 2752; x_wconf 90' lang='lat' dir='ltr'>bae,</span> <span class='ocrx_word' id='word_1_135' title='bbox 465 2665 681 2759; x_wconf 90' lang='lat' dir='ltr'>praetiosus,</span> <span class='ocrx_word' id='word_1_136' title='bbox 721 2665 1038 2758; x_wconf 85' lang='lat' dir='ltr'>conpraehendere,</span> <span class='ocrx_word' id='word_1_137' title='bbox 1073 2667 1300 2752; x_wconf 85' lang='lat' dir='ltr'>saecundum,</span> <span class='ocrx_word' id='word_1_138' title='bbox 1335 2663 1493 2737; x_wconf 89' lang='lat' dir='ltr'>curiosae</span> <span class='ocrx_word' id='word_1_139' title='bbox 1520 2659 1694 2756; x_wconf 68' lang='lat' dir='ltr'>(pro-seh</span> 
     </span>
     <span class='ocr_line' id='line_1_19' title="bbox 348 2805 1082 2880; baseline -0.003 -22"><span class='ocrx_word' id='word_1_140' title='bbox 348 2807 475 2880; x_wconf 81' lang='lat' dir='ltr'>erugo,</span> <span class='ocrx_word' id='word_1_141' title='bbox 502 2806 636 2877; x_wconf 81' lang='lat' dir='ltr'>grecus,</span> <span class='ocrx_word' id='word_1_142' title='bbox 665 2807 828 2880; x_wconf 90' lang='lat' dir='ltr'>presens,</span> <span class='ocrx_word' id='word_1_143' title='bbox 856 2805 957 2879; x_wconf 90' lang='lat' dir='ltr'>pene,</span> <span class='ocrx_word' id='word_1_144' title='bbox 985 2807 1082 2880; x_wconf 90' lang='lat' dir='ltr'>sepe.</span> 
     </span>
    </p>

    <p class='ocr_par' dir='ltr' id='par_1_7' title="bbox 199 2904 1697 3124">
     <span class='ocr_line' id='line_1_20' title="bbox 199 2904 1697 3006; baseline -0.01 -21"><span class='ocrx_word' id='word_1_145' title='bbox 199 2935 242 2985; x_wconf 92' lang='lat' dir='ltr'>ae</span> <span class='ocrx_word' id='word_1_146' title='bbox 268 2929 335 3006; x_wconf 91' lang='lat' dir='ltr'>pro</span> <span class='ocrx_word' id='word_1_147' title='bbox 362 2931 421 2981; x_wconf 91' lang='lat' dir='ltr'>oe:</span> <span class='ocrx_word' id='word_1_148' title='bbox 454 2907 601 2990; x_wconf 88' lang='lat' dir='ltr'>laeuum,</span> <span class='ocrx_word' id='word_1_149' title='bbox 628 2905 748 2992; x_wconf 91' lang='lat' dir='ltr'>haedi,</span> <span class='ocrx_word' id='word_1_150' title='bbox 777 2907 918 2990; x_wconf 89' lang='lat' dir='ltr'>caelum,</span> <span class='ocrx_word' id='word_1_151' title='bbox 946 2907 1163 2999; x_wconf 89' lang='lat' dir='ltr'>paenitentia,</span> <span class='ocrx_word' id='word_1_152' title='bbox 1191 2925 1363 2976; x_wconf 88' lang='lat' dir='ltr'>maerens.</span> <span class='ocrx_word' id='word_1_153' title='bbox 1408 2904 1533 2976; x_wconf 84' lang='lat' dir='ltr'>Contra</span> <span class='ocrx_word' id='word_1_154' title='bbox 1557 2924 1697 2995; x_wconf 90' lang='lat' dir='ltr'>semper</span> 
     </span>
     <span class='ocr_line' id='line_1_21' title="bbox 357 3027 617 3124; baseline -0.027 -22"><span class='ocrx_word' id='word_1_155' title='bbox 357 3041 411 3124; x_wconf 88' lang='lat' dir='ltr'>est</span> <span class='ocrx_word' id='word_1_156' title='bbox 438 3027 617 3122; x_wconf 91' lang='lat' dir='ltr'>proelium.</span> 
     </span>
    </p>

    <p class='ocr_par' dir='ltr' id='par_1_8' title="bbox 208 3139 1698 3605">
     <span class='ocr_line' id='line_1_22' title="bbox 208 3139 1697 3250; baseline -0.009 -24"><span class='ocrx_word' id='word_1_157' title='bbox 208 3177 322 3250; x_wconf 90' lang='lat' dir='ltr'>cpro</span> <span class='ocrx_word' id='word_1_158' title='bbox 351 3154 377 3224; x_wconf 92' lang='lat' dir='ltr'>i:</span> <span class='ocrx_word' id='word_1_159' title='bbox 404 3149 584 3240; x_wconf 81' lang='lat' dir='ltr'>intellego,</span> <span class='ocrx_word' id='word_1_160' title='bbox 618 3147 906 3240; x_wconf 80' lang='lat' dir='ltr'>ingemescimus,</span> <span class='ocrx_word' id='word_1_161' title='bbox 940 3147 1106 3233; x_wconf 88' lang='lat' dir='ltr'>ancellas,</span> <span class='ocrx_word' id='word_1_162' title='bbox 1144 3148 1334 3232; x_wconf 91' lang='lat' dir='ltr'>teloneum,</span> <span class='ocrx_word' id='word_1_163' title='bbox 1361 3146 1491 3218; x_wconf 86' lang='lat' dir='ltr'>besteis</span> <span class='ocrx_word' id='word_1_164' title='bbox 1517 3139 1638 3238; x_wconf 90' lang='lat' dir='ltr'>(semel</span> <span class='ocrx_word' id='word_1_165' title='bbox 1664 3143 1697 3212; x_wconf 93' lang='lat' dir='ltr'>in</span> 
     </span>
     <span class='ocr_line' id='line_1_23' title="bbox 365 3265 1698 3364; baseline -0.009 -20"><span class='ocrx_word' id='word_1_166' title='bbox 365 3265 593 3364; x_wconf 79' lang='lat' dir='ltr'>apocalypsi),</span> <span class='ocrx_word' id='word_1_167' title='bbox 626 3267 816 3352; x_wconf 89' lang='lat' dir='ltr'>delectum,</span> <span class='ocrx_word' id='word_1_168' title='bbox 844 3265 1151 3362; x_wconf 80' lang='lat' dir='ltr'>archesyuagogis,</span> <span class='ocrx_word' id='word_1_169' title='bbox 1179 3267 1390 3360; x_wconf 86' lang='lat' dir='ltr'>possedere„</span> <span class='ocrx_word' id='word_1_170' title='bbox 1418 3283 1607 3348; x_wconf 88' lang='lat' dir='ltr'>sustenere,</span> <span class='ocrx_word' id='word_1_171' title='bbox 1626 3284 1698 3333; x_wconf 85' lang='lat' dir='ltr'>ue-</span> 
     </span>
     <span class='ocr_line' id='line_1_24' title="bbox 367 3385 1698 3486; baseline -0.007 -24"><span class='ocrx_word' id='word_1_172' title='bbox 367 3393 518 3486; x_wconf 82' lang='lat' dir='ltr'>glegere.</span> <span class='ocrx_word' id='word_1_173' title='bbox 561 3389 645 3458; x_wconf 88' lang='lat' dir='ltr'>ltem</span> <span class='ocrx_word' id='word_1_174' title='bbox 671 3387 683 3456; x_wconf 93' lang='lat' dir='ltr'>i</span> <span class='ocrx_word' id='word_1_175' title='bbox 708 3409 773 3481; x_wconf 95' lang='lat' dir='ltr'>pro</span> <span class='ocrx_word' id='word_1_176' title='bbox 801 3409 838 3458; x_wconf 91' lang='lat' dir='ltr'>e:</span> <span class='ocrx_word' id='word_1_177' title='bbox 863 3385 1002 3472; x_wconf 92' lang='lat' dir='ltr'>dilicias,</span> <span class='ocrx_word' id='word_1_178' title='bbox 1021 3389 1162 3479; x_wconf 88' lang='lat' dir='ltr'>pellicia,</span> <span class='ocrx_word' id='word_1_179' title='bbox 1182 3387 1415 3471; x_wconf 88' lang='lat' dir='ltr'>calciamenta,</span> <span class='ocrx_word' id='word_1_180' title='bbox 1435 3385 1574 3468; x_wconf 90' lang='lat' dir='ltr'>calciati,</span> <span class='ocrx_word' id='word_1_181' title='bbox 1593 3404 1698 3478; x_wconf 90' lang='lat' dir='ltr'>prae-</span> 
     </span>
     <span class='ocr_line' id='line_1_25' title="bbox 367 3507 1346 3605; baseline -0.008 -21"><span class='ocrx_word' id='word_1_182' title='bbox 367 3510 500 3605; x_wconf 90' lang='lat' dir='ltr'>sipium,</span> <span class='ocrx_word' id='word_1_183' title='bbox 528 3507 823 3604; x_wconf 82' lang='lat' dir='ltr'>aduliscentiores,</span> <span class='ocrx_word' id='word_1_184' title='bbox 850 3507 1096 3592; x_wconf 91' lang='lat' dir='ltr'>incrimentum,</span> <span class='ocrx_word' id='word_1_185' title='bbox 1122 3507 1346 3600; x_wconf 85' lang='lat' dir='ltr'>Ariopagum.</span> 
     </span>
    </p>

    <p class='ocr_par' dir='ltr' id='par_1_9' title="bbox 213 3620 1697 3823">
     <span class='ocr_line' id='line_1_26' title="bbox 213 3620 1697 3722; baseline -0.009 -14"><span class='ocrx_word' id='word_1_186' title='bbox 213 3639 221 3708; x_wconf 91' lang='lat' dir='ltr'>i</span> <span class='ocrx_word' id='word_1_187' title='bbox 249 3635 401 3709; x_wconf 89' lang='lat' dir='ltr'>eliditur:</span> <span class='ocrx_word' id='word_1_188' title='bbox 430 3620 587 3718; x_wconf 59' lang='lat' dir='ltr'>eicereh,</span> <span class='ocrx_word' id='word_1_189' title='bbox 615 3628 744 3722; x_wconf 90' lang='lat' dir='ltr'>proice,</span> <span class='ocrx_word' id='word_1_190' title='bbox 772 3627 921 3712; x_wconf 90' lang='lat' dir='ltr'>adicere,</span> <span class='ocrx_word' id='word_1_191' title='bbox 949 3627 1167 3700; x_wconf 91' lang='lat' dir='ltr'>subiciuntur.</span> <span class='ocrx_word' id='word_1_192' title='bbox 1221 3629 1305 3700; x_wconf 90' lang='lat' dir='ltr'>ltem</span> <span class='ocrx_word' id='word_1_193' title='bbox 1323 3629 1478 3700; x_wconf 83' lang='lat' dir='ltr'>infertur:</span> <span class='ocrx_word' id='word_1_194' title='bbox 1498 3626 1697 3708; x_wconf 88' lang='lat' dir='ltr'>unianimes,</span> 
     </span>
     <span class='ocr_line' id='line_1_27' title="bbox 364 3748 613 3823; baseline -0.02 0"><span class='ocrx_word' id='word_1_195' title='bbox 364 3748 613 3823; x_wconf 87' lang='lat' dir='ltr'>beneficientia.</span> 
     </span>
    </p>

    <p class='ocr_par' dir='ltr' id='par_1_10' title="bbox 214 3865 1696 4086">
     <span class='ocr_line' id='line_1_28' title="bbox 214 3865 1696 3971; baseline -0.009 -24"><span class='ocrx_word' id='word_1_196' title='bbox 214 3879 223 3947; x_wconf 92' lang='lat' dir='ltr'>i</span> <span class='ocrx_word' id='word_1_197' title='bbox 250 3899 316 3971; x_wconf 95' lang='lat' dir='ltr'>pro</span> <span class='ocrx_word' id='word_1_198' title='bbox 344 3899 367 3968; x_wconf 81' lang='lat' dir='ltr'>y</span> <span class='ocrx_word' id='word_1_199' title='bbox 395 3893 517 3966; x_wconf 89' lang='lat' dir='ltr'>saepe:</span> <span class='ocrx_word' id='word_1_200' title='bbox 544 3870 716 3954; x_wconf 88' lang='lat' dir='ltr'>lacrimae,</span> <span class='ocrx_word' id='word_1_201' title='bbox 745 3869 868 3954; x_wconf 74' lang='lat' dir='ltr'>hicum,</span> <span class='ocrx_word' id='word_1_202' title='bbox 896 3869 1063 3954; x_wconf 90' lang='lat' dir='ltr'>silvestre,</span> <span class='ocrx_word' id='word_1_203' title='bbox 1091 3865 1276 3962; x_wconf 91' lang='lat' dir='ltr'>pithonem,</span> <span class='ocrx_word' id='word_1_204' title='bbox 1304 3869 1513 3964; x_wconf 89' lang='lat' dir='ltr'>philacteria,</span> <span class='ocrx_word' id='word_1_205' title='bbox 1548 3865 1696 3946; x_wconf 91' lang='lat' dir='ltr'>discolis,</span> 
     </span>
     <span class='ocr_line' id='line_1_29' title="bbox 366 3990 874 4086; baseline -0.01 -22"><span class='ocrx_word' id='word_1_206' title='bbox 366 3991 648 4086; x_wconf 81' lang='lat' dir='ltr'>gazophilacium,</span> <span class='ocrx_word' id='word_1_207' title='bbox 676 3990 874 4083; x_wconf 89' lang='lat' dir='ltr'>Pamphilia.</span> 
     </span>
    </p>

    <p class='ocr_par' dir='ltr' id='par_1_11' title="bbox 216 4108 1699 4324">
     <span class='ocr_line' id='line_1_30' title="bbox 216 4108 1699 4210; baseline -0.008 -22"><span class='ocrx_word' id='word_1_208' title='bbox 216 4138 330 4210; x_wconf 91' lang='lat' dir='ltr'>opro</span> <span class='ocrx_word' id='word_1_209' title='bbox 357 4137 398 4186; x_wconf 93' lang='lat' dir='ltr'>u:</span> <span class='ocrx_word' id='word_1_210' title='bbox 426 4111 567 4195; x_wconf 91' lang='lat' dir='ltr'>tribolis,</span> <span class='ocrx_word' id='word_1_211' title='bbox 594 4112 737 4204; x_wconf 80' lang='lat' dir='ltr'>fulgora.</span> <span class='ocrx_word' id='word_1_212' title='bbox 783 4111 865 4182; x_wconf 90' lang='lat' dir='ltr'>ltem</span> <span class='ocrx_word' id='word_1_213' title='bbox 892 4133 916 4182; x_wconf 92' lang='lat' dir='ltr'>u</span> <span class='ocrx_word' id='word_1_214' title='bbox 941 4133 1007 4204; x_wconf 95' lang='lat' dir='ltr'>pro</span> <span class='ocrx_word' id='word_1_215' title='bbox 1035 4133 1071 4181; x_wconf 89' lang='lat' dir='ltr'>o:</span> <span class='ocrx_word' id='word_1_216' title='bbox 1098 4111 1252 4204; x_wconf 89' lang='lat' dir='ltr'>epistula,</span> <span class='ocrx_word' id='word_1_217' title='bbox 1281 4109 1449 4194; x_wconf 90' lang='lat' dir='ltr'>diabulus,</span> <span class='ocrx_word' id='word_1_218' title='bbox 1484 4108 1699 4188; x_wconf 73' lang='lat' dir='ltr'>adulescens</span> 
     </span>
     <span class='ocr_line' id='line_1_31' title="bbox 368 4228 1471 4324; baseline -0.005 -19"><span class='ocrx_word' id='word_1_219' title='bbox 368 4237 533 4317; x_wconf 90' lang='lat' dir='ltr'>lucustae,</span> <span class='ocrx_word' id='word_1_220' title='bbox 561 4232 774 4312; x_wconf 89' lang='lat' dir='ltr'>corroburat,</span> <span class='ocrx_word' id='word_1_221' title='bbox 803 4229 989 4324; x_wconf 89' lang='lat' dir='ltr'>depundic.</span> <span class='ocrx_word' id='word_1_222' title='bbox 1029 4231 1111 4300; x_wconf 84' lang='lat' dir='ltr'>ltem</span> <span class='ocrx_word' id='word_1_223' title='bbox 1139 4252 1161 4301; x_wconf 92' lang='lat' dir='ltr'>o</span> <span class='ocrx_word' id='word_1_224' title='bbox 1187 4253 1252 4324; x_wconf 93' lang='lat' dir='ltr'>pro</span> <span class='ocrx_word' id='word_1_225' title='bbox 1280 4252 1342 4302; x_wconf 92' lang='lat' dir='ltr'>au:</span> <span class='ocrx_word' id='word_1_226' title='bbox 1371 4228 1471 4301; x_wconf 90' lang='lat' dir='ltr'>clodi.</span> 
     </span>
    </p>

    <p class='ocr_par' dir='ltr' id='par_1_12' title="bbox 217 4351 1553 4452">
     <span class='ocr_line' id='line_1_32' title="bbox 217 4351 1553 4452; baseline -0.011 -22"><span class='ocrx_word' id='word_1_227' title='bbox 217 4379 330 4452; x_wconf 87' lang='lat' dir='ltr'>upro</span> <span class='ocrx_word' id='word_1_228' title='bbox 358 4377 418 4427; x_wconf 88' lang='lat' dir='ltr'>au:</span> <span class='ocrx_word' id='word_1_229' title='bbox 446 4353 595 4438; x_wconf 87' lang='lat' dir='ltr'>cludere,</span> <span class='ocrx_word' id='word_1_230' title='bbox 624 4353 805 4422; x_wconf 89' lang='lat' dir='ltr'>cluserunt.</span> <span class='ocrx_word' id='word_1_231' title='bbox 848 4351 931 4422; x_wconf 89' lang='lat' dir='ltr'>Item</span> <span class='ocrx_word' id='word_1_232' title='bbox 958 4374 981 4422; x_wconf 88' lang='lat' dir='ltr'>n</span> <span class='ocrx_word' id='word_1_233' title='bbox 1007 4373 1071 4444; x_wconf 95' lang='lat' dir='ltr'>pro</span> <span class='ocrx_word' id='word_1_234' title='bbox 1099 4374 1140 4444; x_wconf 77' lang='lat' dir='ltr'>y:</span> <span class='ocrx_word' id='word_1_235' title='bbox 1168 4373 1327 4438; x_wconf 88' lang='lat' dir='ltr'>murram,</span> <span class='ocrx_word' id='word_1_236' title='bbox 1355 4358 1553 4422; x_wconf 89' lang='lat' dir='ltr'>murratum.</span> 
     </span>
    </p>

    <p class='ocr_par' dir='ltr' id='par_1_13' title="bbox 312 4461 1699 4568">
     <span class='ocr_line' id='line_1_33' title="bbox 312 4461 1699 4568; baseline -0.01 -21"><span class='ocrx_word' id='word_1_237' title='bbox 312 4478 347 4547; x_wconf 95' lang='lat' dir='ltr'>ln</span> <span class='ocrx_word' id='word_1_238' title='bbox 375 4473 576 4568; x_wconf 88' lang='lat' dir='ltr'>compositis</span> <span class='ocrx_word' id='word_1_239' title='bbox 604 4471 801 4544; x_wconf 86' lang='lat' dir='ltr'>assimilatio</span> <span class='ocrx_word' id='word_1_240' title='bbox 828 4470 1024 4563; x_wconf 83' lang='lat' dir='ltr'>negligitur:</span> <span class='ocrx_word' id='word_1_241' title='bbox 1053 4471 1180 4556; x_wconf 94' lang='lat' dir='ltr'>adlidit,</span> <span class='ocrx_word' id='word_1_242' title='bbox 1209 4471 1413 4556; x_wconf 89' lang='lat' dir='ltr'>adtulerunt,</span> <span class='ocrx_word' id='word_1_243' title='bbox 1442 4469 1606 4550; x_wconf 75' lang='lat' dir='ltr'>adiectos</span> <span class='ocrx_word' id='word_1_244' title='bbox 1634 4461 1699 4534; x_wconf 86' lang='lat' dir='ltr'>ad-</span> 
     </span>
    </p>
   </div>
   <div class='ocr_carea' id='block_1_5' title="bbox 137 4583 1701 4934">
    <p class='ocr_par' dir='ltr' id='par_1_14' title="bbox 137 4583 1701 4934">
     <span class='ocr_line' id='line_1_34' title="bbox 137 4583 1699 4694; baseline -0.009 -27"><span class='ocrx_word' id='word_1_245' title='bbox 137 4663 139 4667; x_wconf 87' lang='lat'>.</span> <span class='ocrx_word' id='word_1_246' title='bbox 219 4595 432 4694; x_wconf 90' lang='lat' dir='ltr'>praehendit,</span> <span class='ocrx_word' id='word_1_247' title='bbox 466 4593 657 4686; x_wconf 87' lang='lat' dir='ltr'>adquirunt,</span> <span class='ocrx_word' id='word_1_248' title='bbox 695 4592 878 4677; x_wconf 88' lang='lat' dir='ltr'>adlevavit,</span> <span class='ocrx_word' id='word_1_249' title='bbox 913 4589 1125 4676; x_wconf 87' lang='lat' dir='ltr'>adnuntiare,</span> <span class='ocrx_word' id='word_1_250' title='bbox 1153 4592 1353 4686; x_wconf 89' lang='lat' dir='ltr'>adspersus,</span> <span class='ocrx_word' id='word_1_251' title='bbox 1382 4583 1587 4664; x_wconf 85' lang='lat' dir='ltr'>adsumens:</span> <span class='ocrx_word' id='word_1_252' title='bbox 1615 4606 1699 4654; x_wconf 91' lang='lat' dir='ltr'>con-</span> 
     </span>
     <span class='ocr_line' id='line_1_35' title="bbox 217 4708 1701 4808; baseline -0.012 -18"><span class='ocrx_word' id='word_1_253' title='bbox 217 4722 329 4804; x_wconf 89' lang='lat' dir='ltr'>buret,</span> <span class='ocrx_word' id='word_1_254' title='bbox 357 4717 553 4800; x_wconf 88' lang='lat' dir='ltr'>conlocata,</span> <span class='ocrx_word' id='word_1_255' title='bbox 582 4712 805 4784; x_wconf 91' lang='lat' dir='ltr'>conluctatio:</span> <span class='ocrx_word' id='word_1_256' title='bbox 833 4713 1004 4796; x_wconf 82' lang='lat' dir='ltr'>exsiliens,</span> <span class='ocrx_word' id='word_1_257' title='bbox 1033 4734 1236 4804; x_wconf 82' lang='lat' dir='ltr'>exsurgens,</span> <span class='ocrx_word' id='word_1_258' title='bbox 1271 4720 1461 4808; x_wconf 88' lang='lat' dir='ltr'>exsuperat</span> <span class='ocrx_word' id='word_1_259' title='bbox 1491 4708 1621 4800; x_wconf 88' lang='lat' dir='ltr'>(contra</span> <span class='ocrx_word' id='word_1_260' title='bbox 1648 4715 1701 4774; x_wconf 90' lang='lat' dir='ltr'>est</span> 
     </span>
     <span class='ocr_line' id='line_1_36' title="bbox 219 4825 1699 4934; baseline -0.014 -22"><span class='ocrx_word' id='word_1_261' title='bbox 219 4846 417 4934; x_wconf 85' lang='lat' dir='ltr'>expectare,</span> <span class='ocrx_word' id='word_1_262' title='bbox 456 4831 675 4930; x_wconf 87' lang='lat' dir='ltr'>expuerunt):</span> <span class='ocrx_word' id='word_1_263' title='bbox 717 4835 825 4918; x_wconf 90' lang='lat' dir='ltr'>inruit,</span> <span class='ocrx_word' id='word_1_264' title='bbox 869 4833 1026 4916; x_wconf 89' lang='lat' dir='ltr'>inlectus,</span> <span class='ocrx_word' id='word_1_265' title='bbox 1060 4833 1256 4916; x_wconf 90' lang='lat' dir='ltr'>inluserunt,</span> <span class='ocrx_word' id='word_1_266' title='bbox 1298 4831 1488 4916; x_wconf 89' lang='lat' dir='ltr'>inmobiles,</span> <span class='ocrx_word' id='word_1_267' title='bbox 1525 4825 1699 4898; x_wconf 58' lang='lat' dir='ltr'>inbecillis,</span> 
     </span>
    </p>
   </div>
   <div class='ocr_carea' id='block_1_6' title="bbox 226 5023 524 5038">
    <p class='ocr_par' dir='ltr' id='par_1_15' title="bbox 226 5023 524 5038">
     <span class='ocr_line' id='line_1_37' title="bbox 226 5023 524 5038; baseline -0.017 0"><span class='ocrx_word' id='word_1_268' title='bbox 226 5023 524 5038; x_wconf 73' lang='lat'>.-··-·--·--————-—-·—-</span> 
     </span>
    </p>
   </div>
   <div class='ocr_carea' id='block_1_7' title="bbox 217 5107 1701 5394">
    <p class='ocr_par' dir='ltr' id='par_1_16' title="bbox 217 5107 1701 5394">
     <span class='ocr_line' id='line_1_38' title="bbox 307 5107 1700 5197; baseline -0.014 -15"><span class='ocrx_word' id='word_1_269' title='bbox 307 5123 332 5197; x_wconf 87' lang='lat' dir='ltr'>l)</span> <span class='ocrx_word' id='word_1_270' title='bbox 355 5121 437 5181; x_wconf 89' lang='lat' dir='ltr'>llaec</span> <span class='ocrx_word' id='word_1_271' title='bbox 459 5116 545 5178; x_wconf 89' lang='lat' dir='ltr'>elisio</span> <span class='ocrx_word' id='word_1_272' title='bbox 566 5115 751 5196; x_wconf 89' lang='lat' dir='ltr'>plerumque</span> <span class='ocrx_word' id='word_1_273' title='bbox 766 5115 800 5176; x_wconf 89' lang='lat' dir='ltr'>lit</span> <span class='ocrx_word' id='word_1_274' title='bbox 821 5122 971 5196; x_wconf 87' lang='lat' dir='ltr'>sequente</span> <span class='ocrx_word' id='word_1_275' title='bbox 993 5114 1011 5190; x_wconf 92' lang='lat' dir='ltr'>i,</span> <span class='ocrx_word' id='word_1_276' title='bbox 1035 5122 1069 5176; x_wconf 85' lang='lat' dir='ltr'>ut</span> <span class='ocrx_word' id='word_1_277' title='bbox 1092 5113 1209 5192; x_wconf 86' lang='lat' dir='ltr'>eiciant,</span> <span class='ocrx_word' id='word_1_278' title='bbox 1233 5112 1414 5174; x_wconf 89' lang='lat' dir='ltr'>adiciuntur.</span> <span class='ocrx_word' id='word_1_279' title='bbox 1437 5112 1490 5174; x_wconf 85' lang='lat' dir='ltr'>Est</span> <span class='ocrx_word' id='word_1_280' title='bbox 1511 5127 1586 5171; x_wconf 86' lang='lat' dir='ltr'>vero</span> <span class='ocrx_word' id='word_1_281' title='bbox 1608 5107 1700 5169; x_wconf 86' lang='lat' dir='ltr'>etiam</span> 
     </span>
     <span class='ocr_line' id='line_1_39' title="bbox 217 5209 1701 5302; baseline -0.015 -12"><span class='ocrx_word' id='word_1_282' title='bbox 217 5231 365 5290; x_wconf 89' lang='lat' dir='ltr'>eecerunt</span> <span class='ocrx_word' id='word_1_283' title='bbox 392 5225 431 5282; x_wconf 83' lang='lat' dir='ltr'>hc</span> <span class='ocrx_word' id='word_1_284' title='bbox 452 5221 502 5298; x_wconf 77' lang='lat'>20,</span> <span class='ocrx_word' id='word_1_285' title='bbox 527 5219 575 5279; x_wconf 70' lang='lat' dir='ltr'>ti.</span> <span class='ocrx_word' id='word_1_286' title='bbox 598 5218 671 5279; x_wconf 84' lang='lat' dir='ltr'>ltem</span> <span class='ocrx_word' id='word_1_287' title='bbox 695 5219 735 5278; x_wconf 89' lang='lat' dir='ltr'>llt</span> <span class='ocrx_word' id='word_1_288' title='bbox 759 5217 787 5296; x_wconf 86' lang='lat'>7,</span> <span class='ocrx_word' id='word_1_289' title='bbox 809 5219 861 5280; x_wconf 67' lang='lat'>22.</span> <span class='ocrx_word' id='word_1_290' title='bbox 889 5219 1039 5291; x_wconf 86' lang='lat' dir='ltr'>eecimus,</span> <span class='ocrx_word' id='word_1_291' title='bbox 1062 5215 1144 5302; x_wconf 90' lang='lat' dir='ltr'>quod</span> <span class='ocrx_word' id='word_1_292' title='bbox 1174 5215 1286 5295; x_wconf 85' lang='lat' dir='ltr'>supple</span> <span class='ocrx_word' id='word_1_293' title='bbox 1315 5215 1346 5274; x_wconf 91' lang='lat' dir='ltr'>in</span> <span class='ocrx_word' id='word_1_294' title='bbox 1376 5213 1524 5276; x_wconf 89' lang='lat' dir='ltr'>editione:</span> <span class='ocrx_word' id='word_1_295' title='bbox 1559 5209 1701 5272; x_wconf 87' lang='lat' dir='ltr'>dedimus</span> 
     </span>
     <span class='ocr_line' id='line_1_40' title="bbox 217 5343 563 5394; baseline -0.035 -1"><span class='ocrx_word' id='word_1_296' title='bbox 217 5343 477 5394; x_wconf 78' lang='lat' dir='ltr'>emmerammus.</span> <span class='ocrx_word' id='word_1_297' title='bbox 557 5359 563 5380; x_wconf 85' lang='grc'><strong>.</strong></span> 
     </span>
    </p>
   </div>
   <div class='ocr_carea' id='block_1_8' title="bbox 0 0 2061 6128">
    <p class='ocr_par' dir='ltr' id='par_1_17' title="bbox 0 0 2061 6128">
     <span class='ocr_line' id='line_1_41' title="bbox 0 0 2061 6128; baseline 0 0"><span class='ocrx_word' id='word_1_298' title='bbox 0 0 2061 6128; x_wconf 95' lang='lat' dir='ltr'> </span> 
     </span>
    </p>
   </div>
  </div>
 </body>
</html>
