4146 6120
712 1528 862 1602 INCIPIT
896 1526 1104 1600 EPISTULA
1136 1527 1260 1600 PETRI
1294 1527 1508 1600 APOSTOLI
1539 1529 1574 1600 II.

1134 1800 1156 1868 I.

481 2032 538 2088 '⁰'
559 2040 688 2144 Sitnon
715 2073 838 2144 Petrus
865 2095 987 2146 servus
1015 2085 1051 2145 et
1077 2069 1255 2168 apostolus
1282 2074 1359 2144 Iesu
1387 2071 1508 2144 Christi
1542 2072 1595 2144 bis
1630 2073 1688 2166 qui
1716 2093 1887 2166 coaequa-

405 2197 474 2266 Iem
501 2193 604 2264 nobis
631 2193 741 2262 sortiti
768 2201 847 2263 sunt
873 2192 979 2266 fidem
1006 2194 1041 2264 in
1066 2193 1192 2266 iustitia
1209 2193 1266 2265 dei
1284 2193 1393 2264 nostri
1412 2201 1448 2263 ct
1465 2191 1647 2265 salvatoris
1664 2195 1743 2265 Iesu
1761 2191 1889 2264 Christi.

403 2307 551 2383 ²Gratia
575 2312 677 2383 vobIs
704 2321 739 2383 et
763 2333 838 2405 pax
863 2311 1091 2406 adimpleatur
1117 2315 1152 2384 in
1170 2313 1344 2406 agnitione
1370 2311 1500 2383 domini
1526 2313 1648 2398 nostri,
1681 2306 1888 2408 ³quom0do

405 2431 522 2503 omnia
546 2430 649 2501 nobis
676 2431 813 2503 divinae
839 2431 972 2502 virtuIIs
998 2453 1084 2504 suae
1111 2453 1201 2525 quae
1229 2431 1407 2504 advitam
1433 2441 1470 2502 at
1495 2431 1660 2524 pietatem
1687 2432 1819 2504 donata
1841 2439 1890 2502 est

405 2572 470 2644 per
504 2548 735 2640 cognitIonem
771 2549 845 2619 eius
880 2550 937 2642 qui
968 2551 1110 2623 vocavit
1140 2573 1206 2624 nos
1245 2549 1387 2644 propria
1419 2551 1529 2643 gloria
1556 2561 1593 2622 et
1617 2551 1758 2636 virtute,
1804 2541 1890 2644 *per

406 2691 511 2762 quam
538 2668 691 2740 maxima
717 2679 752 2739 et
778 2669 954 2762 praetiosa
988 2671 1091 2742 nobis
1117 2665 1292 2764 'promisa
1326 2669 1486 2756 donavit,
1527 2679 1565 2742 ut
1598 2691 1663 2763 per
1694 2667 1785 2741 haec
1819 2667 1889 2740 effi-

406 2787 542 2859 ciamini
568 2787 706 2859 divinae
733 2797 916 2858 consortes
941 2797 1095 2874 naturae,
1122 2789 1292 2882 fugientes
1319 2791 1394 2861 eius
1421 2811 1510 2882 quae
1536 2789 1719 2862 inmundo
1738 2797 1793 2860 est
1811 2810 1891 2860 con-

407 2907 640 3003 cupiscentiae
666 2907 932 3000 corruptionem.
985 2899 1048 2955 Μ)
1066 2908 1137 2979 Vos
1165 2917 1279 2981 autem
1303 2911 1428 2980 'curam
1476 2929 1615 2980 omnem
1643 2907 1892 2980 subinferentes

405 3029 595 3100 ministrata
621 3027 655 3097 in
680 3027 751 3099 fide
776 3038 895 3098 vestra
919 3027 1089 3113 drtntem,
1116 3028 1151 3098 in
1179 3029 1301 3102 virtute
1326 3039 1441 3100 autem
1459 3027 1655 3113 scientiam,
1675 3117 1677 3122 Ι
1698 3019 1765 3098 ⁶in
1783 3028 1892 3098 scien-

406 3149 454 3221 tia
480 3157 596 3220 autem
624 3147 876 3232 abstinentiam,
902 3147 937 3218 in
963 3146 1170 3220 abstinentia
1196 3157 1312 3220 autem
1338 3148 1555 3241 patientiam,
1582 3149 1617 3218 in
1642 3147 1808 3241 patIentia
1834 3169 1892 3217 au-

407 3278 478 3340 tem
504 3269 683 3362 pietatem,
726 3259 792 3337 ‘'in
817 3267 946 3360 pietate
972 3277 1088 3340 autem
1115 3287 1273 3339 amorem
1298 3267 1533 3354 fraternitatis,
1566 3267 1600 3338 in
1633 3289 1754 3340 amore
1781 3277 1892 3340 autem

406 3387 625 3460 fraternitatis
652 3388 840 3459 caritatem.
893 3377 1015 3460 ⁸Haec
1042 3397 1157 3459 autem
1185 3388 1301 3458 omnia
1328 3388 1358 3458 si
1385 3387 1567 3459 vobiscum
1596 3387 1709 3458 adsint
1736 3396 1773 3459 et
1791 3407 1893 3480 supc-

407 3517 493 3593 rent,
520 3529 591 3578 non
617 3527 749 3578 vacuos
775 3527 841 3577 uec
869 3506 942 3578 sine
968 3508 1079 3579 fructu
1111 3527 1178 3578 vos
1216 3505 1423 3578 constituent
1453 3507 1489 3578 in
1523 3506 1653 3578 domini
1686 3507 1797 3580 nostri
1823 3507 1895 3577 Iesu

409 3625 531 3698 Christi
560 3626 773 3719 cognitione:
817 3617 903 3697 ⁹cui
929 3626 1020 3698 enim
1046 3648 1117 3698 non
1142 3637 1285 3720 praesto
1303 3636 1383 3698 sunt
1399 3627 1497 3713 haec,
1525 3647 1653 3698 caecus
1671 3636 1725 3698 est
1742 3635 1779 3698 et
1796 3647 1896 3698 manu

409 3755 592 3838 temptans,
621 3745 830 3816 oblivionem
858 3746 1032 3839 accipiens
1063 3746 1278 3840 purgationis
1311 3755 1470 3818 veterum
1504 3740 1647 3820 suorum
1683 3745 1894 3818 delictorum.

410 3855 485 3910 Μ)
505 3863 733 3958 Quapropter,
760 3865 898 3950 fratres,
925 3866 1036 3958 magis
1062 3865 1155 3960 agite
1180 3876 1218 3936 ut
1242 3887 1306 3960 per
1332 3865 1427 3938 bona
1451 3887 1561 3960 opera
1588 3875 1719 3962 certam
1745 3873 1894 3936 vestram

410 3983 631 4055 vocationem
664 3993 699 4055 et
731 3984 937 4056 electionem
971 3985 1118 4058 faciatis:
1156 3985 1246 4058 baec
1284 3985 1375 4058 enim
1410 3985 1575 4057 facientes
1609 4005 1680 4056 non
1711 3982 1897 4078 peccabitis

411 4102 607 4198 aliquando.
660 4096 682 4140 '¹
703 4101 761 4174 Sic
786 4104 878 4175 enim
904 4104 1120 4178 abundanter
1145 4103 1390 4178 ministrabitur
1415 4103 1518 4176 vobis
1544 4103 1701 4176 introitus
1726 4105 1759 4176 in
1785 4113 1897 4176 aeter-

410 4246 493 4296 num
524 4244 671 4316 regnum
704 4222 832 4294 domini
867 4225 976 4296 nostri
1009 4235 1045 4297 et
1079 4223 1260 4298 salvatoris
1295 4223 1375 4296 Iesu
1406 4223 1537 4296 Christi.
1590 4216 1616 4262 ⁴¹
1632 4224 1780 4318 Propter
1806 4221 1898 4317 quod

410 4342 570 4436 incipiam
596 4363 663 4413 vos
689 4363 831 4436 semper
857 4366 1082 4422 commonere
1107 4344 1155 4416 de
1180 4344 1251 4430 bis,
1278 4350 1314 4414 et
1347 4342 1488 4436 quidem
1522 4344 1673 4417 scientes
1706 4351 1742 4412 et
1772 4339 1897 4414 confir·

411 4471 526 4533 matos
558 4461 593 4531 in
624 4462 802 4554 praesenti
834 4463 989 4538 veritato.
1041 4458 1067 4504 ⁴³
1083 4465 1213 4538 Iustum
1244 4471 1361 4536 autem
1396 4461 1558 4549 arbitror,
1587 4461 1739 4558 quandiu
1764 4483 1843 4534 sum
1868 4461 1899 4529 In

411 4581 481 4654 boo
507 4581 749 4668 tabemaculo,
786 4584 954 4656 suscitare
988 4607 1055 4658 vos
1086 4585 1122 4656 in
1156 4583 1439 4668 commonitione,
1484 4574 1509 4620 ¹*
1522 4593 1639 4656 certus
1673 4581 1770 4676 quod
1795 4581 1899 4652 velox

412 4711 468 4774 est
493 4699 666 4796 depositio
693 4703 904 4776 tabernaculi
936 4707 1015 4792 mei,
1043 4703 1232 4778 secundum
1260 4701 1356 4797 quod
1388 4712 1424 4775 et
1456 4703 1619 4774 dominus
1652 4709 1772 4773 noster
1805 4701 1899 4772 Iesus

414 4821 567 4894 Christus
594 4821 799 4915 significavit
824 4825 916 4898 mibi.
968 4816 1044 4871 Μ)
1062 4825 1162 4896 Dabo
1189 4833 1305 4896 autem
1332 4844 1477 4918 operam
1504 4831 1539 4894 et
1555 4823 1753 4916 frequenter
1771 4821 1901 4893 habere

413 4961 479 5011 vos
506 4949 588 5033 post
614 4942 745 5016 obitum
771 4964 888 5016 meum
916 4955 953 5016 ut
978 4943 1103 5022 borum
1129 4943 1335 5017 memoriam
1368 4943 1509 5016 faciatIs.
1562 4933 1590 4979 ⁴⁰
1605 4944 1683 5015 Non
1717 4942 1808 5013 enIm
1836 4939 1901 5012 do-

415 5069 489 5131 ctas
514 5061 648 5134 fabulas
675 5064 783 5136 secuti
810 5073 928 5136 notam
953 5065 1098 5166 fecimus
1123 5065 1226 5137 uobis
1252 5065 1383 5137 domini
1408 5064 1517 5137 nostri
1542 5063 1622 5136 Iesu
1648 5061 1769 5136 Christi
1795 5061 1901 5132 virtu-

1025 5185 1048 5268 I,
1079 5189 1092 5254 f
1130 5225 1175 5237 -
1208 5187 1264 5256 tt.
