4146 6120
933 359 1112 426 errarunt
1138 360 1189 460 no
1217 361 1416 428 assumes
1540 339 1542 344 ’
1633 377 1636 387 ·

1136 601 1201 671 XII.

513 799 594 856 “³⁰³
608 809 762 900 Ideoque
788 815 823 876 ct
849 827 913 878 nos
940 815 1069 880 mutum
1097 806 1265 904 habentes
1292 806 1474 900 inpositam
1508 805 1636 878 nubem
1663 807 1819 894 testium,¹
1833 806 1887 878 de-

435 939 603 1024 ponentes
630 949 734 1002 omne
760 925 898 1020 pondus
925 935 960 1000 et
986 926 1209 1000 circumstans
1235 947 1300 998 nos
1317 935 1508 1019 peccatum,
1535 926 1806 1020 perpetiendum
1823 949 1888 998 cur-

436 1071 551 1122 ramus
583 1047 800 1142 propositum
832 1046 932 1120 nobis
949 1021 1156 1130 'conamen
1209 1038 1446 1138 ‘aspicientes
1481 1047 1516 1119 in
1549 1055 1726 1120 auctorem
1759 1045 1832 1122 fidei
1862 1059 1890 1118 et

435 1177 748 1244 consummatorem
774 1167 896 1252 lesum,
925 1167 982 1258 qui
1008 1165 1188 1260 proposito
1214 1166 1279 1238 sibi
1306 1164 1434 1258 gaudio
1461 1167 1616 1240 sustinuit
1642 1189 1793 1251 crucem,
1818 1189 1890 1268 con-

435 1289 566 1361 lusione
593 1296 800 1382 contempte,
828 1295 931 1379 atque
958 1288 992 1358 in
1018 1286 1167 1360 dextera
1194 1283 1289 1358 sedis
1322 1286 1381 1358 dei
1414 1286 1514 1360 sedit.
1566 1280 1793 1382 ³Recogitate
1816 1287 1891 1360 enim

435 1431 515 1480 eum
542 1409 600 1502 qui
625 1410 730 1480 talem
756 1406 912 1478 sustinuit
938 1427 959 1478 a
985 1405 1225 1499 peccatoribus
1252 1406 1438 1478 adversum
1465 1417 1576 1480 semet
1606 1409 1704 1502 ipsos
1738 1407 1892 1480 contradi-

436 1531 600 1613 ctionem,
635 1536 671 1600 ut
696 1549 741 1598 ne
768 1525 953 1618 fatigemini
980 1526 1101 1598 animis
1127 1525 1251 1598 vestris
1278 1526 1491 1600 deficientes.
1523 1516 1703 1600 ‘Nondum
1731 1549 1834 1622 usque
1856 1526 1894 1598 ud

436 1647 636 1742 sangninem
670 1646 843 1720 restitistis
872 1645 1058 1718 adversum
1091 1655 1272 1740 peccatum
1305 1657 1554 1740 repugnantes,
1604 1641 1671 1722 ⁵ot
1703 1647 1797 1720 obliti
1826 1647 1894 1720 estis

436 1766 690 1851 consolationis,
717 1787 808 1858 quac
834 1765 936 1838 vobis
963 1775 1136 1858 tamquam
1163 1765 1238 1838 liliis
1264 1767 1421 1860 loquitur,
1448 1766 1567 1840 diceus
1593 1769 1654 1842 Fili
1672 1769 1729 1854 mi,
1748 1768 1820 1842 'noli
1843 1788 1894 1838 ne-

376 1865 383 1872 ’
436 1891 577 1982 glegere
603 1886 816 1980 disciplinam
843 1885 983 1971 domini,
1010 1905 1125 1978 neque
1151 1886 1301 1978 fatigeris
1327 1887 1408 1958 dum
1437 1886 1482 1960 ab
1510 1907 1555 1961 eo
1574 1889 1744 1982 argueris:
1781 1881 1895 1981 ⁶quern

437 2010 528 2082 enim
555 2007 662 2101 diligit
687 2006 848 2082 dominus
875 2005 1026 2098 castigat,
1053 2005 1203 2096 flagellat
1234 2015 1350 2078 eutem
1381 2025 1519 2080 mnam
1550 2005 1656 2082 filium
1688 2030 1791 2102 quem
1821 2007 1896 2078 reci-

437 2131 493 2224 pit.
545 2123 612 2200 'ln
637 2127 815 2222 disciplina
841 2136 1076 2218 perseverate.
1104 2125 1293 2218 Tamquam
1311 2125 1386 2198 filiis
1410 2125 1511 2198 vobis
1529 2127 1631 2200 offert
1647 2128 1751 2202 deus:
1779 2118 1899 2220 ‘⁸¹'quis

324 2271 328 2280 ’
438 2250 529 2320 enim
556 2247 642 2320 filius
669 2270 773 2342 quem
799 2267 870 2318 non
896 2246 1036 2339 corripit
1060 2248 1187 2339 pater?
1231 2237 1366 2332 ⁸Quod
1393 2245 1421 2318 si
1456 2256 1556 2320 extra
1583 2247 1794 2343 disciplinam
1819 2246 1898 2327 estis,

438 2370 535 2440 cuius
561 2370 746 2464 participes
772 2366 851 2440 lacti
877 2375 956 2437 sunt
973 2386 1106 2450 omnes,
1133 2387 1218 2458 ergo
1237 2365 1381 2438 adulteri
1406 2375 1443 2438 ct
1458 2387 1528 2440 non
1555 2363 1621 2440 'fil
1639 2369 1731 2442 estis.
1757 2363 1899 2442 ⁹lleinde

436 2499 554 2582 patres
580 2489 721 2580 quidem
749 2487 862 2560 carnis
888 2493 1029 2558 nostrae
1056 2485 1238 2560 babuimus
1264 2485 1458 2560 eruditores
1485 2497 1521 2560 et
1537 2489 1800 2562 reverebamur:
1826 2483 1899 2558 'non

438 2608 683 2700 multomagis
709 2606 1028 2698 obtemperavimus
1054 2606 1142 2700 patri
1168 2607 1344 2699 spirituum
1371 2616 1408 2680 ct
1432 2607 1615 2680 vivemus?
1667 2600 1693 2646 ⁴⁰
1709 2609 1753 2680 Et
1777 2608 1819 2682 illi
1835 2607 1898 2700 qui-

439 2729 520 2801 dem
547 2727 581 2798 in
608 2739 767 2820 tempore
793 2747 983 2822 pancorum
1008 2725 1142 2808 ¹dierum
1174 2726 1363 2800 secundum
1397 2728 1609 2800 voluntatem
1643 2750 1743 2802 suam
1776 2727 1899 2801 credie

439 2850 523 2920 bant
547 2868 622 2932 nos,
650 2845 705 2916 bic
731 2855 846 2920 autem
873 2846 982 2920 adid
1008 2845 1103 2939 quod
1129 2846 1209 2918 utile
1235 2856 1289 2931 est
1313 2846 1348 2918 in
1383 2847 1583 2942 recipiendo
1616 2848 1900 2922 sanctificationem

439 2970 522 3042 cius.
575 2957 597 3002 ⁴¹
619 2967 738 3040 Omnis
771 2975 885 3040 autem
920 2967 1098 3060 disciplina
1133 2966 1167 3038 in
1198 2966 1373 3060 praesenti
1406 2967 1545 3058 qudem
1578 2969 1716 3042 videtur
1741 2991 1810 3044 nou
1834 2986 1901 3040 esso

438 3087 555 3182 gaudii
579 3088 645 3160 sed
670 3087 826 3172 meroris,
853 3069 978 3181 postea
1011 3095 1127 3160 autem
1153 3088 1297 3160 fructum
1331 3088 1587 3180 pacatissimum
1624 3089 1819 3164 exercitatis
1850 3108 1902 3181 per

438 3231 517 3282 cam
544 3206 695 3282 reddidit
719 3207 874 3280 iustitiae.
927 3199 953 3246 ⁴¹
967 3197 1019 3256 (θ’)
1034 3207 1181 3301 Propter
1206 3207 1301 3302 quod
1326 3207 1492 3282 remissas
1518 3229 1639 3282 manus
1666 3219 1701 3282 et
1719 3211 1828 3282 solute
1849 3227 1901 3300 gc-

438 3351 505 3402 nua
532 3328 668 3420 erigite,
711 3319 738 3364 ’Β
755 3337 791 3398 et
824 3349 968 3420 gressus
1001 3337 1116 3400 rectos
1148 3327 1248 3401 tacite
1278 3327 1426 3420 pedibus
1458 3329 1601 3413 vestris,
1630 3339 1666 3402 ut
1690 3351 1761 3404 non
1787 3325 1902 3402 claudi-

439 3471 521 3520 cans
547 3457 648 3532 erret
675 3448 788 3540 magis
813 3457 929 3522 summ
955 3458 1103 3522 sanetur.
1156 3438 1181 3484 ¹⁴
1199 3446 1323 3520 Pacem
1352 3449 1533 3542 sequimini
1565 3471 1642 3522 eum
1679 3449 1850 3531 omnibus,
1875 3455 1903 3516 et

438 3566 674 3654 sanctimonia,
701 3568 775 3642 siue
802 3589 871 3660 qua
895 3589 999 3642 nemo
1025 3567 1157 3642 videbit
1182 3567 1373 3652 dominum;
1422 3559 1449 3608 ¹⁶
1465 3571 1739 3663 contemplantes
1772 3565 1903 3660 nequis

439 3690 529 3762 desit
554 3688 685 3781 gratim
712 3688 780 3774 dci,
808 3710 851 3762 ue
878 3709 947 3780 qua
973 3686 1073 3760 radix
1100 3686 1332 3762 amaritudinis
1366 3711 1501 3762 sursum
1528 3691 1726 3781 germinans
1752 3685 1904 3783 impediat

439 3822 474 3880 et
507 3831 571 3902 per
604 3808 695 3882 illam
728 3808 943 3903 inquinentur
977 3807 1090 3892 multi,
1138 3797 1165 3842 ⁴⁶
1181 3827 1225 3880 ne
1256 3807 1334 3902 quis
1372 3809 1559 3882 fornicator
1591 3820 1649 3881 aut
1684 3811 1846 3904 profanus
1875 3811 1905 3874 ut

438 3932 539 4014 Esau,
567 3927 624 4020 qui
650 3940 793 4022 propter
818 3950 922 4002 unam
949 3949 1064 4000 escam
1091 3927 1246 4002 vendidit
1271 3929 1440 4022 primitiva
1466 3949 1539 4002 sua.
1578 3919 1668 3986 Μ’)
1680 3931 1811 4004 Scitote
1827 3925 1904 3998 edm

440 4049 604 4143 quoniam
630 4059 666 4120 et
691 4059 816 4142 postea
843 4049 985 4142 cupiens
1010 4047 1205 4122 hereditare
1231 4049 1512 4122 benedictionem
1530 4049 1737 4143 reprobatus
1756 4057 1823 4121 est:
1848 4065 1905 4118 non

439 4171 530 4244 enirn
557 4169 688 4242 invenit
712 4168 942 4263 paenitentiae
967 4169 1090 4254 locum,
1118 4189 1326 4262 quamquam
1353 4191 1430 4244 cum
1449 4169 1597 4244 lacrimis
1614 4169 1813 4264 inquisisset
1829 4187 1905 4240 eam.

341 4302 344 4312 ¹
439 4282 560 4364 18Νοιι
586 4289 677 4362 mim
702 4289 898 4364 accessistis
924 4288 971 4364 ad
997 4289 1209 4364 bactabilem
1235 4299 1272 4364 et
1297 4290 1537 4366 accensibilem
1554 4289 1670 4383 ignem
1687 4300 1723 4364 et
1750 4289 1906 4364 turbinem

440 4419 475 4482 et
501 4410 682 4503 caliginem
710 4419 745 4482 et
770 4411 958 4504 procellam
1001 4401 1028 4448 ¹⁹
1044 4419 1081 4484 et
1106 4409 1210 4484 tubae
1236 4431 1359 4484 sonum
1387 4420 1423 4484 et
1447 4431 1571 4486 vocem
1593 4412 1790 4497 verborum,
1816 4427 1906 4502 quam

441 4531 499 4622 qui
526 4529 708 4604 audierunt
733 4539 990 4606 excusaverunt
1015 4551 1064 4615 se,
1092 4551 1136 4602 ne
1162 4529 1213 4602 eis
1238 4531 1338 4606 fieret
1363 4530 1523 4604 verbum:
1566 4521 1593 4566 ²⁰
1608 4551 1679 4603 non
1710 4531 1802 4605 enim
1833 4547 1906 4624 por·

440 4650 558 4724 tabent
584 4650 680 4744 qnod
706 4651 885 4726 dicebatur
910 4653 952 4724 Et
983 4653 1012 4726 si
1043 4649 1156 4726 bestia
1189 4651 1338 4744 tetigerit
1371 4659 1540 4735 montem,
1568 4651 1792 4746 lapidabitur:
1833 4641 1856 4687 ’⁴
1870 4655 1906 4726 ct

440 4769 488 4840 ita
513 4771 663 4844 terribile
689 4781 764 4844 erat
790 4771 885 4866 quod
910 4772 1108 4857 videbatur,
1139 4772 1256 4846 Moses
1290 4771 1377 4844 dixit
1401 4771 1592 4846 Exterritus
1625 4795 1701 4848 sum
1728 4782 1764 4842 et
1790 4779 1907 4842 usme-

441 4888 592 4962 bundus:
644 4882 670 4928 Ἠ
683 4893 748 4966 sed
780 4893 977 4968 accessistis
1014 4893 1059 4966 ad
1090 4893 1173 4968 Sion
1204 4901 1354 4966 montem
1395 4902 1430 4966 et
1465 4891 1636 4966 civitatem
1669 4892 1726 4966 dei
1761 4885 1907 4966 viventis

440 5008 652 5084 Hierusalem
681 5014 877 5100 caelestem,
905 5023 940 5086 et
964 5013 1147 5086 multomm
1182 5012 1309 5086 milium
1345 5014 1547 5106 angelorum
1581 5012 1809 5107 frequentiae,
1843 4999 1907 5074 ²³et

441 5129 663 5203 ecclesiarum
689 5133 936 5228 primitivorum
964 5133 1020 5226 qui
1046 5133 1231 5226 conscripti
1250 5141 1330 5208 sunt
1354 5133 1520 5218 incaelis,
1548 5144 1582 5205 et
1600 5133 1747 5206 iudicem
1767 5127 1908 5202 omnium

1037 5253 1103 5338 Xll,
1135 5256 1147 5323 l
1185 5293 1229 5304 -
1259 5255 1318 5328 23.
