4146 6120
941 689 1146 761 lNClPlUNT
1174 689 1392 763 CAPlTULA.

533 867 553 935 l.
582 866 705 938 Scribit
732 864 858 936 seniori
885 873 919 933 et
945 861 1020 934 filiis
1047 865 1137 950 eius,
1165 886 1253 957 quos
1280 864 1387 956 diligit
1413 863 1445 933 in
1472 864 1632 946 veritate,
1661 863 1770 934 Gratia
1797 865 1889 934 mise-

579 983 725 1056 ricordia
753 1007 823 1078 pax
850 983 978 1055 domini
1004 985 1111 1055 nostri
1137 986 1216 1057 lesu
1243 985 1372 1057 Christi.

515 1105 550 1174 ll.
577 1104 672 1176 ldem
708 1105 849 1196 gavisus
873 1091 929 1175 'de
962 1102 1037 1176 filiis
1071 1103 1145 1176 eius
1179 1105 1274 1200 quod
1308 1097 1541 1176 'ambularent
1566 1104 1599 1174 iu
1626 1102 1817 1176 mandatum
1843 1102 1891 1172 dei

580 1235 614 1296 et
640 1224 872 1297 dilectionem.
1170 1205 1176 1212 ¹

499 1345 547 1414 lll.
577 1346 641 1430 Qui
666 1367 737 1416 non
763 1344 943 1417 confitetur
967 1345 1078 1416 lesum
1103 1344 1270 1416 Christum
1298 1345 1492 1416 venientem
1519 1344 1552 1414 iu
1579 1365 1691 1430 carue,
1720 1343 1773 1414 hic
1800 1337 1891 1412 'auti-

578 1465 723 1536 christus
749 1475 811 1536 est.

485 1583 545 1654 llll.
575 1585 639 1670 Qui
666 1595 846 1679 permanet
872 1586 905 1654 iu
932 1584 1086 1656 doctrina
1115 1583 1189 1670 dei,
1217 1595 1252 1656 et
1278 1584 1382 1656 filium
1409 1595 1445 1655 et
1470 1593 1603 1679 patrem
1632 1583 1746 1656 hahet.

506 1705 543 1774 V.
572 1705 670 1776 Plura
698 1706 851 1776 scribere
877 1705 978 1776 uobis
1004 1705 1114 1790 nolui,
1143 1725 1288 1798 sperans
1314 1728 1370 1776 me
1399 1705 1466 1778 cito
1492 1704 1612 1776 videre
1638 1725 1713 1774 vos.

942 1839 1172 1904 EXPLlClUNT
1193 1839 1386 1904 CAPITULA.

1024 1977 1102 2038 DEO
1130 1975 1303 2040 GRATIAS.

1015 2193 1309 2202 ψ

803 2355 951 2428 mortu
977 2343 1185 2428 uersuum
1211 2355 1413 2428 rouunms
1441 2333 1526 2427 sa'c·
1622 2321 1625 2330 ⁴

1140 2547 1162 2614 r.

498 2671 557 2726 ⁴⁰³
576 2677 709 2784 Senior
737 2714 867 2784 electae
896 2714 1058 2787 dominae
1084 2725 1120 2786 et
1143 2716 1231 2786 natis
1258 2717 1341 2803 eius,
1369 2739 1459 2810 quos
1484 2735 1552 2809 ego
1571 2715 1677 2808 diligo
1697 2717 1734 2786 in
1751 2715 1897 2794 veritate,

418 2845 456 2906 et
481 2855 552 2905 nou
578 2854 647 2926 ego
681 2833 776 2903 solus
811 2833 876 2904 sed
908 2845 943 2905 et
975 2857 1098 2907 omues
1133 2837 1191 2929 qui
1223 2845 1460 2930 coguoverunt
1492 2837 1689 2922 veritatem,
1731 2830 1900 2930 ¹proptor

419 2955 601 3026 veritatem
634 2974 724 3046 quac
757 2965 939 3047 permanet
969 2955 1004 3026 iu
1035 2956 1137 3028 nohis
1164 2967 1199 3028 et
1224 2957 1404 3029 uobiscum
1431 2957 1496 3028 erit
1520 2958 1555 3026 iu
1580 2965 1774 3028 aeternum.
1826 2946 1900 3024 ³Sit

418 3075 599 3146 uobiscum
632 3073 741 3166 gratia
774 3073 1010 3148 misericordia
1041 3099 1115 3170 pax
1141 3099 1162 3150 a
1190 3077 1260 3149 deo
1292 3087 1390 3172 patre
1416 3087 1452 3148 et
1477 3075 1610 3148 Christo
1636 3077 1717 3148 lesu
1744 3075 1815 3146 lilio
1841 3095 1899 3168 pa-

418 3195 478 3266 tris
513 3195 547 3265 in
578 3195 723 3266 veritate
756 3205 791 3266 et
825 3195 975 3268 caritme
1028 3185 1092 3244 Ψ)
1110 3196 1256 3268 Gavisus
1291 3219 1368 3268 sum
1396 3195 1498 3268 valde
1524 3196 1689 3290 quoniam
1717 3193 1836 3268 inveni
1861 3191 1901 3264 de

418 3315 494 3387 filiis
520 3317 586 3387 tuis
613 3315 829 3389 ambulantes
855 3317 1059 3388 inveritate
1086 3318 1175 3389 sicut
1200 3316 1399 3389 mandatum
1426 3317 1624 3410 accepimus
1641 3325 1797 3410 epatre.
1839 3305 1902 3382 ὗΕῑ

418 3457 508 3506 nunc
534 3457 622 3528 rogo
648 3445 692 3520 te,
720 3436 870 3522 domina,
897 3457 968 3508 non
994 3446 1170 3532 umquam
1196 3436 1395 3508 mandatum
1417 3458 1545 3510 novum
1563 3435 1724 3508 scribens
1743 3437 1816 3520 tihi,
1844 3432 1902 3504 sed

418 3557 514 3648 quod
540 3555 723 3627 habuimus
752 3557 798 3626 ab
823 3555 934 3641 initio,
960 3565 998 3627 ut
1024 3557 1206 3652 diligamus
1233 3559 1441 3630 alterutrum.
1483 3549 1551 3628 “Et
1566 3535 1665 3627 ¹haec
1693 3569 1753 3628 est
1771 3555 1902 3634 caritas,

416 3687 453 3746 ut
479 3677 695 3748 ambulemus
721 3675 912 3747 secuudum
938 3677 1100 3750 mandata
1126 3679 1209 3750 eius.
1253 3667 1288 3726 ω)
1301 3676 1377 3748 Ηοο
1402 3677 1602 3749 mandatum
1628 3686 1693 3763 est,
1725 3687 1765 3748 ut
1784 3695 1903 3770 quem·

350 3881 360 3896 ι
417 3795 606 3868 admodum
633 3796 775 3867 audistis
801 3797 846 3867 ah
873 3796 965 3868 initio
992 3797 1027 3867 in
1053 3817 1098 3868 eo
1125 3796 1315 3868 ambuletis.
1349 3789 1547 3883 'Quoniam
1572 3797 1667 3868 multi
1695 3797 1904 3871 seductores

416 3916 573 3985 exierunt
602 3915 636 3985 in
667 3915 849 4001 mumdum,
883 3919 1036 4008 quinon
1063 3911 1284 3988 'confitentur
1309 3917 1421 3990 losum
1448 3917 1616 3989 Christum
1640 3919 1849 3990 venientem
1873 3915 1905 3984 in

416 4057 529 4107 carue.
581 4035 643 4106 llic
668 4047 722 4107 est
748 4036 912 4108 seductor
938 4048 973 4108 et
999 4037 1223 4108 antichristus.
1267 4027 1418 4110 8Videte
1444 4038 1719 4131 vosmetipsos
1749 4061 1799 4110 ne
1825 4057 1904 4130 per-

416 4155 505 4228 datis
532 4177 624 4248 quae
651 4157 785 4250 operati
811 4156 903 4242 estis,
931 4155 996 4228 sed
1021 4167 1059 4228 ut
1083 4156 1297 4232 mercedem⁴
1312 4157 1449 4250 plenam
1475 4157 1659 4252 accipiatis.
1701 4150 1771 4206 Μ)
1788 4156 1905 4228 Omnis

344 4363 348 4369 .
414 4277 471 4369 qui
489 4269 684 4368 'praecedit
702 4287 737 4347 et
753 4299 823 4348 non
841 4287 957 4350 manet
982 4276 1017 4347 in
1034 4276 1191 4348 doctriua
1210 4277 1341 4363 Christi,
1368 4277 1474 4350 deum
1491 4299 1561 4350 nou
1583 4277 1707 4348 habet:
1740 4280 1804 4372 qui
1824 4299 1903 4372 per·

414 4407 531 4468 manet
562 4396 596 4466 iu
628 4396 800 4483 doctrina,
836 4397 890 4470 hic
923 4408 959 4468 et
990 4397 1094 4467 lilium
1128 4407 1162 4468 et
1194 4407 1329 4491 patrem
1355 4397 1469 4470 hahet.
1523 4391 1549 4438 ¹⁰
1566 4399 1602 4468 Si
1628 4398 1706 4492 quis
1736 4400 1836 4472 venit
1863 4395 1906 4468 ad

413 4538 480 4588 vos
507 4526 542 4586 et
568 4516 656 4588 hanc
683 4517 875 4589 doctrinam
900 4539 970 4590 uon
997 4517 1117 4602 adfert,
1144 4517 1249 4588 nolite
1274 4517 1431 4612 recipere
1457 4541 1535 4591 eum
1563 4520 1598 4590 in
1620 4519 1734 4590 domu
1752 4540 1825 4591 nec
1844 4537 1909 4589 ave

412 4637 445 4708 ei
478 4636 652 4710 dixeritis:
691 4630 714 4703 'l
735 4637 794 4731 qui
826 4637 918 4708 euim
944 4635 1026 4708 dicit
1050 4635 1095 4706 illi
1122 4658 1204 4722 avo,
1238 4639 1467 4710 communicat
1493 4640 1657 4734 operibus
1685 4635 1804 4711 'illius
1832 4659 1907 4708 ma-

411 4757 520 4849 lignis.
574 4747 645 4804 Μ)
663 4757 763 4830 Plura
789 4757 924 4830 habens
951 4756 1052 4828 vobis
1079 4757 1242 4842 scrihere,
1270 4759 1363 4830 nolui
1389 4779 1454 4853 per
1481 4745 1630 4831 'cartam
1656 4769 1691 4830 et
1721 4770 1908 4832 atramen-

411 4887 500 4947 tum:
536 4899 640 4970 spero
667 4878 757 4949 enim
783 4899 840 4949 me
866 4878 1013 4948 futurum
1040 4875 1135 4971 apud
1159 4899 1225 4950 vos
1252 4887 1288 4948 et
1314 4900 1355 4950 os
1381 4879 1427 4950 ad
1454 4900 1495 4950 os
1521 4879 1631 4973 loqui,
1665 4888 1703 4950 ut
1734 4879 1910 4973 gaudium

411 5007 564 5068 vestrum
592 4999 634 5068 sit
659 4998 807 5090 plenum.
860 4989 886 5033 ⁴³
903 4998 1056 5068 Salutaut
1082 5007 1117 5067 te
1143 4996 1200 5068 filii
1226 4999 1357 5071 sororis
1384 5011 1463 5071 tuae
1488 4999 1631 5072 electae.

763 5131 932 5196 EXPLlClT
955 5130 1137 5196 EPISTULA
1160 5131 1338 5198 lOHANNlS
1361 5131 1544 5201 SECUNDA.
