4220 6124
756 1355 906 1429 INCIPIT
939 1353 1145 1430 EPISTULA
1177 1355 1237 1430 AD
1271 1355 1487 1432 ernustes.

1114 1597 1136 1668 Ι.

462 1775 520 1830 ⁴⁰)
536 1765 570 1867 Ρ
572 1801 669 1873 aulus
695 1803 874 1896 apostolus
900 1803 1023 1875 Christi
1047 1803 1126 1876 lesu
1150 1825 1215 1899 per
1235 1807 1446 1879 volumtatem
1473 1803 1531 1875 dei
1548 1802 1675 1882 sanetis
1701 1799 1860 1872 omnibus

385 1921 444 2013 qui
470 1931 549 1994 sunt
573 1922 702 2016 Ephesi
733 1933 768 1994 et
800 1921 960 1996 fidelibus
993 1921 1027 1994 in
1059 1923 1194 1996 Christo
1225 1926 1313 1998 iesu.
1365 1917 1512 1996 'Gratia
1542 1923 1644 1995 vobis
1676 1932 1712 1993 et
1740 1941 1813 2016 pax
1838 1941 1858 1990 a

385 2039 454 2112 deo
480 2051 578 2135 patre
605 2037 744 2115 'nostro
776 2054 812 2113 et
844 2043 986 2116 domino
1011 2043 1090 2115 lesu
1121 2044 1264 2118 Christo.
1316 2037 1553 2118 ³Benediotus
1585 2041 1674 2116 deus
1699 2051 1736 2116 et
1759 2050 1859 2134 pater

385 2159 514 2232 domini
539 2165 646 2245 nostri
671 2163 749 2236 lesu
774 2161 905 2248 Christi,
932 2163 991 2256 qui
1015 2163 1195 2236 benedixit
1219 2185 1285 2237 nos
1311 2165 1346 2236 in
1371 2164 1465 2236 omui
1489 2161 1731 2236 benedictione
1758 2159 1858 2254 spiri-

383 2281 442 2352 taii
467 2281 501 2352 in
527 2283 734 2354 caelestibus
760 2283 794 2352 in
820 2283 968 2370 Christo,
1010 2271 1129 2354 *siout
1155 2283 1350 2378 etegitnos
1375 2283 1513 2379 inipso
1539 2293 1619 2356 ante
1636 2281 1754 2355 mundi
1773 2301 1857 2352 con-

384 2401 604 2488 stitutionem,
630 2413 667 2473 ut
692 2423 852 2475 essemus
878 2405 987 2475 saneti
1012 2414 1048 2474 et
1072 2403 1279 2478 immaculati
1303 2404 1338 2476 in
1356 2415 1545 2499 conspectu
1562 2405 1637 2476 eius
1654 2403 1689 2474 in
1706 2401 1856 2484 caritate,

384 2511 469 2612 ⁵qni
495 2522 764 2616 praedestinavit
793 2543 859 2594 nos
892 2523 927 2594 iu
953 2518 1196 2616 'adoptionem
1222 2521 1368 2596 tiliorum
1402 2545 1466 2618 per
1490 2526 1601 2597 lesina
1630 2523 1797 2595 Christum
1823 2519 1857 2590 in

385 2639 515 2732 ipsum,
542 2643 733 2715 secundum
758 2641 974 2736 propositum
1000 2643 1183 2715 voluntatis
1210 2665 1311 2730 suae,
1360 2635 1426 2715 ‘iu
1450 2645 1591 2718 laudem
1617 2643 1748 2736 gloriae
1774 2661 1855 2730 gra-

386 2757 454 2828 tiae
480 2780 576 2846 suae,
603 2763 637 2834 in
664 2784 733 2855 qua
749 2759 951 2854 gratificavit
967 2783 1033 2832 nos
1049 2763 1085 2834 in
1102 2757 1256 2849 dileeto‘,
1299 2755 1361 2834 'in
1386 2786 1456 2858 quo
1479 2763 1651 2838 habenms
1669 2759 1856 2854 redempti-

384 2899 487 2950 onem
519 2901 584 2973 per
617 2882 817 2974 sanguinem
851 2883 942 2966 eius,
975 2882 1215 2956 remissionem
1241 2894 1476 2978 peecatorum,
1504 2882 1695 2955 seeundum
1722 2880 1856 2954 divitias

382 2999 513 3090 gratiae
539 3001 628 3085 eius,
671 2993 791 3095 ⁸quae
827 3001 1119 3094 superabundavit
1149 3003 1185 3074 in
1209 3003 1311 3075 nobis
1336 3004 1371 3076 in
1403 3004 1496 3076 omni
1521 3004 1687 3098 sapientia
1713 3011 1748 3072 et
1772 3021 1854 3094 pru-

383 3117 514 3206 dentia,
557 3111 626 3192 ⁹ut
650 3131 768 3194 uotum
794 3123 925 3194 iaceret
948 3121 1050 3194 nobis
1074 3131 1328 3194 sacramentum
1344 3124 1527 3196 voluntatis
1545 3143 1640 3207 suae,
1666 3118 1855 3194 seeundum
1959 3199 1967 3214 ,

382 3237 513 3310 bonum
539 3241 699 3335 placitum
727 3240 801 3312 eius
826 3240 922 3334 quod
947 3241 1129 3336 proposuit
1153 3241 1187 3314 in
1213 3262 1259 3313 eo
1301 3234 1374 3314 ⁴⁰in
1399 3243 1693 3338 dispensationem
1710 3239 1855 3336 plenitu-

383 3358 472 3432 dinis
498 3369 713 3455 temporum,
747 3362 937 3433 instaurare
963 3361 1077 3432 omnia
1103 3361 1137 3432 in
1163 3361 1313 3449 Christo,
1340 3363 1490 3457 quaein
1516 3363 1621 3434 caelis
1647 3371 1683 3433 et
1707 3381 1797 3454 quae
1822 3359 1856 3428 in

382 3487 473 3550 terra
499 3491 590 3568 sunt,
622 3482 657 3553 in
689 3481 784 3576 ipso,
835 3473 911 3552 ⁴'in
945 3501 1014 3573 quo
1049 3481 1153 3554 etiam
1186 3491 1281 3554 sorte
1306 3484 1421 3555 vocati
1447 3505 1586 3566 sumus,
1613 3479 1856 3575 praedestinati

382 3599 571 3672 seeundum
596 3601 811 3694 propositum
837 3601 911 3673 eius
936 3599 994 3694 qui
1019 3602 1134 3674 omnia
1160 3612 1324 3696 operatur
1349 3593 1561 3675 ‘seeundum
1587 3601 1764 3673 consilium
1788 3620 1854 3670 vo-

381 3719 517 3792 luntatis
543 3743 643 3803 suae;
685 3712 713 3758 ⁴²
731 3730 767 3792 ut
792 3721 899 3794 simus
930 3721 965 3792 in
997 3720 1137 3794 laudem
1169 3723 1301 3814 gloriae
1326 3721 1416 3808 eius,
1447 3723 1504 3816 qui
1537 3731 1615 3794 ante
1642 3719 1855 3816 speravimus

381 3839 417 3910 iu
443 3839 591 3926 Christo,
634 3831 707 3910 ⁴³in
734 3862 804 3934 quo
830 3851 866 3912 et
891 3861 972 3926 vos,
1006 3863 1084 3912 eum
1111 3840 1296 3914 audissetis
1326 3842 1472 3914 verbum
1506 3841 1673 3926 veritatis¹
1701 3860 1852 3933 euange-

292 3959 299 3978 '
381 3959 462 4029 lium
489 3960 607 4032 salutis
638 3971 792 4046 vestrae,
825 3961 860 4032 in
890 3981 960 4054 quo
992 3959 1176 4032 credentes
1209 3961 1332 4055 signati
1365 3963 1448 4034 estis
1475 3963 1594 4057 spiritu
1620 3958 1854 4055 promissionis

382 4071 537 4166 'saneto‚
581 4073 677 4174 “qui
710 4089 764 4153 est
788 4079 912 4175 pignus
947 4079 1147 4152 hereditatis
1173 4091 1310 4154 nostrae
1340 4081 1375 4153 in
1401 4081 1675 4174 redemptionem
1702 4079 1854 4174 adquisi-

380 4199 490 4285 tionis,
516 4201 551 4271 in
575 4200 715 4274 laudem
741 4201 873 4295 gloriae
897 4201 982 4272 eius.
1033 4191 1109 4248 Μ’)
1126 4199 1313 4294 Propterea
1339 4213 1375 4274 et
1400 4221 1478 4294 agn,
1506 4199 1649 4273 audiens
1666 4199 1772 4272 iidem
1789 4221 1852 4271 ve-

381 4329 488 4392 stram
514 4341 605 4414 quae
631 4331 687 4393 est
710 4321 745 4392 in
771 4321 911 4394 domino
937 4321 1015 4392 lesu
1040 4330 1075 4390 et
1101 4319 1318 4393 dilectionem
1344 4322 1380 4392 in
1406 4341 1530 4392 omnes
1558 4331 1707 4406 sanctos,
1746 4309 1853 4391 46ιιοιι

379 4461 484 4512 cesso
511 4439 638 4532 gratias
672 4461 781 4534 agens
813 4464 878 4536 pro
912 4441 1030 4526 uobis,
1065 4440 1267 4512 memoriam
1293 4443 1399 4514 vestri
1430 4441 1558 4514 iaciens
1584 4440 1618 4511 in
1644 4439 1853 4514 orationibus

379 4560 482 4645 meis,
527 4553 551 4596 '⁷
567 4571 605 4631 ut
630 4560 719 4634 deus
745 4551 873 4635 domini
898 4561 1006 4633 nostri
1031 4559 1109 4631 lesu
1135 4559 1265 4646 Christi,
1291 4570 1390 4656 pater
1414 4561 1559 4654 gloriae,
1586 4559 1646 4634 det
1663 4559 1763 4632 vobis
1781 4559 1852 4652 spi-

378 4681 479 4752 ritum
505 4680 694 4774 sapientiae
725 4692 761 4754 et
791 4682 1009 4756 revelationis
1040 4679 1074 4749 iu
1106 4679 1278 4772 agnitione
1301 4681 1404 4768 atus,
1444 4672 1469 4716 ⁴⁸
1486 4679 1701 4752 inluminatos
1733 4681 1853 4750 oculos

378 4801 495 4874 cordis
521 4802 636 4888 vestri,
662 4811 700 4874 ut
725 4803 841 4876 sciatis
868 4824 958 4896 quae
984 4801 1028 4872 sit
1052 4821 1134 4893 spes
1160 4801 1350 4872 vocationis
1375 4801 1467 4886 eius,
1494 4821 1584 4893 quae
1610 4799 1749 4872 divitiae
1775 4799 1852 4892 glo-

376 4921 449 4993 riae
476 4919 674 4994 hereditatis
708 4923 782 4996 eius
815 4925 850 4995 in
880 4923 1022 5006 sanctie,
1066 4911 1092 4957 ⁴⁹
1104 4929 1140 4990 et
1173 4941 1264 5013 quae
1291 4921 1334 4992 sit
1366 4919 1627 5015 supereminens
1653 4917 1852 5012 magnitudo

377 5041 509 5112 virtun's
534 5041 607 5114 eius
632 5042 665 5112 in
692 5065 758 5116 nos
785 5046 843 5137 qui
868 5040 1077 5116 credidimus
1104 5037 1293 5112 secundum
1321 5040 1558 5133 operationem
1585 5041 1760 5133 potentiae
1779 5039 1850 5110 vir—

377 5163 456 5234 tutis
483 5163 572 5248 eius,
616 5153 760 5255 ”quam
786 5171 950 5257 operatus
976 5161 1089 5232 estin
1115 5159 1257 5242 Christo,
1286 5159 1455 5230 suscitans
1481 5159 1572 5230 ilium
1600 5183 1621 5231 a
1647 5160 1790 5232 mortuis
1817 5169 1853 5230 et

995 5281 1017 5364 1,
1047 5282 1061 5350 i
1097 5319 1143 5331 -
1172 5281 1230 5354 20.
