4102 6128
824 1323 1348 1404 PRAEFATIO,

445 1617 618 1718 Mattheus
644 1667 688 1714 ex
717 1645 860 1728 iudaea,
888 1645 974 1714 sicut
1001 1645 1034 1714 in
1062 1645 1183 1715 ordine
1211 1643 1342 1736 primus
1377 1643 1521 1734 ponitur,
1551 1645 1768 1736 evangelium
1795 1644 1827 1713 in

342 1765 468 1836 iudaea
496 1764 626 1857 primus
653 1764 803 1858 scripsit:
831 1764 927 1834 cuius
953 1764 1092 1834 vocatio
1120 1764 1165 1836 ad
1193 1763 1296 1834 deum
1325 1781 1372 1830 cx
1391 1763 1579 1854 publicanis
1607 1765 1740 1835 actibus
1763 1764 1830 1834 ruit.

341 1887 494 1955 Duorum
530 1884 561 1953 in
597 1884 820 1974 generatione
854 1883 974 1954 Christi
1009 1884 1174 1977 principia
1200 1901 1444 1974 praesumens,
1473 1883 1571 1954 unius
1599 1885 1696 1955 cuius
1723 1885 1829 1978 primu

313 1999 555 2074 'circumcisio
590 2004 771 2086 incarne,
807 2003 945 2073 alterius
973 2004 1164 2074 secundum
1193 2023 1254 2072 cor
1281 2001 1405 2071 electio
1434 2001 1507 2072 i'uit:
1541 2013 1649 2073 etex
1676 2003 1829 2094 utrisque

334 2124 372 2192 in
401 2123 555 2216 patribus
583 2123 735 2193 Christus
768 2135 830 2193 est.
885 2123 1011 2214 Sicque
1038 2133 1162 2213 quater
1194 2121 1338 2192 denario
1367 2142 1512 2191 numero
1540 2122 1736 2193 triformiter
1763 2145 1828 2216 po-

342 2243 423 2326 site,
457 2241 659 2337 principium
695 2263 714 2311 a
751 2241 917 2314 credendi
953 2241 1022 2312 fide
1054 2242 1087 2310 in
1123 2241 1296 2312 electionis
1334 2255 1470 2333 tempus
1506 2243 1701 2334 porrigens·
1722 2254 1757 2314 et
1782 2265 1828 2312 ex

342 2363 511 2433 erectione
537 2362 570 2431 in
598 2361 904 2452 transmigrationis
932 2361 1024 2432 diem
1053 2361 1205 2452 dirigens
1224 2371 1329 2452 atque
1357 2381 1377 2431 a
1404 2361 1704 2452 transmigratione
1718 2383 1829 2454 usque

342 2484 373 2552 in
402 2483 570 2554 Christum
598 2479 766 2552 definiens
797 2481 981 2552 decursam
1015 2481 1143 2552 domini
1178 2481 1348 2552 adventus
1383 2481 1534 2551 ostendit
1559 2484 1827 2572 generationem,

342 2617 377 2672 ut
396 2608 431 2672 et
448 2623 594 2697 numero
613 2599 825 2673 satisfaciens
844 2613 879 2672 et
894 2601 1042 2694 tempori
1067 2610 1101 2670 et
1122 2621 1161 2671 se
1188 2599 1284 2692 quod
1303 2611 1397 2670 esset
1424 2601 1625 2672 ostenderet
1652 2603 1687 2672 e't
1714 2601 1769 2672 dei
1796 2601 1829 2670 in

342 2745 381 2794 se
408 2745 498 2816 opus
526 2733 717 2791 monstrans
753 2721 853 2790 etiam
887 2721 938 2794 in.
957 2719 1007 2790 his
1034 2741 1181 2812 quorum
1218 2741 1329 2810 genus
1363 2720 1478 2812 posuit
1505 2719 1625 2792 Christi
1654 2721 1829 2815 operantis

342 2861 361 2912 a
397 2840 562 2934 principio
596 2840 1113 2931 testimoniumnonnegaret.
1168 2839 1321 2923 Quarum
1360 2839 1512 2910 omnium
1539 2861 1653 2912 rerum
1682 2851 1827 2934 tempus,

343 2961 448 3044 ordo,
481 2981 663 3044 numerus,
699 2960 879 3053 dispositio
907 2955 1095 3042 vetranio,
1125 2957 1220 3051 quod
1248 2957 1328 3028 fidei
1356 2960 1591 3030 necessarium
1619 2971 1682 3031 est.
1736 2961 1827 3030 Deus

342 3077 493 3148 Christus
521 3089 587 3150 est:
621 3081 677 3171 qui
706 3082 814 3150 tactus
841 3091 895 3150 est
922 3101 967 3148 ex
996 3079 1156 3164 muliere,
1184 3081 1293 3149 sactus
1322 3079 1503 3170 sublege,
1537 3091 1639 3151 natus
1687 3102 1733 3150 ex
1759 3080 1828 3150 vir-

163 3284 166 3292 *
235 3261 239 3266 .
342 3197 430 3287 gine,
459 3219 582 3290 passus
609 3199 642 3268 in
669 3221 783 3282 carne,
813 3199 925 3269 omnia
953 3199 985 3269 in
1013 3222 1117 3270 cruce
1144 3199 1226 3282 fixit,
1262 3210 1298 3267 ut
1326 3198 1539 3292 triumphans
1573 3221 1614 3271 ea
1649 3201 1682 3270 in
1716 3211 1826 3271 semet

341 3317 417 3409 ipso
445 3339 630 3410 resurgens
664 3320 696 3388 in
732 3339 882 3412 corpore
918 3329 962 3388 et·
979 3319 1086 3412 patris
1112 3340 1239 3390 nomen
1275 3319 1307 3388 in
1336 3318 1490 3411 patribus
1524 3317 1590 3388 fitio
1619 3331 1653 3390 et
1680 3319 1735 3390 iiiii
1761 3341 1826 3390 no-

339 3459 421 3507 men
459 3438 545 3529 patri
581 3439 776 3510 restitueret
806 3440 838 3508 in
877 3437 966 3520 fluis,
1002 3431 1074 3508 sine
1100 3425 1268 3532 principio
1302 3437 1376 3508 sino
1404 3437 1479 3521 fine,
1509 3439 1698 3511 ostendens
1723 3461 1827 3510 unum

341 3577 379 3625 se
406 3579 484 3626 cum
514 3567 611 3649 patre
640 3581 737 3642 esse,
774 3558 852 3650 quia
886 3581 974 3628 unns
1007 3569 1069 3630 est.
1122 3560 1158 3626 ln
1185 3580 1256 3650 quo
1284 3557 1465 3648 evangetio
1500 3559 1579 3630 utite
1606 3571 1660 3631 est
1686 3560 1826 3632 deside-

341 3676 495 3752 rantibus
522 3677 626 3747 deum
654 3678 703 3748 sic
729 3679 840 3771 prima
867 3679 921 3746 vet
950 3677 1065 3748 media
1092 3678 1148 3748 vel
1176 3679 1328 3770 perfecta
1356 3679 1574 3768 cognoscere
1602 3689 1638 3748 ut
1665 3665 1700 3749 ei
1717 3701 1825 3750 voca-

341 3795 469 3864 tionem
497 3798 645 3889 apostoli
679 3807 714 3866 et
747 3819 836 3891 opus
864 3797 1036 3888 evangeiii
1073 3805 1107 3866 et
1134 3796 1353 3876 dilectionem
1382 3797 1438 3867 dei
1467 3798 1498 3866 in
1526 3819 1630 3869 earne
1657 3799 1828 3869 nascentis

341 3937 405 4007 per
430 3916 590 3987 universa
617 3919 773 4008 legentes
800 3917 1007 4008 intellegant,
1037 3925 1140 4006 atquc
1169 3914 1203 3984 id
1230 3915 1263 3984 in
1290 3937 1335 3986 eo
1362 3917 1395 3985 in
1422 3939 1492 4008 quo
1521 3917 1729 4011 adprehensi
1753 3927 1829 3987 sunt

341 4044 377 4104 et
403 4036 667 4128 adprehendere
695 4045 863 4129 expetunt
896 4043 1159 4127 recognoscant.
1213 4035 1321 4104 Nobis
1349 4035 1438 4105 enim
1466 4039 1500 4106 in
1536 4037 1603 4109 hoc
1630 4036 1744 4108 studio
1770 4057 1829 4108 ar-

341 4155 492 4244 gumenti
519 4155 592 4240 snit,
621 4167 656 4226 et
688 4155 794 4226 fidem
829 4157 940 4226 tactae
968 4156 1018 4226 rei
1045 4153 1183 4225 tradere
1214 4163 1247 4224 et
1275 4155 1451 4248 operantis
1479 4155 1534 4226 dei
1563 4156 1828 4247 intellegendam

340 4273 520 4365 diligenter
547 4295 626 4346 esse
655 4273 915 4368 dispositionem
944 4297 964 4346 a
992 4273 1238 4367 quaerentibus
1264 4294 1334 4346 non
1362 4285 1489 4346 tacere.

997 4445 1168 4506 EXPLICIT

938 4673 1243 4682 ————---——-———-
