4254 6130
386 411 459 486 224
831 416 938 478 Llllllll
964 415 1115 478 actutu
1140 414 1420 480 apostotouuu

383 615 579 714 ²Princeps
605 629 721 692 autem
749 619 971 692 sacerdotum
997 619 1170 692 Annanias
1196 621 1374 714 praecepit
1399 619 1615 692 adstantibus
1642 620 1707 692 sihi
1734 641 1862 716 percu-

385 753 460 812 tere
486 763 527 813 os
554 741 638 812 eius.
690 733 811 810 ³Tunc
838 741 964 813 Paulus
990 740 1036 812 ad
1062 763 1142 812 eum
1169 740 1256 812 dixit
1281 741 1452 816 Percutiet
1478 753 1513 814 te
1539 742 1637 828 deus,
1663 741 1779 835 paries
1796 741 1863 814 de-

385 864 508 935 albate.
561 863 603 932 llt
637 871 671 932 tu
700 853 849 932 'sedens
882 860 1015 934 iudicas
1049 882 1106 932 me
1141 860 1333 934 secundum
1366 862 1490 954 legem,
1526 872 1561 932 et
1593 869 1714 934 contra
1747 862 1862 954 legem

384 985 484 1055 iubes
519 1003 577 1054 me
613 981 772 1075 percuti?
816 970 888 1052 *Et
919 983 977 1075 qui
1010 981 1194 1054 adstabant
1225 981 1386 1054 dixerunt
1424 984 1603 1054 Summum
1643 982 1863 1056 sacerdotem

384 1104 441 1176 dei
469 1101 669 1174 maledicis?
721 1093 846 1173 5Dixit
876 1110 992 1174 autem
1025 1101 1151 1174 Paulus
1177 1102 1401 1187 Nescieham,
1428 1104 1565 1187 iratres,
1594 1103 1675 1196 quia
1700 1103 1864 1197 princeps

384 1233 439 1296 est
465 1222 706 1295 sacerdotum:
742 1221 907 1317 scriptum
934 1233 990 1293 est
1022 1223 1113 1294 enirn
1140 1221 1332 1316 Principem
1358 1221 1477 1316 populi
1504 1222 1551 1294 tui
1579 1245 1647 1294 non
1675 1222 1863 1294 maledicis.

381 1339 533 1416 lSciens
559 1351 674 1414 autem
701 1342 828 1414 Paulus
855 1343 935 1437 quia
960 1365 1029 1414 una
1054 1365 1137 1437 pars
1163 1351 1258 1414 esset
1282 1341 1567 1416 Sadducaeorum
1585 1356 1621 1416 et
1646 1345 1754 1416 altera
1772 1343 1881 1416 Pha·¹
1916 1375 1921 1388 ¹

384 1465 586 1550 risaeorum,
614 1463 822 1535 exclamavit
848 1463 882 1534 in
909 1463 1055 1536 concilo
1081 1463 1149 1534 Viri
1175 1463 1308 1548 iratres,
1336 1483 1406 1554 ego
1433 1461 1641 1536 Pharisaeus
1659 1487 1747 1549 surn,
1775 1463 1863 1554 filius

383 1585 662 1656 Pharisaeorum:
696 1583 742 1655 de
769 1605 833 1677 spe
861 1593 896 1656 et
922 1583 968 1656 de
994 1583 1247 1654 resurrectione
1273 1592 1488 1654 mortuorum
1515 1605 1584 1677 ego
1610 1585 1753 1656 iudicor.
1796 1577 1864 1656 7Et

384 1729 464 1778 oum
490 1705 578 1776 haec
603 1704 767 1790 dixisset,
799 1704 889 1774 tacta
924 1712 978 1774 est
1011 1702 1182 1776 dissensio
1217 1701 1305 1774 inter
1331 1701 1537 1774 Pharisaeos
1564 1715 1600 1774 et
1625 1703 1862 1790 Sadducaeos,

383 1839 418 1899 et
444 1827 557 1898 solnta
585 1835 638 1896 est
662 1823 853 1896 multitudo.
905 1815 1130 1896 ⁸Sadducaei
1164 1824 1256 1895 enirn
1290 1823 1408 1894 dcent
1433 1845 1503 1896 non
1528 1845 1609 1896 esse
1636 1827 1862 1898 resurrectio-

383 1969 463 2020 nem
489 1967 603 2039 neque
631 1945 792 2038 angelum
818 1963 934 2035 neque
960 1943 1125 2036 spiritum,
1153 1943 1305 2016 Farisaei
1333 1953 1447 2015 autem
1474 1954 1620 2038 utraque
1647 1945 1862 2019 confitentur.

382 2061 538 2139 ⁹Pactus
565 2075 618 2137 est
645 2075 761 2136 autem
788 2064 920 2136 clamor
945 2083 1101 2156 magnus.
1153 2064 1196 2134 Et
1220 2073 1403 2156 surgentes
1430 2063 1570 2157 quidam
1596 2065 1861 2140 Pharisaeorum

382 2188 585 2284 pugnabant
610 2185 766 2258 dicentes
791 2182 880 2254 Nihil
906 2184 985 2254 mali
1010 2183 1204 2256 invenimus
1230 2183 1264 2254 in
1289 2184 1429 2256 homine
1454 2185 1536 2256 isto:
1564 2185 1647 2278 qnid
1674 2187 1704 2258 si
1727 2187 1863 2282 spiritns

382 2312 517 2382 locutus
543 2317 597 2378 est
623 2305 656 2378 ei
683 2317 742 2377 aut
767 2303 934 2397 angelus?
977 2295 1004 2339 ⁴⁰
1020 2304 1062 2376 llt
1088 2327 1167 2376 cum
1193 2325 1320 2397 magua
1352 2303 1523 2376 dissensio
1554 2307 1643 2378 sacta
1674 2319 1786 2394 esset,
1819 2309 1861 2380 ti-

382 2452 481 2502 mens
507 2429 663 2500 tribunus
687 2447 732 2496 ne
759 2425 1013 2518 discerperetur
1039 2423 1166 2496 Paulus
1193 2425 1238 2496 ab
1267 2425 1360 2519 ipsis,
1387 2425 1485 2498 iussit
1504 2425 1627 2499 milites
1644 2427 1861 2502 descendere

382 2561 417 2622 et
442 2569 568 2642 rapere
595 2569 675 2618 eum
702 2547 748 2618 de
775 2543 891 2616 medio
919 2563 1040 2616 eorum
1068 2567 1109 2616 ac
1134 2545 1311 2618 deducere
1335 2568 1416 2618 eum
1442 2546 1476 2617 in
1495 2557 1616 2618 castra.
1663 2539 1683 2582 ¹¹
1699 2550 1862 2642 Sequenti

382 2681 499 2743 autem
525 2677 629 2740 nocte
650 2666 823 2739 adsistens
850 2664 882 2734 ei
909 2663 1069 2736 dominus
1096 2667 1142 2742 ait
1160 2668 1328 2742 Constans
1355 2676 1448 2737 esto:
1475 2666 1679 2738 sicutenim
1697 2669 1861 2742 testifica-

383 2803 437 2862 tus
465 2811 504 2860 es
531 2787 577 2860 de
610 2809 667 2860 me
697 2784 929 2870 hierusalem,
965 2784 1015 2856 sic
1041 2795 1076 2856 tc
1103 2793 1242 2880 oportet
1267 2796 1303 2858 et
1327 2785 1460 2858 llomae
1486 2785 1668 2860 testificari.
1721 2781 1862 2862 '’Facta

382 2919 498 2983 autem
534 2907 591 2980 die
618 2908 831 3000 collegerunt
856 2927 896 2977 sc
928 2905 1067 2998 quidam
1094 2928 1141 2979 ex
1166 2903 1302 2977 ludaeis
1336 2917 1372 2977 et
1397 2905 1615 2980 devoverunt
1640 2931 1680 2980 se
1706 2909 1863 2982 dicentes

382 3052 495 3124 neque
523 3029 790 3101 manducaturos
816 3046 931 3118 neque
956 3025 1127 3098 bibituros
1153 3024 1267 3096 donec
1294 3026 1495 3099 occiderent
1520 3027 1670 3100 Paulum.
1713 3019 1740 3066 ¹³
1757 3031 1863 3103 Erant

382 3161 498 3222 autem
529 3149 605 3244 plus
640 3170 743 3241 quam
777 3145 1005 3240 quadraginta
1037 3146 1094 3240 qui
1129 3147 1217 3218 hanc
1253 3146 1522 3220 coniurationem
1556 3151 1720 3220 fecerant:
1763 3140 1790 3186 ⁴⁸
1804 3150 1863 3242 qui

382 3280 605 3342 accesserunt
629 3267 804 3362 principes
831 3265 1054 3338 sacerdotum
1081 3277 1117 3338 et
1142 3267 1300 3340 seniores
1327 3277 1364 3340 et
1389 3269 1552 3340 dixerunt
1575 3270 1769 3341 Devotione
1795 3269 1862 3342 de-

383 3392 540 3463 vovimus
577 3411 642 3462 nos
674 3388 755 3458 nihil
788 3396 984 3480 gustaturos
1020 3385 1135 3490 donec
1169 3387 1369 3461 occidamus
1401 3388 1553 3462 Paulum.
1609 3381 1635 3426 ¹⁵
1652 3389 1748 3460 Nunc
1775 3411 1861 3482 ergo

381 3534 447 3584 vos
479 3520 598 3582 notum
632 3509 733 3581 tacite
766 3509 901 3581 tribuno
936 3529 1014 3580 curn
1049 3507 1194 3580 concilio
1220 3521 1258 3580 ut
1282 3509 1455 3603 producat
1478 3511 1571 3582 illum
1598 3510 1645 3582 ad
1669 3530 1744 3596 vos,
1771 3520 1862 3580 tarn·

382 3653 485 3725 pram
521 3629 647 3724 aliquid
680 3629 807 3702 certius
839 3629 1006 3722 cognituri
1041 3627 1086 3700 de
1121 3649 1183 3699 eo:
1215 3649 1281 3700 nos
1307 3651 1393 3702 vero
1428 3631 1522 3725 prius
1548 3653 1652 3724 quam
1680 3631 1863 3725 adpropiet

382 3752 491 3847 parati
518 3773 637 3822 sumus
663 3749 856 3822 interficere
881 3750 984 3820 illum.
1036 3741 1063 3785 ⁴⁶
1081 3748 1184 3834 Quod
1210 3771 1288 3822 cum
1316 3750 1471 3822 audisset
1495 3749 1583 3824 filius
1610 3751 1740 3824 sororis
1765 3751 1860 3824 Pauli
1905 3777 1907 3784 ’

382 3873 537 3958 insidias,
569 3872 662 3944 venit
692 3882 728 3943 et
753 3871 888 3942 intravit
914 3870 948 3940 in
981 3878 1095 3941 castra
1129 3870 1348 3965 narravitque
1375 3871 1491 3944 Paulo.
1545 3863 1718 3944 wVocans
1745 3883 1861 3944 autem

381 3993 507 4066 Paulus
533 3991 579 4064 ad
606 4013 645 4063 se
672 4015 774 4064 unum
810 4013 857 4062 ex
884 3989 1140 4062 centurionibus
1175 3990 1222 4062 ait
1246 3991 1513 4064 Adulescentem
1540 3992 1630 4064 huno
1655 3992 1789 4086 perduc
1816 3991 1861 4064 ad

380 4113 569 4186 tribunum:
602 4113 710 4184 hahet
743 4111 833 4184 eninr
864 4109 991 4204 aliquid
1022 4110 1175 4183 indicare
1209 4111 1264 4182 illi.
1315 4103 1342 4148 ⁴⁸
1354 4111 1396 4182 Et
1427 4111 1482 4182 ille
1515 4113 1655 4205 quidem
1681 4133 1861 4186 assumens

381 4255 460 4306 eum
494 4232 592 4305 duxit
625 4233 671 4305 ad
697 4231 868 4305 tribunrnn
902 4241 938 4306 et
964 4231 1011 4302 ait
1043 4232 1182 4304 Vinctus
1215 4232 1342 4304 Paulus
1376 4233 1512 4326 rogavit
1537 4253 1594 4305 me
1620 4233 1711 4304 hunc
1737 4231 1860 4305 adule-

381 4363 536 4426 scentem
562 4351 755 4446 perducere
782 4353 828 4425 ad
855 4363 899 4438 te,
926 4352 1113 4424 habentem
1140 4352 1268 4445 aliquid
1293 4353 1387 4446 loqui
1420 4353 1490 4424 tihi.
1541 4345 1568 4390 ¹⁰
1584 4353 1861 4448 Adprehendens

381 4485 496 4547 autem
529 4471 684 4544 tribunus
719 4493 855 4544 manum
891 4471 977 4544 illius
1010 4473 1156 4544 secessit
1192 4494 1269 4544 cum
1303 4493 1348 4544 eo
1381 4493 1540 4546 seorsum
1572 4485 1608 4545 et
1639 4474 1862 4569 interrogavit

381 4596 472 4667 illum
501 4591 592 4679 Quid
624 4602 679 4663 est
711 4593 807 4686 quod
841 4593 953 4666 hahes
987 4593 1141 4666 indicare
1172 4593 1278 4664 mihi‘l
1330 4585 1425 4666 ”Ille
1459 4603 1574 4667 autem
1607 4593 1693 4666 dixit
1725 4592 1861 4665 ludaeis
1990 4656 1994 4669 .

381 4715 541 4788 convenit
567 4733 692 4808 rogare
727 4723 761 4784 te
789 4723 824 4786 ut
850 4713 1000 4786 crastina
1034 4713 1090 4786 die
1116 4713 1259 4786 Paulum
1284 4713 1460 4808 producas
1486 4715 1521 4785 in
1546 4714 1735 4800 concilium,
1763 4713 1859 4806 quasi

381 4835 511 4932 aliquid
536 4829 590 4906 ‘et
616 4835 742 4906 certius
768 4833 955 4929 inquisituri
981 4833 1048 4905 sint
1074 4833 1120 4906 de
1145 4835 1211 4907 illo.
1256 4827 1279 4873 ²⁴
1300 4835 1349 4904 Tu
1380 4857 1465 4908 vero
1492 4855 1536 4906 ne
1564 4833 1753 4908 credideris
1779 4835 1859 4904 illis:

380 4955 579 5028 insidiantur
605 4954 695 5026 enim
722 4977 769 5026 ex
795 4955 847 5028 eis
875 4954 939 5026 viri
967 4955 1113 5048 amplius
1139 4953 1373 5048 quadraginta,
1402 4957 1459 5050 qui
1487 4978 1525 5028 se
1553 4955 1770 5028 devoverunt
1791 4976 1860 5026 non

380 5074 592 5147 manducare
618 5097 732 5168 neque
758 5075 879 5148 hibere
908 5076 1021 5147 donec
1047 5074 1250 5148 interficiant
1276 5099 1365 5162 eum,
1394 5087 1429 5148 et
1454 5099 1544 5149 nunc
1562 5077 1672 5170 parati
1690 5087 1768 5146 sunt
1794 5097 1859 5146 ex-

381 5197 561 5290 pectantes
600 5195 807 5289 promissum
847 5207 949 5266 tuum.
1016 5187 1223 5268 22Tribunus
1271 5197 1373 5288 igitur
1421 5197 1547 5269 dimisit
1590 5197 1857 5278 adulescentem,

957 5317 1066 5400 xxm,
1095 5319 1117 5391 2
1148 5357 1193 5368 -·
1223 5321 1281 5392 22.
