4102 6128
336 1003 548 1074 lNClPlUNT
576 1001 792 1073 CAPITULA
820 1005 1068 1076 LECTIONUM
1096 1004 1330 1074 SECUNDUM
1357 1003 1611 1083 hainnoum.
1656 1103 1661 1115 .
1712 1069 1717 1076 .

325 1210 349 1276 l.
380 1208 645 1278 Generationum
676 1208 905 1300 quadraginta
933 1209 1079 1280 duarum
1110 1210 1154 1279 ab
1183 1208 1297 1278 Adam
1335 1229 1445 1300 usque
1475 1213 1520 1282 ad
1552 1216 1722 1291 Christum

378 1328 469 1398 ordo
494 1337 658 1399 narratur.

310 1449 347 1516 ll.
377 1447 545 1518 Nativitas
571 1448 648 1517 lesu
668 1447 789 1518 Christi
809 1448 854 1519 de
873 1450 980 1520 Maria
1000 1471 1131 1542 sponso
1151 1448 1227 1518 eius
1247 1447 1372 1538 loseph
1389 1451 1514 1539 angelo
1543 1459 1720 1528 revelante

377 1565 597 1660 praedicitur.

297 1687 347 1756 lll.
377 1687 504 1757 Natum
524 1684 692 1756 Christum
722 1675 821 1775 magi
842 1689 937 1757 stella
958 1687 1021 1757 sibi
1051 1686 1141 1756 duce
1160 1684 1336 1754 nuntiante
1365 1686 1489 1757 oblatis
1517 1695 1717 1767 muneribus

375 1805 619 1876 adoraverunt.

282 1923 348 1994 llll.
377 1925 514 2016 Angelo
548 1933 798 2016 praemonente
832 1923 956 2017 loseph
990 1947 1067 1993 cum
1101 1923 1237 1994 Christo
1273 1923 1354 2014 sugit
1390 1924 1421 1992 in
1441 1925 1651 2022 Aegyptum
1681 1945 1713 2002 et

374 2043 535 2113 Herodes
567 2041 693 2114 occidit
718 2043 873 2113 infantes.
1674 2022 1678 2030 ¹

310 2166 343 2231 V.
373 2164 427 2232 De
455 2162 712 2255 praedicatione
739 2163 898 2231 lobannis
925 2162 1106 2253 baptistae,
1135 2164 1231 2254 quod
1257 2185 1328 2233 vox
1356 2163 1534 2236 clamantis
1562 2168 1604 2238 sit
1623 2171 1712 2240 Pae-
1746 2193 1750 2200 ·

374 2281 551 2351 nitentium
580 2283 681 2373 agite.
1449 2296 1452 2302 '

296 2402 347 2470 Vl.
376 2401 430 2470 De
457 2401 630 2494 baptismo
660 2401 780 2470 Christi
808 2401 840 2469 in
862 2401 1009 2470 Iordane
1037 2423 1056 2470 a
1085 2401 1243 2474 iohanne,
1264 2411 1299 2472 at
1326 2402 1425 2491 signo
1451 2402 1616 2487 trinitatis
1646 2429 1711 2498 pa-

374 2520 436 2589 tris
464 2519 593 2590 scilicet
620 2520 693 2590 eius
719 2519 753 2589 in
780 2541 869 2590 voce
896 2530 931 2589 et
956 2519 1131 2610 utriusque
1160 2520 1297 2613 spiritus
1324 2521 1357 2589 in
1385 2521 1555 2609 columba.
1610 2555 1618 2564 ·

284 2641 347 2710 Vll.
377 2641 431 2710 De
450 2637 677 2730 quadraginta
697 2639 831 2709 dierum
850 2639 976 2709 ieiunio
1003 2649 1038 2708 et
1059 2639 1199 2710 diabolo
1225 2640 1310 2711 trina
1336 2641 1536 2711 temtatione
1562 2639 1709 2711 devicto.

269 2761 349 2830 Vlll.
378 2757 508 2828 Relicta
534 2758 705 2828 Nazareth
734 2759 912 2852 praedicat
938 2768 1052 2830 terrae
1078 2761 1231 2830 Zabulon
1259 2769 1292 2829 et
1318 2759 1489 2851 Neptalim
1524 2759 1618 2830 iuxta
1647 2783 1709 2858 vas

376 2877 525 2948 ticinium
553 2878 676 2950 Esaiae
704 2867 947 2972 paenitentiam
976 2901 1083 2970 agere
1111 2878 1241 2948 iubens.

254 3001 345 3070 Vllll.
375 2999 485 3068 Vocat
503 2997 638 3068 Petrum
659 2999 835 3070 Andream
854 2999 1017 3069 lacobum
1046 3008 1080 3068 et
1099 2999 1282 3068 iohannem
1313 2999 1519 3090 piscatores
1548 2999 1604 3089 qui
1625 3021 1709 3068 nrox

377 3115 484 3187 secuti
513 3125 589 3186 sunt
617 3139 704 3188 eum.

307 3242 347 3309 X.
376 3239 444 3307 Per
470 3245 577 3305 totam
605 3237 789 3308 Galilaeam
820 3237 997 3330 praedicat
1023 3259 1145 3307 omnes
1172 3237 1328 3307 sanando
1356 3239 1550 3329 languores.

290 3361 343 3430 lll.
371 3357 407 3425 ln
434 3351 552 3425 monte
578 3355 765 3450 discipulos
792 3355 924 3427 docens
951 3366 1085 3449 septem
1112 3355 1342 3426 beatitudines
1373 3365 1408 3425 et
1435 3365 1595 3427 octavam
1626 3378 1706 3448 per-

375 3475 561 3545 secutionis
589 3476 742 3568 exponit.

284 3595 349 3664 llll.
378 3594 572 3687 Discipulos
599 3595 648 3666 sal
675 3605 789 3666 terrae
816 3607 851 3666 ct
870 3596 985 3667 mundi
1012 3575 1135 3666 lumen⁴
1146 3595 1324 3688 appellans
1344 3595 1511 3688 praecipit
1537 3595 1570 3664 iu
1589 3595 1707 3688 splen-

375 3714 463 3784 dore
489 3735 633 3806 operum
662 3726 794 3808 patrem
823 3713 1094 3808 glorificandum.

264 3835 344 3904 lllll.
373 3833 427 3902 Ob
455 3831 664 3925 implendam
692 3835 806 3926 legem
833 3837 971 3906 venisse
999 3857 1037 3905 se
1070 3835 1190 3905 diceus
1223 3833 1486 3905 Pharisaeorum
1521 3833 1626 3904 docet
1654 3833 1706 3902 iua

374 3951 498 4022 stitiam
527 3955 775 4046 superandam,
803 3965 837 4026 et
865 3954 1084 4026 homicidium
1111 3956 1190 4046 lege
1217 3964 1340 4024 vetans
1366 3957 1469 4026 etiam
1499 3975 1621 4024 munus
1654 3957 1706 4022 ol—

374 4071 552 4142 lerendum
581 4074 692 4144 fratris
718 4075 812 4146 iubet
838 4075 1115 4146 reconciliatione
1142 4075 1278 4144 differri.

253 4193 346 4262 Xllll.
376 4191 666 4263 Consentiendum
700 4195 732 4262 in
766 4195 821 4266 ria
849 4195 1065 4278 adversario
1094 4217 1162 4265 non
1191 4193 1444 4264 moechandum
1477 4193 1624 4273 docens,
1653 4193 1705 4261 iu-

374 4310 435 4380 bet
461 4311 540 4381 vitia
569 4313 622 4383 vel
651 4335 752 4384 caros
780 4315 1052 4384 inemendabiles
1086 4316 1149 4384 sub
1184 4314 1322 4383 nomine
1359 4313 1447 4382 oculi
1475 4313 1529 4382 rel
1557 4311 1705 4388 sleutrao

339 4470 342 4476 ·
375 4431 636 4501 scandalizantis
664 4433 805 4503 abscidi.
1542 4427 1548 4442 ‘

280 4549 346 4617 XV.
377 4549 479 4632 Quod
507 4550 639 4620 adulter
666 4553 708 4621 sit
736 4553 792 4644 qui
826 4573 972 4623 uxorem
1005 4563 1155 4646 excepta
1188 4551 1419 4622 fornicationis
1452 4573 1556 4620 causa
1592 4550 1704 4619 demi-

374 4670 473 4738 serit:
502 4669 690 4762 prohibens
717 4671 818 4741 etiam
854 4671 993 4742 omnino
1026 4673 1153 4755 iurare,
1187 4673 1293 4742 docet
1320 4691 1384 4740 nec
1411 4669 1611 4761 percutienti
1640 4691 1705 4740 nec

375 4789 562 4880 expolianti
589 4811 654 4860 nec
681 4791 871 4881 angarianti
897 4813 960 4861 neo
979 4793 1106 4884 petenti
1133 4792 1187 4860 vel
1209 4799 1364 4860 nurtuare
1384 4789 1510 4858 volenti
1529 4789 1703 4860 resistere.

265 4909 344 4976 XVl.
374 4907 567 4978 Amandum
598 4909 793 5001 proximum
824 4911 901 5002 lege
932 4911 1207 4981 tumens-etiam
1239 4909 1395 4977 inimicos
1429 4909 1594 5001 praecipit
1627 4905 1703 4978 dili-

374 5027 519 5117 gendos.
1447 5111 1452 5129 Ι

251 5145 345 5215 XVll.
374 5147 615 5238 Elemosynam
653 5145 757 5216 docet
790 5148 822 5216 in
856 5148 1060 5220 abscondito
1094 5147 1303 5229 faciendam,
1334 5172 1436 5240 quam
1471 5149 1606 5220 sinistra
1641 5173 1703 5219 ne-

373 5265 475 5346 sciat,
504 5265 537 5334 id
567 5275 617 5336 ost
646 5266 821 5358 appetitio·
838 5269 948 5338 laudis
977 5269 1154 5338 humanae.

886 4497 923 4518 Ἥ

1348 5391 1389 5458 214
