4242 6118
364 384 436 453 tao
796 344 1038 441 autumamus
1065 377 1266 442 sucurrnuu
1293 377 1419 443 numu

361 591 395 660 in
423 607 564 662 munera
593 583 664 654 dei:
694 583 780 654 haec
808 592 923 652 autem
951 601 998 650 ex
1025 601 1069 652 eo
1097 580 1193 672 qnod
1220 580 1320 652 deest
1346 580 1408 663 illi,
1435 599 1573 653 omnem
1601 579 1727 652 victum
1755 603 1853 652 suum

362 730 467 802 quem
493 703 612 778 babuit
638 702 736 772 misit.
786 691 904 748 “wi
923 699 963 768 Et
989 699 1197 790 quibusdam
1225 699 1418 776 dicentibus
1445 697 1492 770 de
1511 698 1651 790 templo,
1680 699 1775 790 quod
1801 701 1853 772 la-

362 829 501 923 pidibus
526 821 627 896 bonis
654 832 689 892 et
716 809 816 892 donis
843 827 1003 890 ornatum
1031 828 1134 902 esset,
1162 819 1248 892 dixit
1290 810 1412 890 ⁶Haec
1439 837 1530 910 quae
1556 817 1692 901 videtis,
1716 819 1861 897 venientx

363 950 438 1020 dies
465 948 499 1016 in
526 941 649 1036 quibus
676 961 745 1010 non
779 937 988 1030 relinquetur
1020 937 1108 1030 lapis
1143 959 1248 1031 super
1281 936 1432 1030 lapidem
1468 937 1525 1028 qui
1552 959 1621 1008 non
1647 937 1853 1010 destruatur.

361 1058 476 1114 lim)
490 1066 792 1152 interrogaverunt
831 1068 947 1128 autem
985 1057 1077 1130 illum
1118 1057 1274 1128 dicentes
1314 1055 1541 1148 Praeceptor,
1581 1057 1722 1150 quando
1767 1057 1854 1128 haec

363 1195 471 1270 eruut,
499 1193 535 1252 et
561 1179 656 1273 quod
684 1179 818 1270 signum
846 1199 925 1248 oum
952 1175 1026 1248 fieri
1052 1177 1239 1270 incipient?
1292 1166 1385 1259 ⁸Qui
1411 1175 1499 1248 dixit
1525 1175 1646 1248 Videte
1673 1199 1717 1248 ne
1745 1177 1846 1248 sedu-

363 1304 503 1376 camini:
538 1299 632 1372 multi
664 1298 754 1369 enim
791 1296 928 1368 venient
960 1296 993 1366 in
1025 1295 1164 1367 nomine
1198 1315 1294 1379 meo,
1329 1294 1485 1366 dicentes
1511 1296 1590 1388 quia
1617 1317 1687 1389 ego
1714 1319 1791 1368 sum
1818 1307 1852 1367 et

363 1433 499 1515 tompus
526 1416 833 1513 appropinquavit:
860 1416 966 1488 nolite
992 1435 1078 1506 ergo
1105 1415 1156 1487 ire
1182 1425 1263 1508 post
1289 1414 1374 1484 illos.
1426 1407 1541 1486 ⁹Cum
1575 1426 1690 1488 autem
1726 1416 1851 1488 andie-

362 1542 435 1612 ritis
461 1538 593 1632 proelia
619 1547 654 1607 ct
680 1535 879 1620 seditiones,
906 1536 1010 1606 nolite
1037 1534 1176 1606 terreri:
1210 1543 1348 1627 oportet
1379 1533 1526 1626 primum
1555 1535 1644 1608 haec
1675 1535 1758 1621 lieri,
1786 1537 1851 1608 sed

363 1683 432 1732 non
458 1659 572 1732 statim
600 1655 685 1727 linis
738 1647 763 1692 ¹⁰
781 1655 876 1726 Tunc
903 1655 1043 1727 dicebat
1069 1643 1133 1724 illis
1159 1654 1285 1746 Surget
1311 1674 1399 1745 gens
1426 1663 1545 1726 contra
1571 1665 1711 1746 gentem
1731 1666 1767 1726 et
1792 1677 1850 1726 re·
1912 1715 1916 1720 .

362 1801 467 1872 gnum
495 1777 667 1850 adversus
691 1795 852 1867 regnum,
896 1767 919 1810 ⁴¹
940 1783 1053 1845 terrae
1080 1783 1194 1845 motus
1220 1773 1336 1866 magni
1364 1783 1464 1844 erunt
1490 1795 1553 1866 per
1579 1775 1655 1846 loca
1682 1785 1717 1845 et
1744 1775 1850 1867 pesti-

362 1899 486 1970 lentiae
513 1907 549 1968 et
574 1897 694 1979 sames,
722 1903 944 1986 terroresque
971 1894 1016 1965 de
1044 1893 1140 1964 caelo
1167 1903 1202 1964 et
1219 1893 1317 1985 signa
1336 1914 1462 1984 magna
1481 1903 1589 1964 erunt.
1641 1885 1767 1940 stiffi)
1783 1894 1853 1966 Sed

362 2029 442 2090 ante
469 2019 557 2088 haec
585 2014 699 2086 omnia
731 2013 867 2086 inicient
899 2013 1001 2086 vobis
1034 2033 1157 2085 manus
1189 2033 1271 2084 suas
1305 2024 1342 2082 et
1373 2023 1641 2106 persequentur,
1677 2012 1852 2084 tradentes

363 2141 397 2208 in
425 2155 627 2230 synagogas
654 2144 689 2204 et
715 2133 901 2218 custodias,
929 2133 1107 2205 tradentes
1134 2133 1179 2205 ad
1206 2153 1310 2224 reges
1337 2141 1373 2202 et
1405 2133 1452 2204 ad
1478 2133 1678 2227 praesides,
1712 2141 1853 2226 propter

363 2277 490 2328 nomen
519 2275 643 2324 meum.
697 2243 723 2288 ¹³
740 2251 921 2344 Continget
947 2262 1062 2326 autem
1096 2252 1197 2324 vobis
1230 2252 1265 2322 in
1292 2252 1533 2324 testimonium.
1586 2242 1612 2288 ¹⁴
1626 2244 1715 2297 (Μ)
1734 2251 1853 2324 Ponite

363 2397 450 2468 ergo
485 2375 519 2444 in
551 2371 715 2444 cordibus
750 2371 875 2444 vestris
908 2393 979 2444 non
1019 2372 1265 2466 praemeditari
1304 2370 1602 2464 quemadmodum
1633 2371 1852 2466 respondea-

364 2495 422 2566 tis:
462 2488 489 2531 ⁴⁵
506 2513 575 2584 ego
613 2491 705 2562 enirn
744 2491 838 2563 dabo
878 2490 979 2562 vobis
1014 2513 1056 2562 os
1090 2501 1126 2563 et
1166 2491 1387 2585 sapientiam,
1426 2491 1480 2562 cui
1510 2512 1581 2562 non
1613 2492 1762 2584 poterint
1793 2513 1851 2563 re-

254 2702 260 2712 ,
365 2614 488 2684 sistere
524 2621 560 2682 et
594 2610 834 2682 contradicere
869 2631 991 2682 omnes
1018 2610 1208 2684 adversarii
1239 2611 1355 2682 vestri.
1409 2601 1435 2646 ’ὅ
1452 2610 1650 2683 Trademini
1682 2621 1853 2683 autema

363 2731 564 2826 parentibus
600 2739 636 2801 et
677 2730 838 2802 iratribus
878 2740 913 2801 et
952 2731 1109 2822 cognatis
1141 2741 1177 2802 et
1211 2730 1344 2816 amicis,
1390 2741 1426 2802 et
1465 2741 1577 2802 morte
1618 2730 1766 2804 afficient
1806 2751 1852 2802 ex

363 2852 482 2936 vobis,
535 2843 560 2885 ¹⁷
575 2860 610 2921 et
650 2849 743 2920 erilis
777 2849 859 2922 odio
901 2849 1061 2922 omnibus
1100 2860 1243 2944 propter
1280 2872 1409 2922 nomen
1446 2872 1579 2922 meum:
1634 2844 1661 2889 ⁴⁸
1678 2861 1714 2922 et
1744 2849 1852 2944 capil-

363 2975 416 3046 lus
443 2972 489 3044 de
516 2969 628 3072 capite
663 2977 778 3040 vestro
812 2991 883 3042 non
915 2969 1056 3062 peribit:
1110 2962 1136 3006 ⁴⁹
1153 2980 1188 3041 et
1217 2970 1252 3042 in
1282 2971 1447 3065 patientia
1480 2979 1597 3042 vestra
1631 2969 1852 3064 possidebitis

364 3092 497 3164 animas
539 3097 684 3158 vestras.
742 3079 883 3132 ”immi
902 3087 992 3160 Cum'
1021 3100 1137 3161 autem
1174 3087 1328 3162 videritis
1368 3089 1574 3161 circumdari
1614 3090 1658 3160 ab
1695 3089 1853 3161 exercitu

363 3209 587 3293 Hierusalem,
615 3218 695 3278 tunc
721 3205 845 3278 scitote
872 3207 952 3300 quia
974 3209 1268 3303 appropinquavit
1293 3208 1463 3281 desolatio
1491 3210 1574 3280 cius.
1612 3200 1635 3246 ²¹
1652 3199 1741 3256 (Μ)
1758 3209 1853 3279 Tunc

363 3329 479 3422 quiin
506 3327 635 3404 ludaea
663 3335 740 3398 sunt
766 3325 896 3417 fugiant
921 3327 956 3398 in
981 3339 1133 3414 montes,
1168 3339 1203 3400 et
1236 3330 1295 3422 qui
1328 3329 1362 3398 in
1396 3327 1514 3401 medio
1549 3328 1624 3399 eius
1650 3327 1851 3412 descedent,

363 3458 398 3523 et
424 3447 541 3540 quiin
567 3445 767 3538 regionibus
800 3467 869 3518 non
902 3447 1026 3518 intrent
1059 3449 1094 3518 in
1125 3469 1222 3534 eam,
1266 3441 1292 3486 ²²
1313 3448 1393 3540 quia
1426 3447 1503 3519 dies
1535 3447 1671 3520 ultionis
1704 3447 1851 3536 bisunt,

361 3577 399 3641 ut
424 3567 630 3660 impleantur
656 3564 772 3638 omnia
797 3585 888 3657 quae
915 3566 1043 3660 scripta
1072 3577 1161 3640 sunt.
1213 3559 1241 3604 ²³
1255 3559 1338 3614 Μ)
1371 3568 1443 3638 Vae
1463 3577 1579 3638 autem
1605 3566 1852 3660 praegnatibus

268 3677 270 3688 ’
362 3694 398 3756 et
430 3684 656 3756 nutrientibus
684 3684 718 3754 in
750 3684 815 3754 illis
855 3684 992 3756 diebus:
1046 3679 1139 3734 (ω)
1157 3687 1221 3758 erit
1259 3685 1348 3756 euim
1381 3707 1547 3780 pressura
1582 3707 1709 3778 magna
1748 3707 1853 3780 supra

363 3816 491 3880 terram
522 3814 557 3874 et
590 3804 640 3874 ira
672 3803 803 3895 populo
838 3803 932 3888 huic,
975 3794 1002 3840 ’⁸
1015 3795 1117 3848 ‘m‘
1136 3815 1171 3876 et
1204 3803 1330 3876 cadent
1362 3808 1397 3878 in
1430 3827 1493 3878 ore
1525 3805 1630 3896 gladii
1665 3815 1701 3877 et
1727 3806 1852 3899 captivi

363 3924 532 4000 ducentur
557 3923 591 3994 in
618 3917 740 3994 omnes
767 3933 908 4015 gentes,
935 3932 971 3992 et
1007 3921 1220 3996 Hierusalem
1253 3925 1441 3996 calcabitur
1473 3948 1495 3996 a
1526 3925 1705 4016 gentibus,
1739 3925 1852 3998 donec

362 4044 568 4136 impleantur
595 4053 753 4136 tempora
778 4042 966 4146 nationum:
1015 4033 1138 4089 ΜΨ
1160 4045 1204 4116 Et
1230 4053 1329 4116 erunt
1354 4045 1454 4138 signa
1479 4044 1513 4114 in
1541 4045 1616 4117 sole
1643 4055 1679 4116 ct
1710 4047 1790 4118 luna
1816 4055 1850 4116 et

361 4166 396 4234 in
422 4163 537 4247 stellis,
565 4173 600 4233 et
626 4164 661 4234 iu
686 4161 786 4233 terris
812 4183 978 4256 pressura
1005 4164 1158 4254 gentium
1184 4185 1271 4257 prae
1298 4165 1507 4238 confusione.
1526 4165 1657 4236 sonitus
1684 4166 1802 4248 maris,
1816 4175 1860 4236 et

362 4283 539 4366 lluctuum,
596 4274 878 4354 ”arescentibus
911 4279 1106 4354 hominibus
1141 4304 1228 4376 prae
1261 4283 1385 4356 timore
1418 4293 1454 4355 et
1487 4285 1732 4377 expectatione
1759 4305 1850 4378 quae

362 4402 607 4496 supervenient
632 4401 794 4473 universo
822 4401 912 4472 orbi:
941 4415 1021 4472 nam
1039 4401 1182 4474 virtutes
1201 4405 1377 4476 caelorum
1394 4404 1633 4476 movebuntur.
1667 4394 1796 4452 ”imi
1809 4403 1850 4474 Et

362 4532 441 4592 tunc
466 4521 634 4592 videbunt
659 4519 763 4592 lilium
790 4519 937 4590 hominis
965 4519 1158 4592 venientem
1184 4521 1218 4592 in
1244 4523 1337 4594 nube
1364 4545 1442 4594 cum
1468 4532 1642 4616 potestate
1669 4544 1797 4614 magna
1815 4533 1850 4592 et

361 4635 551 4714 maiestate.
604 4631 702 4710 ”llis
729 4647 844 4710 autem
870 4639 945 4710 lieri
970 4639 1207 4733 incipientibus
1244 4643 1404 4736 respicite
1438 4653 1473 4714 et
1506 4643 1620 4714 levate
1645 4641 1758 4734 capita
1784 4662 1849 4712 vc-

362 4771 441 4844 stra‚
470 4759 633 4854 quoniam
661 4759 915 4854 appropinquat
941 4758 1110 4831 redemtio
1144 4771 1269 4833 vestra.
1322 4753 1349 4798 ²⁹
1364 4762 1407 4834 Et
1443 4761 1529 4834 dixit
1560 4761 1623 4832 illis
1657 4761 1848 4833 similitudi-

360 4901 450 4951 nem.
495 4878 617 4950 Vidcte
643 4878 824 4952 ficulneam
852 4889 886 4950 et
913 4899 1035 4951 omues
1062 4879 1225 4950 arbores:
1270 4872 1296 4918 ³⁰
1313 4902 1392 4954 cum
1418 4881 1614 4974 producunt
1639 4881 1709 4952 iam
1736 4901 1783 4951 ex
1810 4899 1861 4956 se,

361 5000 525 5082 fructum,
561 4999 655 5070 scitis
688 5000 850 5092 quoniam
882 5019 993 5092 prope
1025 5007 1079 5068 est
1113 5008 1246 5072 aestas:
1290 4990 1313 5036 ³⁴
1333 5001 1379 5072 ita
1413 5012 1448 5072 et
1482 5021 1548 5072 vos
1583 5023 1661 5072 oum
1694 4999 1849 5072 videritis

362 5118 449 5188 baec
476 5116 560 5201 lieri,
588 5119 710 5190 scitote
738 5117 901 5212 quoniam
927 5138 1040 5212 prope
1066 5127 1121 5188 est
1146 5141 1291 5212 regnum
1326 5121 1391 5192 dei.
1443 5113 1470 5158 ³²
1486 5121 1598 5190 Amen
1633 5118 1712 5190 dico
1747 5117 1848 5188 vobis

953 5237 1037 5320 XXl,
1067 5241 1088 5306 5
1120 5276 1164 5290 -
1196 5241 1254 5313 32.
