4254 6130
693 343 936 411 evnueatluu
964 345 1168 410 SECUNDUM
1195 347 1322 412 Lucan
1679 341 1744 414 tlt

691 451 911 462 ...—-·-·-····—
939 451 1281 466 ———-·-·—-v·-»--—-————·

264 573 411 646 nequam
439 575 516 624 cnm
546 573 590 624 eo
618 563 654 624 ut
679 543 977 624 'interficerentun
1026 541 1053 587 55
1066 542 1155 598 ‘W'
1169 551 1212 622 Et
1237 563 1421 646 postquam
1448 565 1614 627 venerunt
1639 554 1671 624 in
1697 551 1751 620 lo·

265 695 342 744 cunr
360 673 417 766 qui
439 683 582 744 vocabar
600 671 782 753 calvariae,
810 667 856 738 ibi
880 667 1131 742 erucifixerunt
1155 693 1235 742 cum
1295 665 1386 745 ‘³¹⁹·¹.·'
1405 684 1441 745 et
1457 676 1618 774 latrones,
1647 687 1752 743 unum

266 817 285 865 a
313 793 445 866 dextris
471 803 508 864 ct
532 794 680 865 altemm
707 813 727 862 a
754 787 910 860 sinistris.
964 776 995 824 55
1008 781 1112 840 55555)
1126 791 1224 862 lesus
1251 801 1366 864 autem
1393 795 1532 868 dicebat
1558 795 1667 875 Pater,
1695 786 1752 860 di·

266 914 360 986 mitte
387 913 466 984 illis:
495 935 566 984 non
601 914 696 984 enim
729 909 840 982 sciunt
872 903 959 1000 quid
993 909 1128 980 faciunt
1179 902 1268 958 (555)
1285 912 1487 986 Dividentas
1520 935 1606 986 vero
1640 906 1753 982 vesti·-

266 1043 382 1106 mcnta
408 1033 483 1104 eius
510 1033 681 1104 miserunt
706 1039 831 1103 sortes.
874 1019 903 1064 55
920 1025 963 1096 Et
982 1030 1097 1102 stabat
1121 1031 1270 1124 populus
1298 1044 1469 1126 spectans,
1516 1027 1604 1082 ‘³²²’
1622 1043 1658 1102 ct
1684 1025 1753 1100 de·
1822 1021 1826 1030 ’

266 1153 426 1224 ridebant
450 1153 542 1226 illurn
569 1153 746 1247 principes
773 1173 851 1222 oum
878 1148 932 1220 eis
960 1148 1120 1224 dicentes
1153 1149 1249 1222 Alios
1277 1155 1392 1226 salvos
1418 1156 1513 1239 tecit,
1549 1176 1590 1224 se
1618 1147 1753 1222 salvum

266 1273 383 1357 saciat,
410 1274 441 1344 si
473 1273 529 1344 hic
561 1283 618 1345 est
650 1272 802 1344 Christus
838 1270 896 1344 dei
931 1269 1072 1343 electus.
1127 1263 1474 1352 ³⁶<³²²²t1nludchant
1507 1284 1625 1345 autern
1658 1266 1692 1340 ei
1719 1272 1756 1334 et

267 1393 390 1464 milites
424 1391 638 1464 accedentes
671 1401 708 1463 et
740 1401 876 1462 acetum
913 1391 1101 1464 offerentes
1135 1391 1198 1474 illi,
1249 1385 1275 1430 ³⁷
1292 1393 1450 1465 dicentes
1486 1393 1520 1465 Si
1555 1402 1593 1462 ιιι
1620 1409 1661 1460 es
1689 1403 1755 1456 rex

264 1514 480 1612 lpdaeorum‚
509 1515 645 1585 salvum
671 1521 706 1583 te
733 1513 795 1582 tao.
847 1499 976 1558 55555)
993 1513 1075 1584 Erat
1101 1521 1215 1583 autem
1251 1521 1286 1584 et
1313 1513 1561 1608 superscriptio
1589 1505 1756 1601 inscripta

264 1655 371 1728 super
396 1634 491 1706 illum
518 1633 641 1706 litteris
676 1632 814 1724 graecis
841 1640 876 1702 et
908 1633 1020 1703 latinis
1059 1642 1095 1704 et
1120 1631 1294 1704 hebreicis
1328 1633 1389 1704 llic
1421 1643 1476 1706 cst
1508 1627 1575 1704 rex
1603 1628 1755 1700 ludaeo-

262 1777 344 1826 rum.
390 1747 420 1792 ³³
434 1745 521 1800 (55555
541 1753 637 1824 Unus
664 1763 779 1824 autem
806 1753 851 1824 dc
879 1753 932 1823 bis
958 1753 1016 1846 qui
1042 1752 1244 1846 pendebant
1269 1753 1459 1826 latronibus
1484 1745 1758 1845 blasphemabat

262 1898 339 1948 eum
367 1873 496 1946 dicens
523 1873 558 1944 Si
577 1882 614 1944 ιιι
641 1895 682 1944 es
700 1873 862 1957 Christus,
891 1875 1022 1944 salvum
1041 1875 1095 1944 sac
1112 1881 1220 1944 temet
1236 1873 1347 1967 ipsum
1367 1886 1403 1948 et
1419 1897 1496 1945 nos.
1523 1859 1672 1929 555555)
1684 1867 1756 1937 lte-

262 1995 445 2092 spondens
479 2003 599 2066 autem
632 1994 719 2064 alter
751 1993 954 2086 increpabat
982 1994 1073 2064 ibam
1109 1993 1232 2066 disens
1263 1995 1386 2088 Neque
1424 2005 1460 2065 tu
1491 1993 1597 2063 times
1636 1985 1755 2072 deum,

263 2117 358 2212 quod
392 2115 428 2184 in
462 2115 593 2187 eadem
626 2113 848 2184 dannatione
888 2116 952 2186 est
1002 2101 1183 2184 51ιιιιιοι
1219 2113 1359 2205 quidem
1394 2115 1499 2207 triste,
1534 2131 1619 2182 nam
1648 2107 1756 2200 digna

265 2239 362 2312 actis
388 2235 603 2328 recepimus:
631 2233 687 2304 bio
711 2255 799 2304 vero
825 2234 907 2304 nibil
934 2234 1013 2306 mab
1039 2231 1156 2325 gessit.
1199 2220 1280 2303 ‘'Et
1306 2233 1445 2305 dicebat
1470 2231 1517 2305 ad
1542 2233 1661 2302 lesum
1680 2230 1754 2302 Do-

265 2360 368 2442 mine,
395 2364 575 2427 memento
602 2353 673 2426 mei
699 2375 777 2426 sinn
803 2354 943 2426 veneris
969 2353 1004 2424 in
1030 2373 1176 2445 regnum
1203 2361 1306 2424 tuum.
1357 2345 1384 2392 55
1400 2354 1443 2423 Et
1467 2351 1556 2424 dixit
1582 2351 1627 2422 illi
1655 2351 1754 2424 lesus

266 2483 379 2552 *tmen
405 2477 485 2548 dico
512 2475 584 2560 tibi,
611 2473 718 2546 bodie
745 2493 880 2546 mecum
909 2475 979 2546 eris
1005 2473 1039 2544 in
1065 2471 1238 2566 paradiso.
1282 2462 1308 2510 55
1325 2467 1413 2519 ‘³²²²
1426 2473 1507 2544 Erat
1531 2483 1651 2544 autem
1679 2473 1753 2544 lere

269 2601 354 2671 bora
379 2607 480 2668 sexta
507 2606 544 2668 et
570 2593 738 2666 tenebrae
765 2594 876 2666 tactae
910 2603 989 2666 sunt
1022 2594 1057 2664 in
1092 2593 1253 2665 universa
1287 2601 1379 2665 terra
1413 2615 1524 2686 usque
1559 2595 1595 2664 in
1622 2615 1753 2666 nonam

269 2721 404 2802 borani,
447 2706 474 2756 55
491 2727 528 2788 et
552 2715 759 2787 obscuratus
786 2725 841 2785 est
866 2716 935 2800 sol,
979 2706 1070 2761 lm)
1084 2725 1120 2784 et
1144 2715 1260 2786 velum
1286 2714 1404 2808 templi
1431 2714 1579 2786 scissum
1602 2725 1658 2787 est
1675 2737 1753 2788 me-

269 2840 372 2912 dium.
424 2825 552 2882 55555
571 2835 615 2906 Et
640 2835 793 2906 clamans
818 2856 907 2906 voce
934 2855 1060 2928 magna
1092 2835 1191 2906 lesus
1223 2834 1270 2905 ait
1302 2835 1420 2919 Pater,
1456 2835 1492 2905 in
1524 2859 1649 2910 manus
1677 2847 1753 2910 tuas

270 2956 477 3032 commendo
513 2955 668 3049 spiritum
695 2975 821 3026 meum.
872 2955 916 3026 Et
947 2955 1034 3026 baec
1069 2952 1189 3026 dtoens
1224 2954 1422 3048 exspiravit
1474 2943 1601 3002 ⁴⁷‘³³⁰·²¹
1620 2959 1753 3032 Videns

270 3092 382 3152 autem
419 3075 574 3148 centrario
607 3073 703 3165 quod
733 3075 860 3146 tactum
894 3075 1020 3160 luerat,
1055 3075 1256 3166 glorifieavit
1289 3075 1393 3147 deum
1428 3074 1549 3147 dicens
1577 3079 1670 3152 Vere
1697 3079 1752 3150 hic

270 3203 375 3273 borno
402 3199 509 3268 iustus
536 3203 599 3265 est
652 3182 792 3240 555555)
810 3195 851 3265 Et
877 3195 990 3266 omnis
1015 3193 1115 3264 turba
1150 3217 1271 3268 eorum
1307 3195 1364 3288 qui
1398 3197 1499 3267 simul
1531 3197 1680 3272 aderant
1706 3199 1751 3271 ad
1860 3212 1866 3220 “

272 3320 502 3416 spectaculum
528 3313 620 3386 istud
645 3313 873 3386 stridebant
898 3337 988 3409 qnae
1016 3305 1154 3400 fiebant,
1182 3317 1415 3410 percutientes
1444 3327 1585 3411 pectora
1610 3343 1674 3393 sua
1691 3341 1750 3390 re-

271 3441 502 3513 vertebantur.
542 3425 569 3472 55
586 3434 730 3506 Stabant
755 3443 870 3506 autem
898 3456 1021 3506 omnes
1038 3435 1110 3505 noti
1127 3436 1202 3507 eius
1229 3459 1250 3508 a
1275 3437 1391 3529 longe,
1419 3447 1453 3510 et
1478 3437 1641 3512 mulieres
1660 3462 1750 3534 quae

272 3571 412 3634 secema
440 3565 539 3629 erant
564 3575 643 3626 sum
670 3551 870 3641 aGalilaea,
898 3557 986 3628 baec
1003 3554 1172 3628 videntes.
1222 3548 1409 3630 5555555Ει
1432 3581 1517 3630 ecce
1542 3559 1595 3629 vir
1612 3562 1751 3632 nomine
1867 3597 1875 3614 ·

270 3681 413 3774 loseph,
447 3677 505 3771 qtri
537 3684 613 3747 erat
646 3674 813 3760 decurio,
848 3677 900 3748 vir
932 3678 1046 3748 bonus
1073 3685 1108 3747 et
1132 3677 1259 3761 iustus,
1301 3667 1324 3712 ⁵¹
1339 3675 1394 3750 bic
1419 3701 1490 3752 non
1522 3690 1751 3752 consenserat

271 3796 414 3870 coneilio
441 3807 478 3867 et
502 3796 635 3868 actibus
661 3817 792 3881 eorum,
820 3799 865 3869 ab
892 3797 1080 3869 Arimatbia
1108 3795 1243 3869 civitate
1274 3796 1416 3884 ludeae,
1457 3801 1514 3893 qui
1541 3801 1751 3894 expectabat

272 3927 307 3988 et
339 3917 415 4010 ipse
446 3939 593 4008 regnum
626 3915 702 3986 dei:
745 3905 772 3952 55
789 3915 845 3988 bic
877 3917 1027 3990 accessit
1061 3918 1109 3989 ad
1128 3917 1284 3988 ¹Pilatum
1318 3928 1353 3988 et
1386 3919 1483 4013 petiit
1509 3941 1637 4014 corpus
1662 3923 1748 4006 lesu,

270 4029 297 4074 55
310 4027 397 4084 (555
413 4047 450 4108 et
475 4037 672 4130 depositum
699 4035 842 4107 involvit
867 4036 1024 4122 sindone,
1053 4048 1088 4109 et
1113 4037 1227 4132 posuit
1258 4058 1338 4108 eum
1371 4040 1406 4110 in
1433 4051 1656 4112 monumento
1682 4063 1749 4113 ex-

271 4157 361 4242 ciso,
402 4157 435 4228 in
470 4179 539 4250 qno
574 4156 727 4230 nondum
759 4156 940 4248 qusquam
984 4157 1116 4250 positus
1156 4159 1276 4230 luerat.
1327 4147 1473 4206 5555555)
1490 4161 1534 4231 Ει
1564 4159 1641 4232 dies
1675 4171 1750 4234 erat

270 4272 516 4370 parasceves,
545 4285 582 4349 et
614 4277 795 4348 sabbatum
831 4277 1071 4348 inlucescebat.
1123 4269 1150 4314 55
1168 4279 1382 4350 subsecutae
1401 4358 1405 4366 ,
1426 4289 1540 4350 autem
1576 4282 1748 4365 nuberes,

270 4417 361 4490 quae
387 4419 466 4470 curn
491 4398 568 4494 ipso
592 4406 760 4470 venerant
786 4397 831 4468 dc
858 4396 1017 4482 Galilaea,
1045 4397 1205 4470 viderunt
1230 4407 1490 4470 monumentum
1518 4409 1553 4469 et
1578 4399 1748 4492 quemad-

264 4517 413 4614 modum
439 4518 588 4612 positum
615 4526 691 4590 erat
708 4539 836 4608 corpus
854 4517 945 4602 eius,
988 4507 1015 4554 55
1028 4509 1116 4564 (555)
1136 4528 1174 4590 et
1194 4528 1409 4591 revertentes
1423 4529 1643 4615 ‘paraverunt
1667 4543 1748 4592 aro-

271 4647 363 4710 mata
390 4647 425 4710 et
450 4646 618 4731 ungenta:
648 4647 684 4708 et
710 4637 857 4708 sabbato
884 4637 1025 4729 quidem
1052 4639 1215 4710 siluerunt
1240 4640 1430 4712 secundum
1459 4639 1664 4710 mandatum.

952 4845 1063 4916 XXIV.

346 4989 462 5044 ’(5555)
482 4997 555 5070 Una
581 5007 697 5068 autem
724 4996 862 5070 sabbati
891 4998 990 5070 valde
1025 4999 1175 5071 decedo
1211 5011 1379 5072 venerunt
1411 5001 1456 5072 ad
1489 5007 1749 5073 mouumentum

272 5127 452 5210 portantes
479 5139 569 5211 qrrae
595 5125 802 5211 paraverant
828 5129 991 5190 cromam.
1043 5111 1116 5190 'Et
1145 5120 1349 5194 invenerunt
1380 5120 1530 5216 lapidem
1557 5123 1749 5196 revolutum

776 5239 887 5325 XXlll,
916 5241 963 5310 33
991 5277 1041 5291 ——
1067 5239 1180 5325 XXIV,
1208 5243 1240 5315 2.
