4102 6128
627 380 870 445 nvmcuuuu
897 339 1097 446 succunuu
1121 379 1329 444 namnuuu
1675 376 1722 454 27

340 489 386 494 -.-.
400 485 685 494 ...—-—-—-———.-—.
700 489 917 496 -.—.—.--—.-—
1494 488 1654 498 —u-——u

228 588 270 660 Et
294 585 499 658 deridebant
529 605 619 656 eum.
673 577 756 658 ¹5llt
782 608 861 658 cum
887 585 997 658 eiecta
1024 587 1119 656 esset
1144 583 1255 670 turba,
1284 585 1426 659 intravit
1452 595 1489 656 st
1513 587 1621 658 tenuit
1645 611 1721 662 rna-

230 729 307 778 oum
333 705 413 792 eius,
441 714 478 778 et
510 693 668 778 surrexit
692 707 816 800 puella.
869 697 949 777 ”Et
975 705 1057 778 exiit
1083 706 1173 776 lama
1200 704 1295 778 haec
1323 707 1358 778 in
1374 707 1573 780 universam
1594 718 1722 782 terram

229 829 326 900 illam.
376 817 509 874 ”Ml
529 827 571 898 llt
604 836 806 900 transeunte
836 827 917 900 inde
947 827 1025 898 lesu
1060 824 1169 898 secuti
1203 837 1287 897 sunt
1320 848 1402 898 eum
1430 827 1500 900 duo
1528 831 1623 902 caeci
1650 831 1722 904 cla-

232 955 360 1020 mantes
393 957 428 1018 et
461 946 625 1020 dicentes
658 947 825 1020 Miserere
858 948 982 1032 nostri,
1016 945 1073 1020 lilii
1098 944 1220 1017 David.
1277 936 1306 982 2
1320 947 1405 1020 Cum
1432 961 1546 1024 autem
1573 943 1753 1024 venisset

232 1069 378 1152 domum,
407 1077 639 1140 accesserunt
664 1066 710 1139 ad
738 1089 818 1140 eum
846 1069 956 1142 caeci:
982 1076 1017 1138 et
1043 1065 1125 1138 dicit
1149 1065 1201 1138 eis
1228 1067 1331 1139 lesus
1359 1068 1505 1142 Creditis
1531 1073 1610 1166 quia
1638 1095 1722 1168 pos·

232 1213 305 1261 sum
331 1189 398 1262 hcc
423 1189 546 1260 lacere
573 1187 702 1260 vobis?
730 1189 855 1260 Dicunt
881 1188 913 1260 ei
939 1187 1071 1282 Utique,
1100 1186 1254 1260 domine.
1309 1179 1337 1224 ²⁹
1350 1187 1445 1260 Tunc
1470 1193 1578 1286 tetigit
1604 1193 1724 1266 oculos
1777 1263 1781 1279 ,

232 1331 348 1383 eorum
380 1310 505 1382 dicens
540 1307 739 1382 Secundum
773 1307 878 1381 tidem
917 1317 1069 1382 vestram
1107 1306 1167 1378 fiat
1208 1307 1327 1378 vobis.
1379 1301 1406 1346 ³⁰
1421 1311 1463 1382 Et
1497 1316 1607 1408 aperti
1647 1325 1725 1388 sunt

233 1431 318 1504 oculi
342 1430 497 1503 illorum:
526 1439 562 1501 et
588 1429 817 1502 comminatus
843 1439 897 1500 est
925 1428 988 1500 illis
1022 1429 1118 1500 lesus
1144 1427 1274 1500 dicens
1304 1429 1426 1502 Videte
1452 1455 1497 1504 ue
1524 1435 1600 1528 quis
1626 1435 1722 1507 sciat.

231 1543 254 1588 ³¹
272 1551 318 1624 llli
342 1559 462 1624 autem
496 1559 667 1622 exeuntes
702 1548 965 1623 diffamavemnt
997 1569 1076 1620 eum
1101 1547 1136 1618 in
1161 1555 1242 1620 tota
1277 1555 1371 1626 terra
1402 1552 1468 1626 illa.
1521 1546 1723 1647 ³2Egressis

234 1681 343 1744 autern
376 1671 444 1744 illis
479 1691 566 1744 ecce
601 1671 798 1765 optulerunt
827 1670 860 1742 ei
885 1669 1059 1740 hominem
1095 1677 1239 1754 mutum,
1274 1667 1495 1744 daemonium
1523 1674 1720 1746 habentem.

232 1783 258 1830 ³³
273 1791 313 1862 Et
338 1793 452 1864 eiecto
481 1791 656 1864 daemone
682 1791 817 1864 locutus
844 1797 898 1861 est
922 1798 1044 1874 mutus,
1072 1799 1106 1860 et
1131 1788 1280 1860 miratae
1311 1799 1389 1862 sunt
1415 1793 1539 1864 turbae
1566 1793 1722 1866 dicentes

233 1910 424 2004 Numquam
458 1911 619 2006 apparuit
644 1910 753 1982 sicin
778 1909 916 1982 Israhel.
968 1899 994 1946 ³⁸
1011 1908 1190 2004 Pharisaei
1217 1921 1341 1981 autem
1374 1911 1538 1984 dicebant
1563 1914 1601 1984 ln
1627 1914 1720 2007 prin-

234 2029 308 2126 cipe
333 2031 600 2105 daemoniorum
628 2030 706 2102 eicit
731 2031 934 2106 daemones.
986 2019 1013 2064 ³⁵
1026 2019 1102 2072 (Μ’)
1119 2029 1163 2100 Et
1194 2027 1398 2104 circumibat
1430 2035 1529 2104 Iesus
1566 2034 1720 2108 civitates

199 2177 201 2181 ·
235 2173 352 2224 omnes
379 2161 416 2224 et
442 2153 593 2237 castella,
622 2152 756 2224 docens
780 2153 814 2223 in
840 2148 1030 2245 synagogis
1056 2169 1177 2220 comm
1205 2158 1242 2221 et
1267 2151 1476 2249 praedicans
1504 2155 1720 2248 evangelium

234 2273 330 2364 regni
354 2283 390 2344 et
417 2295 544 2346 curans
571 2293 709 2366 omnem
736 2273 939 2366 languorem
958 2279 994 2341 et
1010 2289 1151 2341 omnem
1172 2269 1411 2344 infirmitatem.
1457 2264 1485 2308 ³⁶
1499 2266 1576 2318 ‘'bl-l
1594 2275 1720 2350 Videas

170 2473 177 2480 ‚
235 2403 347 2466 autern
370 2394 496 2466 turbas
524 2393 683 2464 misertus
710 2402 765 2464 est
790 2394 850 2478 eis,
878 2391 956 2486 quia
984 2399 1084 2462 erant
1116 2392 1235 2464 vexati
1268 2403 1305 2464 et
1337 2393 1494 2464 iacentes
1521 2395 1609 2466 sicut
1634 2419 1719 2470 oves

236 2535 305 2584 non
329 2513 501 2586 habentes
528 2523 715 2607 pastorem.
766 2505 794 2550 ³⁷
806 2505 881 2558 iffi)
900 2513 994 2584 Tunc
1021 2509 1104 2582 dicit
1128 2512 1303 2608 discipulis
1329 2511 1399 2584 suis
1425 2513 1553 2586 Messis
1578 2518 1717 2612 quidem

234 2635 347 2714 multa,
376 2633 526 2728 operarii
553 2643 668 2706 autern
701 2632 819 2728 pauci:
872 2624 899 2669 ³⁸
914 2641 1037 2725 rogate
1069 2653 1156 2726 ergo
1190 2633 1366 2707 dominum
1401 2634 1529 2707 messis
1555 2647 1592 2708 ul
1618 2638 1718 2712 eiciat

233 2755 414 2847 operarios
439 2755 473 2824 in
501 2775 652 2828 messem
679 2775 786 2826 suam.
1309 2771 1312 2778 ·

956 3027 994 3098 ll

310 3227 413 3282 'lm‘
431 3237 473 3306 El
500 3239 700 3310 convocatis
733 3234 920 3308 duodecim
954 3233 1127 3330 discipulis
1162 3235 1246 3317 suis,
1282 3227 1379 3304 dedit
1411 3235 1476 3308 illis
1503 3249 1712 3331 potestatem

113 3371 119 3380 ·
233 3357 411 3452 spirituum
437 3357 688 3451 inmundorum,
715 3365 753 3428 ut
778 3356 931 3428 eicerent
957 3377 1018 3428 ecs
1043 3365 1078 3428 ct
1104 3363 1264 3428 curarent
1291 3371 1430 3426 omnem
1455 3357 1657 3449 languorem
1677 3369 1712 3430 et

234 3499 373 3550 omnem
400 3477 636 3550 infirmitatem.
688 3467 792 3524 'lm‘
809 3476 1003 3550 Duodecim
1036 3487 1151 3550 autem
1187 3471 1426 3569 apostolorum
1461 3478 1601 3550 nomina
1633 3489 1712 3550 sunt

233 3600 332 3671 haec.
385 3598 517 3670 Primus
544 3598 664 3670 Simon
689 3596 745 3691 qui
773 3595 894 3668 dicitur
920 3597 1041 3668 Petrus
1067 3606 1103 3668 et
1127 3594 1286 3668 Andreas
1311 3592 1418 3664 irater
1444 3597 1527 3684 eius,
1579 3589 1709 3672 ³laco·

234 3721 300 3792 bus
325 3719 500 3792 Zebedaei
526 3730 563 3791 et
587 3717 756 3791 lohannes
781 3719 887 3792 irater
913 3717 995 3802 eius,
1023 3718 1196 3813 Philippus
1222 3723 1258 3786 et
1282 3713 1586 3804 Bartholomaeus,
1615 3720 1709 3792 Tho-

233 3861 310 3914 mas
336 3849 372 3912 et
396 3840 565 3914 Mattheus
591 3837 807 3934 publicanus,
835 3845 871 3912 et
894 3839 1041 3912 lacobus
1074 3835 1197 3932 Alphei
1229 3843 1266 3908 et
1290 3833 1509 3926 Thaddaeus,
1561 3829 1710 3914 ‘Simon

233 3963 438 4034 Canameus
463 3970 500 4032 et
524 3960 628 4034 ludas
653 3961 842 4046 Scariotes,
876 3960 933 4054 qui
965 3969 1000 4032 et
1025 3958 1165 4031 tradidit
1190 3977 1278 4028 eum.
1330 3946 1448 4006 ⁶‘⁸⁴=¹⁰·'
1468 3961 1540 4032 llos
1571 3958 1708 4035 duode-.

233 4082 298 4154 cim
326 4055 416 4154 misit
441 4082 536 4154 lesus
567 4080 784 4176 praecipiens
816 4082 867 4154 eis
894 4091 930 4152 et
962 4081 1080 4153 dicens
1114 4079 1150 4150 lo
1181 4077 1272 4150 viam
1298 4076 1450 4169 genuum
1476 4104 1521 4152 nc
1548 4083 1707 4168 abieritis,
1774 4129 1780 4142 ·

232 4203 326 4274 etin
358 4201 513 4276 civitates
548 4203 840 4277 Samaritanorum
870 4223 915 4274 ne
947 4199 1163 4284 intraveritis,
1214 4189 1309 4270 lsed
1336 4199 1451 4292 polius
1476 4201 1522 4272 ite
1549 4203 1593 4274 ad
1621 4225 1707 4274 oves

231 4339 323 4418 quae
348 4323 523 4417 periemnt
549 4321 675 4394 domus
708 4322 848 4396 Israhel.
900 4313 1002 4367 ΠΜ)
1020 4321 1148 4393 liuntes
1180 4327 1295 4392 autem
1326 4321 1526 4414 praedicate
1552 4322 1707 4396 dicentes

88 4453 91 4458 “
232 4444 312 4538 quia
339 4443 627 4538 adpropinquavit
650 4463 795 4536 regnum
822 4443 1006 4514 caelorum.
1058 4433 1243 4512 ⁸lnlirmos
1277 4450 1411 4528 curate,
1445 4453 1601 4514 mortuos
1627 4465 1707 4514 sus-

231 4565 343 4649 citate,
378 4566 537 4660 leprosos
564 4563 738 4649 mundate,
765 4563 957 4636 daemones
984 4563 1098 4634 eicite:
1127 4560 1232 4654 gratis
1261 4561 1453 4656 accepistis,
1481 4563 1587 4654 gratis
1614 4563 1705 4636 date.

229 4676 373 4756 ”Nolite
399 4683 582 4780 possidere
608 4705 728 4757 aurum
755 4705 868 4778 neque
895 4694 1075 4777 argentum
1106 4685 1219 4776 neque
1245 4683 1425 4776 pecuniam
1458 4684 1492 4754 in
1519 4685 1615 4756 zonis
1642 4707 1705 4756 ve-

230 4805 319 4888 stris,
370 4797 396 4842 ¹⁰
412 4827 481 4876 non
508 4825 629 4899 peram
656 4806 690 4876 io
715 4805 771 4876 via
797 4825 911 4899 neque
937 4804 1025 4876 duas
1051 4805 1181 4876 tunicas
1206 4823 1320 4896 neque
1346 4803 1566 4876 calciamenta
1593 4827 1705 4900 neque

229 4925 378 5018 virgam:
406 4925 531 5018 dignus
556 4925 646 4996 enim
674 4936 729 4998 est
755 4923 933 5021 operarius
961 4925 1039 4996 cibo
1066 4945 1139 4996 suo.
1192 4913 1214 4958 ¹⁴
1231 4912 1355 4992 (totth,
1373 4943 1626 5022 quamcumque
1654 4929 1704 5000 ci-

228 5045 370 5116 vitatem
397 5053 455 5116 aut
482 5046 659 5118 castellum
685 5044 899 5130 intraveritis,
927 5045 1136 5138 interrogate
1162 5041 1238 5136 quis
1264 5042 1297 5112 in
1324 5063 1402 5114 eam
1430 5043 1555 5136 diguus
1582 5048 1640 5120 sit:
1669 5059 1704 5120 et

228 5166 277 5238 ibi
309 5173 445 5238 manete
479 5165 594 5238 donec
626 5165 769 5240 exeatis.
830 5153 946 5209 *wll*
962 5165 1127 5236 lutrantes
1161 5172 1276 5246 autem
1315 5164 1348 5234 in
1384 5161 1525 5236 domum
1559 5169 1703 5242 salutata

757 5286 810 5371 lit
839 5288 887 5359 25
940 5324 992 5336 -
1044 5287 1083 5372 X,
1113 5287 1169 5356 42.

1347 5401 1400 5474 με
