4220 6124
604 1325 754 1398 lNClPlT
782 1323 988 1398 EPISTULA
1014 1324 1074 1396 ΑΙ)
1102 1312 1358 1400 CORINTHIOS
1386 1327 1596 1400 SECUNDA.

347 1781 349 1794 ¹
447 1761 505 1817 ml
521 1771 554 1871 Ρ
556 1808 653 1878 arrlus
686 1808 866 1901 apostolus
900 1807 977 1878 lesu
1010 1806 1132 1878 Christi
1165 1829 1229 1901 per
1259 1811 1470 1882 voluntatem
1496 1811 1555 1882 dei
1586 1818 1621 1880 et
1646 1807 1846 1879 Timotheus

362 1929 467 1998 trater
493 1926 664 2000 ecclesiae
689 1925 747 1998 (lei
779 1947 871 2020 quae
896 1935 953 2000 est
976 1925 1141 2012 Corinthi,
1174 1949 1253 2000 cum
1280 1931 1406 2003 sanctis
1433 1931 1593 2003 omnibus
1619 1929 1677 2023 qui
1708 1937 1789 2000 snut
1813 1927 1847 1998 in
1898 1917 1901 1922 ’

363 2049 525 2119 universa
550 2045 689 2118 Achaia.
741 2040 889 2120 ²Gratia
920 2047 1023 2120 vobis
1057 2057 1092 2118 et
1123 2049 1338 2140 paradeo
1364 2061 1465 2146 patre
1496 2059 1618 2123 nostro
1644 2058 1679 2121 et
1705 2048 1846 2120 domino

363 2169 440 2240 lesu
467 2167 610 2238 Christo.
653 2157 888 2242 ³Benedictus
905 2167 993 2240 deus
1019 2177 1055 2240 et
1079 2176 1180 2260 pater
1204 2168 1334 2240 domini
1360 2173 1469 2243 nostri
1494 2173 1571 2243 lesu
1589 2169 1720 2256 Christi,
1747 2178 1847 2264 pater

363 2287 677 2360 misericordiarum
717 2297 754 2359 et
786 2289 875 2360 deus
908 2288 1012 2360 totius
1045 2289 1325 2376 consolatione,
1360 2279 1446 2385 ‘qui
1485 2292 1682 2364 consolatru
1715 2311 1781 2361 nos
1814 2289 1847 2359 in

365 2409 458 2480 omni
484 2399 700 2480 tribulatione
724 2415 859 2494 nostra,
890 2417 927 2478 ut
958 2408 1133 2502 possimus
1166 2419 1203 2480 et
1226 2409 1292 2504 ipsi
1317 2412 1490 2484 consolari
1522 2433 1586 2486 eos
1612 2412 1670 2505 qui
1695 2409 1847 2482 inomni

364 2549 551 2624 praessura
576 2537 663 2613 sunt,
689 2547 754 2621 per
779 2527 1056 2602 exhortationem
1083 2550 1152 2622 qna
1177 2529 1404 2604 exhortamur
1429 2541 1464 2604 et
1488 2533 1554 2627 ipsi
1581 2531 1705 2618 adeo;
1731 2522 1847 2624 lquo-

364 2652 457 2722 niam
483 2650 572 2720 mont
596 2645 772 2718 ahrmrlant
797 2649 982 2742 passiones
1000 2649 1121 2722 Christi
1148 2650 1309 2736 innohis,
1336 2651 1383 2724 ita
1409 2663 1446 2724 et
1468 2674 1533 2747 per
1550 2653 1720 2724 Christum
1737 2651 1846 2723 abun-

322 2767 324 2772 ’
366 2771 427 2844 rlat
452 2767 645 2841 consolatio
670 2777 797 2840 nostra.
838 2758 864 2806 '⁶
879 2770 960 2842 Sive
986 2781 1100 2842 autem
1128 2770 1343 2858 tribulamur,
1376 2793 1442 2871 pro
1467 2783 1586 2845 vestra
1612 2768 1849 2846 ’exortatione

332 2897 336 2906 '
367 2901 404 2964 ot
429 2891 557 2963 sainte:
592 2887 667 2960 sive
701 2889 935 2976 consolamm,
968 2911 1035 2984 pro
1058 2900 1178 2968 vestra
1211 2893 1457 2979 consolatione,
1484 2915 1577 2986 quae
1604 2885 1790 2987 'operatur
1815 2891 1850 2960 in

367 3009 577 3083 'tollerantia
609 3009 800 3082 earundem
831 3011 1031 3106 passionum
1063 3033 1149 3105 quas
1182 3020 1218 3082 et
1249 3033 1316 3084 nos
1348 3014 1512 3106 patimur,
1548 3023 1584 3085 et
1617 3035 1700 3107 spes
1731 3021 1850 3084 nostra

366 3133 465 3205 firma
492 3131 701 3226 provehis,
742 3122 918 3203 ⁷seientes
944 3131 1105 3225 quoniam
1134 3132 1221 3204 sicut
1247 3133 1332 3204 socii
1356 3135 1558 3227 passionum
1585 3132 1677 3218 estis,
1705 3132 1756 3204 sic
1781 3131 1849 3203 eri-

366 3255 409 3325 tis
436 3263 471 3324 et
496 3251 747 3324 consolationis.
799 3243 862 3298 Μ’)
875 3253 953 3324 Non
978 3253 1068 3324 enim
1093 3253 1254 3325 volumus
1277 3275 1344 3326 vos
1368 3253 1540 3347 ignorare,
1566 3254 1698 3338 tratres,
1725 3251 1773 3324 de
1789 3251 1849 3322 tri-

366 3372 540 3444 bulatione
567 3382 685 3444 nostra
720 3375 927 3464 quaefacta
959 3383 1013 3447 ost
1037 3374 1073 3446 in
1103 3373 1195 3460 aaa,
1223 3374 1384 3468 quoniam
1419 3373 1693 3468 supramodum
1719 3371 1851 3465 gravati

368 3511 487 3560 sumus
514 3512 618 3584 supra
643 3489 821 3580 virtutem,
854 3493 901 3566 ita
937 3503 974 3564 ut
1005 3494 1163 3567 taederet
1196 3517 1262 3566 nos
1289 3495 1393 3566 etiam
1419 3493 1555 3566 vivere:
1604 3485 1702 3564 ⁹sed
1726 3492 1792 3586 ipsi
1818 3491 1851 3562 in

367 3610 469 3682 nobis
495 3611 578 3704 ipsis
604 3632 810 3706 responsum
836 3613 956 3685 mortis
981 3613 1174 3699 habuimus,
1200 3624 1333 3686 utnon
1367 3613 1474 3686 simos
1500 3613 1647 3686 fidentes
1672 3613 1707 3684 in
1732 3607 1851 3683 'nobis

368 3727 492 3802 sedin
518 3730 598 3816 deo,
625 3731 683 3824 qui
718 3733 859 3804 suscitat
891 3741 1063 3820 mortuos,
1113 3726 1140 3771 ⁴⁰
1156 3734 1214 3827 qui
1241 3734 1287 3806 de
1321 3733 1421 3805 tantis
1447 3733 1607 3827 periculis
1633 3732 1757 3825 eripuit
1780 3752 1845 3802 nos

369 3861 404 3922 et
431 3862 544 3936 eruet,
571 3853 605 3920 in
640 3873 743 3943 quem
775 3875 956 3948 speramus
989 3854 1151 3948 quoniam
1186 3863 1222 3926 et
1253 3853 1367 3926 adhuc
1387 3853 1529 3954 eripiet,
1573 3845 1595 3890 ⁴¹
1612 3852 1851 3944 adiuvantibus

370 3981 405 4041 et
430 3971 532 4042 vobis
557 3971 591 4041 in
618 3973 775 4046 oratione
801 3997 866 4068 pro
894 3974 1010 4060 nobis,
1044 3983 1081 4046 ut
1115 3995 1162 4044 ex
1196 3974 1378 4044 multarum
1404 3975 1568 4046 facierum
1601 3973 1675 4044 eius
1701 3971 1849 4064 quaein

369 4089 471 4161 nobis
498 4099 554 4162 est
579 4089 774 4164 donationis
799 4115 863 4188 per
889 4095 1015 4166 multos
1041 4080 1174 4188 'gratiae
1201 4104 1345 4187 agantur
1371 4115 1436 4187 pro
1462 4092 1573 4164 nobis.
1625 4085 1652 4131 ⁴²
1664 4091 1750 4164 Nam
1773 4091 1851 4182 glo-

371 4212 421 4282 ria
446 4219 565 4283 nostra
591 4211 680 4284 haec
706 4223 776 4300 est,
812 4215 1044 4287 testimonium
1071 4201 1301 4286 conscientiae
1328 4223 1478 4299 nostrae,
1506 4213 1603 4306 quod
1629 4213 1663 4283 in
1689 4210 1851 4306 simphci·

371 4340 440 4403 tate
467 4341 503 4403 et
528 4331 723 4406 sinceritate
750 4334 825 4422 dei,
860 4344 896 4406 et
920 4357 991 4406 non
1016 4327 1203 4428 'sapientia
1230 4333 1367 4420 carnali,
1395 4333 1519 4406 sedin
1545 4333 1656 4426 gratia
1683 4333 1739 4404 dei
1767 4353 1852 4402 con-

370 4453 500 4525 versati
533 4473 653 4526 sumus
683 4454 718 4524 in
748 4455 898 4542 mundo,
931 4453 1161 4538 abundantius
1195 4464 1311 4526 autem
1347 4453 1394 4526 ad
1429 4475 1504 4526 vos.
1553 4443 1583 4490 '⁴³
1600 4443 1635 4500 ‘¹’
1652 4453 1730 4524 Non
1763 4452 1853 4522 enim

372 4574 437 4647 alia
464 4573 646 4645 scribimus
671 4573 773 4646 vohis
799 4597 903 4668 quarn
930 4597 1020 4670 quae
1045 4575 1178 4668 legistis
1196 4584 1231 4646 et
1248 4573 1472 4668 cognoscitis:
1500 4582 1741 4670 spernentem
1759 4570 1854 4666 quod

371 4717 483 4789 usque
508 4694 543 4766 in
568 4693 672 4766 finem
699 4694 934 4788 cognoscetis,
978 4683 1004 4734 ⁴⁴
1021 4696 1109 4768 sicut
1134 4703 1169 4766 et
1195 4695 1407 4789 cognovistis
1441 4715 1506 4766 nos
1541 4715 1587 4766 ex
1620 4701 1737 4788 parte,
1775 4691 1855 4785 quia

373 4816 483 4908 gloria
510 4825 626 4889 vestra
652 4839 782 4902 sumus,
810 4815 899 4888 sicut
924 4825 959 4888 et
983 4837 1049 4890 vos
1067 4824 1195 4901 nostra,
1222 4815 1256 4887 in
1278 4816 1335 4888 die
1353 4813 1484 4888 domini
1500 4813 1610 4886 nostri
1627 4813 1704 4885 lesu
1723 4811 1853 4884 Christi.

372 4927 399 4972 ¹⁵
415 4938 457 5008 Et
489 4938 555 5010 hac
588 4937 795 5010 confidentia
826 4937 920 5010 volui
954 4937 1049 5032 prius
1082 4937 1201 5010 venire
1234 4937 1281 5010 ad
1313 4957 1395 5021 vos,
1427 4944 1465 5007 ut
1491 4933 1683 5006 secundam
1709 4932 1854 5026 gratiam

374 5057 563 5144 haberetis,
607 5049 682 5130 ⁴⁶et
713 5081 777 5153 per
809 5081 875 5132 vos
908 5057 1053 5130 transire
1085 5056 1425 5142 inlllaohedoniam,
1453 5055 1637 5127 etiterum
1666 5075 1686 5125 a
1712 5052 1853 5126 Mache-

374 5179 478 5253 donia
512 5179 630 5252 venire
666 5179 711 5252 ad
744 5203 810 5254 vos
847 5187 882 5252 et
918 5201 937 5252 a
976 5179 1078 5252 vobis
1117 5177 1243 5250 deduci
1281 5177 1314 5248 in
1352 5176 1524 5250 Iudaeam.
1585 5167 1611 5212 Π
1629 5175 1713 5247 Cum
1746 5165 1853 5265 'ergo

993 5301 1013 5384 l,
1043 5301 1056 5368 l
1094 5339 1138 5352 —
1171 5292 1226 5372 17.
