4254 6130
654 389 902 458 evellentium
929 387 1131 454 sueonum!
1156 389 1352 456 lOllAbllEll
1646 395 1649 414 ⁸
1683 389 1755 458 ⁴59

268 597 404 694 loseph,
433 598 529 670 cuius
555 621 622 672 nos
648 595 814 670 novimus
840 603 974 688 patrem
1008 603 1044 665 et
1070 600 1239 669 matrem?
1273 599 1452 692 quomodo
1483 618 1569 692 ergo
1597 595 1679 669 dicit
1703 593 1759 669 bic

270 721 349 816 quia
376 719 422 790 ile
448 719 548 790 caelo
574 714 772 792 descendi?
827 705 955 758 ΨΜ)
968 714 1161 808 Respondit
1196 739 1282 814 ergo
1308 722 1404 792 lesus
1432 731 1467 792 et
1492 717 1581 792 dixit
1606 717 1658 790 eis
1684 715 1758 784 No-

269 842 325 914 lite
360 859 577 912 murmurare
610 839 644 910 in
678 831 841 908 invicem.
894 821 921 870 *⁴
936 834 1048 906 Nemo
1081 845 1197 928 potest
1227 840 1347 914 venire
1379 839 1425 912 ad
1467 861 1526 910 me
1560 837 1625 910 nisi
1658 843 1760 930 pater

270 961 327 1056 qui
353 959 445 1030 misit
470 981 531 1031 me
558 957 702 1030 traxerit
729 975 821 1041 eum,
849 963 885 1025 et
910 975 979 1046 ego
1007 956 1221 1031 resuscitabo
1249 983 1328 1036 eum
1345 960 1538 1033 novissimo
1557 956 1624 1030 die.
1659 945 1761 1024 “list

271 1081 433 1175 scriptum
460 1079 495 1149 in
524 1077 705 1173 prophetis
732 1074 775 1146 Et
801 1083 902 1148 erunt
928 1094 1051 1146 omnes
1078 1076 1247 1152 docibiles
1274 1081 1341 1153 dei.
1395 1079 1517 1152 Omnis
1544 1078 1603 1172 qui
1630 1074 1762 1148 audivit
1880 1076 1882 1091 “

271 1211 414 1298 apatre
440 1209 476 1270 et
504 1198 625 1270 didicit
649 1195 746 1269 venit
771 1196 817 1269 ad
843 1215 911 1266 me.
960 1179 1079 1238 ‘⁶‘⁰¹·³·’
1095 1197 1172 1270 Non
1198 1201 1278 1294 quia
1303 1211 1436 1296 patrem
1462 1200 1553 1273 vidit
1578 1196 1760 1290 qusquam

271 1323 335 1396 nisi
360 1323 390 1394 is
415 1319 473 1414 qui
502 1327 560 1389 est
586 1339 607 1389 a
632 1317 713 1403 deo,
741 1316 795 1401 bic
820 1309 906 1388 vidit
931 1324 1075 1409 patrem.
1126 1305 1254 1364 *ΠΜ
1269 1320 1381 1392 Amen
1407 1343 1514 1394 amen
1542 1317 1621 1390 dico
1648 1315 1760 1402 vobis,

273 1445 330 1536 qni
363 1439 472 1512 credit
506 1440 542 1510 in
577 1459 633 1510 me
650 1437 775 1510 babet
807 1437 914 1508 vitam
950 1443 1137 1508 aetemam.
1188 1428 1304 1487 ”lim
1321 1441 1397 1536 Ego
1423 1463 1504 1512 sum
1534 1437 1633 1532 panis
1659 1436 1760 1508 vitae.

272 1550 398 1606 ‘imi‘
412 1560 533 1630 Patres
565 1557 670 1629 vestri
703 1557 999 1632 manducaverunt
1033 1555 1067 1626 in
1099 1557 1240 1630 desorto
1273 1583 1398 1632 manna
1433 1569 1471 1632 et
1506 1557 1632 1630 mortui
1666 1567 1759 1630 sunt:

272 1673 299 1718 ⁵⁰
316 1682 371 1752 bio
397 1689 450 1752 est
476 1679 577 1773 panis
603 1677 649 1750 de
675 1678 774 1750 caelo
805 1675 1042 1762 descendens,
1077 1687 1115 1749 ut
1147 1680 1175 1750 si
1210 1680 1286 1772 quis
1313 1702 1360 1752 ex
1391 1681 1469 1774 ipso
1498 1676 1761 1752 manducaverit

273 1823 344 1872 non
370 1799 544 1873 moriatur.
596 1789 620 1834 ⁵¹
633 1789 711 1848 Μ
728 1799 804 1890 Ego
830 1819 907 1868 sum
938 1796 1040 1890 panis
1066 1798 1166 1870 vivus
1199 1799 1256 1892 qui
1291 1799 1336 1872 de
1369 1801 1470 1872 eaelo
1506 1789 1693 1870 descendi:
1729 1800 1758 1872 si

276 1921 352 2014 quis
378 1917 639 1992 manducaverit
665 1939 712 1988 ex
739 1917 806 1989 boc
830 1936 930 2010 pane,
957 1915 1052 1988 vivet
1077 1917 1110 1988 in
1137 1929 1332 1992 aeternum:
1366 1929 1402 1992 et
1427 1917 1532 2014 panis
1559 1939 1664 2010 quem
1689 1940 1757 2012 ego

275 2040 369 2114 dabo
397 2061 479 2112 caro
505 2059 584 2110 mea
618 2045 672 2110 cst
701 2057 766 2129 pru
798 2035 918 2106 mundi
948 2035 1027 2106 vita.
1079 2029 1212 2084 ”imi
1230 2039 1423 2132 litigabant
1450 2060 1541 2130 ergo
1568 2037 1684 2110 ludaei
1711 2042 1756 2114 ad

275 2160 419 2234 invicem
447 2159 602 2231 diceutes
630 2156 815 2242 Quomodo
841 2163 960 2248 potest
985 2154 1039 2225 hic
1065 2177 1202 2228 camem
1230 2181 1328 2230 suam
1355 2158 1457 2230 uobis
1486 2157 1575 2230 dare
1593 2159 1637 2232 ad
1655 2181 1755 2246 mau-

276 2279 495 2352 duoaudum‘l
537 2271 565 2316 ⁵³
580 2276 674 2350 Dixit
699 2297 785 2368 ergo
812 2275 864 2348 eis
889 2275 986 2346 lesus
1011 2273 1122 2349 Amen
1149 2268 1252 2350 amen
1278 2279 1357 2352 dico
1383 2277 1497 2364 vobis,
1525 2278 1590 2350 nisi
1607 2280 1754 2352 mandu-

276 2399 433 2472 caveritis
460 2419 598 2470 carnem
626 2397 682 2468 blii
708 2395 854 2466 bominis
881 2405 917 2468 et
941 2395 1096 2468 biberitis
1130 2396 1205 2468 eius
1232 2397 1452 2490 sanguinem,
1484 2399 1754 2474 nonhabebitis

274 2521 379 2594 vitam
405 2519 439 2590 in
465 2520 581 2592 vobis:
625 2507 721 2609 “qui
748 2515 933 2586 manducat
952 2535 1073 2602 ,meam
1100 2536 1240 2590 carnem
1266 2526 1302 2588 et
1335 2515 1434 2588 bibet
1466 2539 1585 2590 meum
1611 2521 1752 2614 sangui-

276 2662 365 2726 nem,
392 2638 498 2710 habet
528 2639 631 2712 vitam
665 2645 855 2720 aeternam,
890 2643 925 2705 et
952 2655 1020 2727 ego
1047 2635 1262 2708 resuscitabo
1289 2657 1368 2708 eum
1403 2635 1438 2708 in
1464 2640 1656 2714 novissimo
1683 2641 1751 2714 die.
1884 2704 1888 2714 .

274 2751 389 2828 aaron)
408 2757 494 2832 Caro
521 2759 613 2830 enim
639 2777 718 2828 mea
742 2775 828 2826 vere
855 2763 909 2826 est
933 2753 1045 2840 cibus,
1079 2763 1115 2825 et
1146 2756 1287 2850 sanguis
1312 2776 1413 2828 meus
1445 2779 1534 2832 vere
1560 2771 1615 2834 est
1638 2772 1751 2856 potus.

275 2871 402 2940 “imi
421 2879 486 2964 Qui
512 2877 698 2951 manducat
729 2895 842 2946 meam
877 2895 1015 2948 carnem
1050 2884 1085 2946 et
1117 2873 1204 2946 bibit
1235 2895 1349 2948 meum
1382 2879 1607 2971 sanguinem,
1633 2883 1668 2954 iu
1693 2903 1751 2954 me

276 3007 391 3072 manet
416 3009 452 3070 et
467 3021 544 3092 ego
571 3000 605 3070 in
631 2997 698 3070 illo.
749 2987 775 3031 ⁵⁷
792 2995 886 3066 Sicut
910 2995 1002 3066 misit
1027 3015 1083 3066 me
1109 2994 1230 3066 vivens
1262 3003 1362 3088 pater
1392 3005 1427 3068 et
1461 3019 1530 3094 ego
1556 3003 1638 3076 vivo
1664 3025 1749 3098 pro.

274 3129 352 3216 pter
378 3129 521 3213 patrem,
549 3129 584 3192 et
609 3117 667 3212 qui
692 3114 876 3188 manducat
903 3136 958 3186 me
985 3126 1021 3188 et
1052 3115 1128 3209 ipse
1154 3116 1247 3188 vivet
1279 3125 1421 3210 propter
1447 3141 1522 3192 me..
1565 3115 1593 3160 '⁵⁸
1608 3124 1670 3196 Hic
1696 3132 1750 3196 est

275 3240 373 3334 panis
406 3242 464 3334 qui
496 3241 542 3312 de
577 3240 673 3310 eaelo
707 3234 900 3322 descendit,
935 3256 1005 3312 nno
1038 3235 1123 3306 sicut
1157 3234 1451 3310 manducavenmt
1487 3252 1605 3335 patres
1642 3243 1747 3317 vestri

275 3381 400 3432 manna
433 3370 469 3432 et
501 3359 625 3432 mortui
656 3366 754 3430 sunt:
788 3355 846 3448 qui
880 3356 1065 3428 manducat
1097 3355 1187 3426 hunc
1212 3375 1354 3448 panem,
1382 3358 1475 3432 vivet
1500 3361 1535 3432 in
1561 3373 1747 3434 aeternum.

274 3472 407 3552 5⁹llaec
432 3479 520 3562 dtxit
543 3481 577 3552 iu
603 3497 782 3574 synagoga
809 3475 941 3548 docens
966 3476 1001 3548 in
1027 3475 1272 3570 capharnaum.
1324 3467 1352 3514 ⁶⁰
1367 3479 1460 3552 ltlulti
1487 3503 1574 3574 ergo
1602 3483 1746 3555 audien·
1870 3517 1874 3534 ·

276 3610 328 3672 tes
354 3622 401 3672 ex
427 3599 601 3694 discipulis
634 3599 708 3670 cius
735 3595 896 3670 dixerunt
920 3597 1033 3670 Durus
1067 3605 1121 3668 est
1153 3596 1209 3666 bic
1242 3609 1375 3668 sermo:
1409 3599 1485 3692 quis
1518 3611 1636 3696 potest
1667 3623 1745 3674 eum
1869 3623 1883 3647 ν

275 3719 420 3792 audire‘l
462 3711 485 3756 ⁰¹
506 3719 625 3790 Sciens
652 3727 765 3790 autem
791 3717 885 3788 lesus
912 3717 1005 3810 apud
1031 3725 1143 3788 semet
1167 3717 1278 3810 ipsum
1305 3719 1385 3810 quuia
1418 3733 1668 3802 murmurarent
1701 3721 1746 3796 de
1819 3710 1822 3718 ’

274 3839 342 3914 hoc
368 3840 524 3936 discipuli
551 3839 635 3924 eius,
662 3839 750 3910 dixit
775 3837 826 3908 eis
851 3837 926 3910 Hoc
950 3859 1015 3910 vos
1042 3837 1275 3910 scandalizat?
1318 3829 1432 3888 amn.)
1451 3840 1486 3912 Si
1503 3861 1588 3935 ergo
1614 3843 1746 3919 videri-

276 3961 317 4032 tis
343 3960 445 4034 lilium
481 3959 628 4030 bominis
664 3957 909 4032 ascendentem
942 3957 1001 4030 ubi
1035 3967 1110 4030 erat
1139 3958 1259 4052 prius‘l
1302 3948 1417 4004 md)
1431 3960 1593 4084 Spiritu}
1608 3973 1663 4034 est
1688 3965 1744 4057 qui

271 4079 429 4166 vivificat
458 4101 540 4152 caro
566 4100 635 4150 non
660 4078 805 4174 prodest
830 4077 1029 4170 quicquam:
1058 4069 1146 4123 (ΗΜ)
1166 4079 1276 4150 verba
1301 4099 1390 4172 quae
1417 4101 1486 4172 ego
1512 4081 1645 4154 locutus
1669 4106 1745 4156 som

273 4201 374 4272 vobis
400 4199 536 4293 spiritus
563 4209 597 4270 et
622 4199 691 4272 vita
718 4207 804 4270 sunt.
856 4185 970 4295 {ised
1004 4208 1083 4280 sunt
1108 4197 1247 4291 quidam
1275 4219 1322 4269 ex
1353 4200 1454 4272 vobis
1489 4202 1546 4293 qui
1573 4223 1641 4274 uon
1667 4225 1745 4274 ore-

274 4319 366 4392 dunt
399 4307 631 4390 lul-Sciebat
664 4319 754 4390 enim
788 4319 834 4392 ab
868 4317 960 4388 initio
993 4318 1089 4389 lesus
1123 4319 1180 4412 qui
1216 4327 1333 4392 esseut
1365 4319 1567 4406 credentes,
1601 4327 1637 4392 et
1670 4321 1745 4413 quis

273 4439 456 4542 traditurus
482 4447 577 4510 esset
602 4460 691 4510 eum.
742 4429 871 4504 *wil
888 4437 932 4508 Et
957 4437 1095 4508 dicebat
1120 4438 1309 4533 Propterea
1343 4440 1416 4512 dixi
1441 4442 1542 4512 vobis
1576 4441 1654 4534 quia
1681 4462 1745 4512 ne·-

272 4581 331 4632 mo
356 4567 472 4654 potest
506 4558 623 4630 venire
658 4559 703 4634 ad
735 4577 792 4628 me
817 4557 881 4628 nisi
913 4558 1014 4630 buerit
1039 4559 1071 4629 ei
1099 4558 1216 4630 datum
1242 4581 1263 4632 a
1289 4569 1387 4654 patre
1415 4583 1505 4632 meo.
1557 4551 1583 4596 ⁶⁶
1599 4562 1653 4632 Ex
1679 4563 1746 4634 boc

273 4679 367 4750 multi
393 4677 636 4772 discipulorum
663 4680 738 4752 eius
764 4678 921 4750 abierunt
945 4687 1048 4765 retro,
1075 4688 1110 4752 et
1135 4680 1203 4750 iam
1230 4701 1300 4764 non
1327 4702 1403 4752 cum
1431 4681 1488 4752 illo
1516 4682 1744 4754 ambulabant

270 4789 296 4834 ⁶⁷
313 4797 406 4868 Dixit
432 4819 517 4892 ergo
543 4799 638 4872 lesus
665 4799 710 4872 ad
736 4797 921 4870 duodecim
939 4798 1109 4891 Numquid
1136 4807 1172 4870 et
1196 4821 1261 4888 vos
1278 4800 1378 4872 vultis
1396 4800 1527 4872 abire?-
1544 4792 1571 4838 ω
1587 4789 1663 4848 (Μ)
1676 4801 1745 4872 lle-

273 4917 411 5011 spondit
443 4939 529 5011 ergo
564 4918 595 4990 ei
629 4919 745 4992 Simon
785 4917 917 4988 Petrus·
938 4918 1099 5004 Domine,
1134 4917 1179 4990 ad
1214 4939 1315 5011 quem
1343 4920 1491 4992 ibimus‘l
1516 4921 1629 4996 verba
1655 4923 1745 4996 vitae

271 5045 432 5110 aetarnae
471 5039 594 5124 babes,
644 5029 670 5074 ⁰⁰
687 5047 723 5110 et
753 5057 817 5108 uos
850 5037 1059 5110 credidimus
1099 5047 1135 5108 et
1167 5040 1392 5131 cognovimus
1418 5041 1558 5135 quintu
1585 5043 1747 5116 esChri·

271 5169 344 5230 stus
377 5157 464 5230 lilius
496 5159 563 5232 dei.
616 5149 742 5203 ”imi
760 5156 949 5251 Respondit
980 5158 1031 5230 eis
1063 5157 1158 5229 lesus
1192 5159 1313 5232 Nonne
1348 5183 1434 5255 ego¹
1463 5183 1529 5234 vos
1562 5163 1746 5238 duodecim

862 5278 911 5362 Vl,
941 5275 987 5348 t3
1017 5317 1065 5328 —
1093 5271 1149 5352 70.
