4242 6118
573 427 760 492 odetuna
786 431 1002 496 mortomar
1027 431 1231 498 SECUNDUM
1255 427 1415 492 nancta
1705 420 1748 488 61

333 631 616 706 XVll.'IIerodes
643 639 767 703 tenens
792 631 981 706 Iohannem
1009 630 1295 708 discunentis
1322 629 1450 702 occidit
1477 637 1651 724 caputque
1679 623 1755 698 eius

453 749 642 823 saltationis
668 749 863 852 praemium
889 750 924 821 in
951 751 1049 824 dIsco
1076 751 1167 822 filiae
1194 748 1308 820 tradit.
1805 848 1808 857 Ι

319 887 430 960 XVIII.
456 887 510 958 Ite
536 882 688 976 quinque
722 885 871 978 panibus
898 893 934 956 et
959 886 1099 958 duobus
1124 882 1278 978 pIsthus
1305 881 1458 976 quinque
1483 881 1635 954 virorum
1663 875 1755 952 mllia

454 1001 630 1078 saturavit.

350 1143 432 1214 XIX.
459 1142 590 1227 Quarta
615 1138 729 1210 noctis
754 1136 869 1230 vigila
895 1138 990 1207 venit
1016 1139 1064 1210 ad
1091 1135 1278 1228 discipulos
1304 1113 1490 1209 ambulans
1515 1155 1620 1234 supra
1643 1157 1754 1208 mare.

352 1261 423 1332 XX.
449 1259 625 1331 Accusant
657 1255 834 1328 PharIsaei
868 1251 1061 1347 dIscipulos
1095 1273 1167 1323 uon
1191 1251 1270 1325 lotis
1302 1255 1466 1326 manibus
1492 1253 1754 1341 manducantes,

457 1388 494 1449 et
518 1378 740 1468 increpantur
766 1375 811 1446 ab
837 1393 883 1444 eo
911 1371 957 1443 de
983 1379 1173 1464 parentum
1203 1369 1435 1468 inspretione,
1468 1373 1525 1445 vel
1559 1375 1604 1448 de
1630 1376 1758 1448 ceteris

457 1505 657 1589 exponente
685 1515 775 1586 quae
805 1486 955 1586 'possint
980 1487 1167 1559 hominem
1191 1489 1385 1583 inquinare.

349 1617 435 1687 XXI.
461 1614 611 1686 Muheris
638 1611 911 1706 syrophenissae
937 1607 1050 1680 filiam
1080 1629 1101 1678 a
1131 1607 1315 1681 daemonio
1341 1609 1480 1683 liberat.
1513 1687 1518 1700 ,

327 1735 428 1807 XXII.
455 1733 548 1806 blato
562 1731 757 1824 surdoque
781 1749 907 1801 vocem
935 1727 1131 1800 restituens
1158 1727 1238 1800 dicit
1261 1727 1390 1798 Edeta.

315 1853 429 1926 XXIII.
455 1853 509 1924 De
536 1863 674 1946 septem
700 1847 846 1944 panibus
872 1855 908 1917 et
933 1844 1062 1942 paucis
1088 1846 1261 1940 pisciculis
1289 1855 1464 1940 quattuor
1486 1853 1658 1931 bominum
1677 1859 1768 1934 milia

459 1970 635 2043 saturavit.

305 2091 434 2189 XXIIII.
460 2087 656 2160 PbarIsaeis
684 2085 819 2177 signum
852 2082 1103 2175 quaerentibus
1138 2083 1214 2159 dari
1247 2093 1372 2180 negat,
1413 2103 1448 2165 et
1483 2093 1676 2170 doctrinam
1703 2121 1769 2172 eo·
1822 2177 1826 2186 ,
1955 2143 1971 2162 ,-

462 2229 538 2279 rum
565 2204 747 2299 praecepit
773 2201 838 2273 sub
865 2199 1025 2272 fermenti
1054 2191 1194 2277 nomine
1220 2209 1523 2301 praecavendum.

337 2317 438 2400 XXV.
466 2325 614 2398 Caecum
641 2321 806 2416 paulatim
833 2329 931 2392 curat
956 2329 991 2390 et
1016 2331 1057 2392 ut
1083 2322 1209 2394 nemini
1237 2325 1371 2400 diceret
1396 2329 1558 2422 Imperat.

321 2445 436 2518 XXVI.
462 2439 755 2534 Interrogantibus
782 2459 885 2531 quem
904 2457 985 2508 eum
1004 2435 1172 2528 dicerent,
1201 2443 1324 2518 Petrus
1343 2447 1516 2518 ChrIstum
1535 2447 1593 2518 dei
1618 2453 1766 2527 confite-

467 2571 531 2647 tur,
551 2570 586 2632 et
603 2581 689 2631 mox
703 2559 782 2652 quia
800 2557 942 2629 domino
960 2577 1146 2650 passurum
1165 2583 1204 2632 se
1223 2563 1349 2637 dicenti
1362 2561 1588 2637 ‘eonnadicit
1601 2572 1765 2662 arguitur.

313 2683 441 2756 XXVII.
470 2681 536 2766 Qui
561 2679 684 2773 perdit,
711 2677 826 2770 inquit,
855 2673 1004 2747 ardmam
1031 2697 1132 2784 snam
1158 2691 1304 2774 propter
1328 2705 1395 2768 mc,
1423 2681 1553 2754 Invenit
1571 2706 1668 2756 earn:
1696 2714 1764 2764 nec

466 2807 665 2892 gustaturos
692 2795 864 2889 quosdam
891 2801 1040 2866 mortem
1068 2799 1183 2870 donec
1208 2801 1352 2875 videant
1379 2823 1459 2873 eum
1477 2797 1512 2869 in
1529 2821 1640 2894 regno
1667 2807 1760 2882 eius:

468 2917 653 3008 statimque
679 2913 942 3006 transfiguratus
967 2909 1148 3001 inducitur,
1176 2927 1211 2988 et
1237 2919 1427 2993 Iohannem
1454 2917 1573 2991 Heliae
1620 2930 1760 3018 passuri

468 3039 545 3131 Ipse
572 3033 692 3106 slmilia
717 3055 860 3128 passum
887 3029 977 3102 dicit.
1720 3028 1728 3044 “

302 3171 443 3246 XXVIII.
470 3171 589 3243 Omnis
620 3171 769 3264 populus
793 3167 916 3239 videns
943 3167 1120 3240 domiuum
1147 3191 1342 3262 pavescens
1377 3192 1635 3268 occurrensque
1662 3179 1756 3250 salu-

468 3301 534 3362 tat:
562 3297 598 3360 et
622 3287 710 3359 filins
744 3286 921 3358 cuiusdam
956 3285 1229 3360 incredulitatem
1263 3311 1362 3363 suam
1389 3287 1499 3362 iuvari
1531 3295 1707 3385 precantis
1734 3319 1756 3368 a

471 3407 657 3480 daemonio
683 3405 855 3478 hheratur.
1205 3387 1210 3396 ’

328 3543 444 3616 XXIX.
471 3543 692 3616 Tradendum
719 3562 759 3613 se
784 3539 1037 3636 praenuntians,
1065 3551 1100 3612 et
1126 3539 1314 3634 dsdpulos
1341 3539 1424 3633 quid
1461 3541 1495 3612 in
1522 3544 1579 3616 tia
1606 3555 1753 3618 tractas-

469 3673 546 3734 sent
571 3662 796 3753 interrogans,
824 3659 929 3732 docet
954 3659 1138 3754 primatum
1164 3681 1234 3732 non
1261 3681 1342 3732 esse
1368 3661 1617 3753 quaerendum.

341 3781 443 3853 XXX.
469 3782 635 3852 Virtutem
668 3781 702 3851 in
732 3779 805 3852 airus
838 3777 977 3850 nomine
1010 3779 1175 3853 facIentes
1207 3801 1278 3854 non
1313 3779 1390 3852 sinit
1422 3777 1617 3876 prohiberi,
1645 3785 1752 3858 etde

469 3899 664 3972 abscisione
691 3899 926 3969 membrorum
954 3897 1257 3970 scandalizantium
1283 3895 1471 3991 figuraliter
1498 3900 1612 3974 docet.

323 4019 438 4090 XXXI.
467 4019 672 4091 Pharisaeos
699 4015 744 4088 de
771 4037 882 4088 uxore
900 4015 1103 4090 dimittenda
1122 4026 1328 4112 quaerentes
1345 4019 1433 4092 Mosi
1451 4021 1646 4092 testImonio
1665 4041 1751 4093 con-

469 4138 581 4224 vincit,
608 4148 644 4209 et
670 4137 815 4207 inientes
843 4159 863 4208 a
890 4156 931 4207 se
957 4137 1067 4208 vetari
1094 4137 1283 4230 prohibens
1309 4136 1493 4211 benedicit.

313 4255 442 4327 XXXII.
468 4257 521 4326 De
548 4255 744 4326 difficultate
771 4255 913 4326 divitum
939 4256 1085 4328 intrandi
1110 4255 1144 4326 in
1170 4275 1315 4348 regnum
1343 4255 1401 4328 dei
1419 4257 1620 4330 mirantibus
1644 4257 1749 4328 disci-

469 4374 557 4468 pulis
597 4375 644 4446 ait
684 4383 918 4445 contemtores
955 4374 1126 4446 bonorum
1167 4374 1395 4448 saecularium
1434 4378 1630 4472 centuplum
1671 4397 1749 4446 oum

469 4492 767 4587 persecutionibus
794 4503 1007 4586 recepturos.

300 4631 440 4704 XXXIII.
467 4631 549 4700 Item
585 4628 792 4722 praedicens
825 4651 864 4700 se
898 4629 1143 4714 occidendum,
1180 4630 1286 4702 sedes
1318 4639 1478 4723 petentes
1504 4629 1668 4702 Iacobum
1695 4628 1750 4697 in-

470 4757 590 4840 crepat
616 4757 651 4818 et
676 4749 873 4833 Iohannem,
901 4748 947 4819 de
973 4749 1163 4844 principatu
1190 4750 1335 4842 gentiles
1353 4749 1542 4842 prohibens
1564 4745 1749 4818 Imitandus

467 4866 661 4938 humilitatis
687 4867 849 4960 exemplo
875 4877 1077 4940 monstrato.

282 5003 433 5074 XXXIIII.
460 5003 675 5075 Bartimaeus
701 5023 827 5074 caeam
854 5001 1054 5074 mendicans
1081 5002 1296 5074 iuluminatur
1322 5013 1357 5073 et
1382 5002 1545 5095 sequitur.

311 5121 441 5192 XXXV.
467 5121 563 5192 Mittit
589 5120 715 5193 adduci
740 5122 868 5214 pullum
896 5120 1031 5205 asinae,
1060 5121 1112 5191 cui
1141 5119 1269 5192 sedens
1296 5121 1391 5194 audit
1423 5144 1444 5194 a
1471 5121 1580 5194 turbis
1607 5141 1748 5192 osanna.

297 5241 439 5312 XXXVI.
468 5241 638 5332 Egressus
665 5240 712 5312 de
739 5239 867 5330 templo
895 5237 1062 5312 ficulneae
1089 5239 1277 5326 maledicit,
1314 5261 1564 5338 regressusque
1591 5237 1749 5312 vendeu-
