4220 6124
753 382 932 448 uramus
957 381 1009 446 nn
1036 379 1263 450 eoamrems
1289 383 1310 448 1.
1700 371 1773 454 ete

297 593 434 666 domini.
484 583 512 632 ¹⁸
527 590 658 662 Probet
690 598 805 661 autem
840 609 879 658 se
911 588 1024 682 ipsum
1057 589 1184 670 bomo,
1218 587 1329 659 etsie
1362 587 1408 658 de
1433 604 1524 682 pana
1550 590 1607 662 illo
1634 587 1717 660 edat
1741 597 1778 658 et

297 713 343 784 de
375 713 481 784 aetite
514 712 619 784 bibat.
671 701 698 748 ¹⁹
715 709 781 794 Qui
815 709 905 779 enim
937 707 1128 780 manducet
1160 718 1196 778 et
1229 707 1315 780 bibit
1339 705 1498 801 indigne,
1525 709 1685 782 iudieiurn
1712 705 1777 790 sibi

296 832 481 906 manducat
506 843 542 904 et
565 831 653 904 bibit
674 851 746 901 non
772 829 960 902 diiudieuns
986 823 1152 922 eorpus‘.
1204 819 1325 901 aiIdeo
1351 830 1440 901 inter
1463 851 1527 902 vos
1545 831 1639 902 multi
1655 827 1776 902 infirmi

297 963 333 1024 et
357 951 533 1024 inbecilles
558 962 646 1036 sunt,
673 961 710 1022 et
734 949 908 1022 dormiunt
934 949 1038 1020 multi.
1095 938 1119 986 ³¹
1137 947 1241 1034 Quod
1266 949 1295 1020 si
1325 959 1463 1022 nosmet
1487 950 1583 1044 ipsos
1609 949 1776 1023 diiudica-

296 1093 422 1157 ramm,
447 1093 519 1144 non
543 1072 661 1164 utique
686 1069 931 1142 iudicaremur:
973 1061 1102 1140 ³²dum
1128 1069 1320 1142 iudicamur
1345 1081 1471 1154 eutem,
1499 1071 1678 1142 adomino
1696 1091 1776 1142 eor-

296 1193 452 1287 ripimur‚
487 1202 524 1263 ut
556 1213 625 1262 nou
658 1213 735 1262 oum
771 1191 838 1262 hee
863 1189 993 1262 mundo
1025 1188 1242 1262 damnemur.
1294 1180 1383 1238 W>
1396 1191 1522 1284 ltaque,
1549 1191 1670 1262 iratres
1696 1191 1774 1272 mei,

298 1333 375 1384 cum
407 1313 595 1384 convenitis
629 1311 676 1382 ad
706 1311 997 1394 manducandum,
1031 1308 1178 1380 invicem
1206 1296 1399 1404 expectate.
1452 1300 1479 1344 ³⁴
1496 1309 1530 1378 Si
1557 1311 1633 1402 quis
1659 1311 1773 1394 esurit

297 1434 392 1505 domi
417 1431 610 1516 manducet,
636 1443 769 1503 utnon
796 1431 829 1500 in
854 1429 1014 1504 iudicium
1042 1429 1262 1502 conveniatis.
1315 1431 1437 1502 Cetera
1464 1439 1578 1500 autem
1605 1451 1683 1502 eum
1709 1453 1772 1502 ve-

296 1573 382 1624 nero
408 1554 599 1647 disponam.

1003 1815 1068 1894 xu.

373 2022 448 2078 ΗΜ)
464 2035 516 2105 De
542 2033 748 2129 spiritalibus
775 2043 889 2104 autem
915 2033 996 2102 noto
1022 2051 1087 2102 vos
1112 2031 1281 2124 ignorare,
1308 2033 1440 2102 iratres.
1467 2021 1589 2102 'Scitis
1608 2033 1769 2124 quoniam

297 2173 375 2224 cum
401 2163 523 2245 gentas
548 2155 680 2238 essetis,
707 2153 754 2224 ad
779 2151 985 2224 simulachra
1010 2159 1104 2222 muta
1128 2163 1230 2245 prout
1246 2149 1467 2224 duoebamiui
1485 2161 1617 2223 euntes.
1659 2143 1768 2224 ³ldeo

295 2281 413 2344 notum
447 2275 549 2346 vobis
580 2275 670 2346 iaaio
703 2271 800 2366 quod
833 2293 938 2344 nemo
970 2270 1004 2340 in
1038 2271 1158 2364 spiritu
1190 2272 1248 2344 dei
1285 2271 1431 2364 loquens
1465 2269 1545 2342 dicit
1577 2271 1768 2346 Anatbema

294 2393 380 2476 lesu,
407 2402 443 2464 et
467 2415 571 2466 nemo
603 2388 747 2488 'potens
773 2393 891 2465 dieere
915 2390 1081 2462 Dominus
1107 2392 1211 2477 lesus,
1239 2391 1302 2462 nisi
1328 2391 1363 2462 iu
1381 2390 1500 2484 spiritu
1517 2402 1646 2464 sancto.
1682 2381 1768 2464 *ui-

294 2512 446 2609 visionee
471 2535 556 2586 vero
583 2513 768 2606 gratiarum
795 2521 882 2596 sunt,
909 2511 1002 2584 idem
1029 2519 1144 2582 autem
1171 2510 1325 2604 spiritus:
1368 2502 1429 2583 ⁵et
1454 2509 1640 2584 divisiones
1667 2514 1766 2584 mini-

294 2633 494 2705 strationum
520 2644 606 2718 sunt
633 2633 726 2706 idem
752 2642 868 2706 autem
894 2630 1067 2704 dominus:
1111 2623 1178 2702 ⁶et
1203 2629 1390 2703 divisiones
1416 2631 1652 2725 operationum
1679 2645 1765 2719 sunt,

294 2751 387 2826 idem
412 2775 498 2825 vero
525 2753 613 2826 dene
639 2755 697 2847 qui
724 2763 887 2848 operatur
913 2752 1027 2824 omnia
1053 2751 1087 2821 iu
1114 2751 1282 2822 omuibus.
1321 2742 1534 2846 'Unicuique
1560 2762 1675 2824 autem
1701 2755 1766 2826 da·
1829 2824 1832 2838 ,

293 2881 347 2945 tur
373 2873 599 2946 manifestatio
626 2873 762 2966 spiritus
788 2873 836 2946 ad
861 2871 1046 2944 utibtatam.
1098 2863 1191 2942 8ΑΙίἰ
1217 2871 1356 2964 quidem
1388 2891 1453 2964 par
1485 2871 1638 2966 spiritum
1665 2875 1766 2948 detur

294 3013 412 3064 sermo
439 2993 636 3088 sapientiae,
664 2993 719 3064 aiii
743 3003 860 3065 autem
886 3013 1001 3064 sermo
1028 2993 1192 3064 scientiae
1218 2992 1407 3064 seeundum
1434 2991 1583 3064 eundem
1600 2995 1763 3087 spiritum,

294 3107 418 3184 ⁹eltari
443 3111 531 3184 noes
557 3113 592 3182 in
617 3112 745 3184 eedem
771 3111 899 3207 spiritu,
928 3113 982 3184 aiii
1009 3111 1119 3202 gratia
1145 3111 1325 3183 sanitatum
1351 3111 1386 3181 in
1411 3133 1480 3182 uno
1506 3112 1638 3206 spiritu,
1672 3107 1765 3186 ¹⁰uiii
1892 3127 1896 3133 '

295 3232 452 3324 operatio
477 3232 647 3314 virtutum,
675 3231 729 3302 elii
754 3231 948 3327 prophetie,
974 3231 1029 3301 elii
1056 3229 1218 3304 dboreuo
1246 3225 1438 3326 spirituum,
1466 3231 1521 3302 elii
1546 3253 1675 3324 genera
1699 3231 1763 3304 liu·-

293 3373 453 3444 guarnm,
487 3351 542 3422 eiii
573 3351 829 3445 interpraetatio
869 3373 1081 3424 sermonum:
1131 3343 1154 3387 ⁴¹
1173 3351 1261 3424 been
1294 3361 1410 3425 autem
1450 3351 1565 3424 omnia
1602 3363 1764 3446 operatur

293 3491 381 3542 unus
412 3481 516 3564 atque
548 3469 642 3542 idem
674 3471 828 3564 spiritus,
869 3471 1027 3543 dividens
1059 3470 1198 3563 siugulis
1229 3482 1333 3567 prout
1364 3471 1444 3543 vult.
1495 3463 1523 3510 ⁴²
1538 3471 1631 3544 Sicut
1672 3474 1763 3544 enim

293 3611 421 3686 eorpus
447 3607 550 3664 nuum
576 3601 632 3662 est
655 3599 691 3662 et
714 3591 872 3662 membra
897 3591 1003 3663 babet
1028 3591 1143 3677 multa,
1171 3593 1286 3665 omniu
1312 3591 1608 3664 amemmembra
1634 3613 1761 3688 eorpo-

292 3712 340 3783 ris
365 3733 444 3784 eum
471 3709 537 3783 sint
561 3711 666 3782 multa
692 3727 796 3783 unum
823 3731 949 3805 empus
975 3717 1061 3796 sunt,
1088 3711 1134 3784 ita
1159 3722 1195 3783 et
1220 3712 1389 3784 Christus:
1441 3705 1467 3750 ¹³
1483 3712 1608 3784 etenim
1633 3713 1667 3784 in
1692 3733 1761 3784 uno

292 3833 410 3927 spirita
436 3852 559 3904 omnes
583 3853 649 3902 nea
674 3831 709 3902 in
733 3851 838 3904 unum
864 3853 992 3926 eorpus
1017 3831 1179 3924 baptizati
1205 3853 1333 3916 sumus,
1360 3833 1434 3904 sive
1450 3831 1567 3906 ludaei
1583 3833 1657 3904 siva
1674 3853 1761 3926 gen-

291 3953 377 4038 tiles,
404 3953 478 4025 sive
503 3952 594 4025 servi
620 3952 695 4024 eive
717 3952 825 4037 tiberi,
852 3963 888 4023 et
914 3969 1036 4024 omnes
1060 3967 1165 4024 unum
1182 3951 1336 4046 spiritum
1353 3952 1461 4046 potati
1478 3975 1604 4026 snmus.
1630 3943 1657 3990 ⁴⁴
1672 3951 1760 4026 Nam

292 4084 328 4144 et
353 4091 480 4168 eorpus
513 4091 584 4144 non
614 4083 669 4144 est
697 4091 802 4144 unum
836 4073 1027 4145 membrum
1063 4071 1127 4145 sed
1153 4072 1266 4146 muita.
1318 4064 1344 4108 ⁴⁵
1362 4071 1397 4143 Si
1422 4073 1547 4144 dixerit
1571 4093 1636 4168 pes
1663 4075 1770 4160 Que-v

290 4195 382 4265 niam
406 4215 477 4265 non
502 4215 578 4266 sum
604 4215 737 4280 manus,
764 4215 834 4266 uon
860 4215 935 4266 sum
962 4193 1009 4266 da
1035 4215 1195 4288 eorpure:
1222 4215 1293 4266 non
1317 4191 1399 4264 iden
1425 4215 1496 4265 nnn
1529 4204 1584 4266 est
1608 4193 1654 4266 de
1681 4215 1760 4265 eor·
1811 4247 1819 4264 .

290 4309 402 4407 porei
445 4304 472 4350 ¹⁶
488 4315 525 4384 Si
559 4313 685 4386 dixerit
716 4315 807 4386 auris
840 4315 928 4400 Quia
963 4335 1033 4386 non
1064 4329 1140 4386 sum
1165 4314 1301 4397 ocum,
1326 4331 1396 4386 uon
1422 4333 1498 4384 sum
1523 4313 1758 4407 decerpere:
1821 4316 1825 4328 '

290 4455 359 4505 non
385 4431 466 4506 ideo
491 4456 561 4506 nou
586 4445 640 4506 est
666 4435 712 4506 de
738 4436 912 4527 corporei
955 4427 981 4470 Π
995 4435 1030 4505 Si
1063 4443 1171 4506 tutum
1204 4448 1332 4526 eorpus
1358 4433 1487 4518 emulus,
1513 4433 1572 4504 ubi
1598 4433 1758 4506 auditus?
1830 4493 1833 4500 ,

290 4553 318 4624 si
351 4563 459 4625 tetum
492 4555 643 4639 auditus,
684 4537 744 4625 ubi
775 4554 965 4626 odoratus?
1016 4545 1150 4626 ¹⁸Nunn
1182 4563 1296 4626 autem
1327 4552 1442 4646 posuit
1473 4553 1561 4624 deur
1593 4554 1757 4637 membra,

290 4675 559 4768 unumquodque
589 4694 709 4746 eorum
743 4674 777 4744 in
811 4687 961 4766 empore
991 4675 1078 4746 siant
1110 4674 1225 4746 valuit
1276 4664 1303 4710 ¹⁹
1320 4672 1422 4758 and
1448 4674 1477 4743 si
1503 4684 1619 4745 essent
1645 4674 1759 4746 omnia

288 4817 392 4866 rmum
426 4797 636 4880 membrum,
669 4794 729 4866 ubi
760 4795 913 4886 eorpus?
955 4786 982 4832 ’⁰
998 4794 1096 4866 Nune
1128 4803 1242 4865 autem
1274 4793 1379 4864 muita
1418 4793 1557 4886 quidem
1591 4795 1757 4878 membra,

288 4937 393 4986 uuum
426 4927 541 4988 eutem
574 4936 708 5009 eorpus.
759 4905 783 4952 ²¹
802 4913 880 4984 Non
911 4922 1170 5006 potestantem
1203 4912 1319 5000 dicere
1353 4893 1472 4986 oeuins
1503 4915 1618 4986 manui
1644 4915 1758 5008 Opera

288 5045 346 5108 tua
377 5058 447 5108 non
478 5035 634 5129 indigeo,
662 5043 719 5106 aut
752 5035 873 5106 iterum
905 5043 1007 5126 caput
1041 5032 1187 5126 pedibus
1219 5031 1296 5104 Nou
1329 5034 1411 5106 estis
1444 5035 1525 5106 mibi
1558 5034 1756 5106 necessarii:

285 5147 312 5194 ¹²
325 5155 390 5227 sed
415 5156 522 5228 multo
558 5156 667 5247 magis
695 5177 783 5249 quae
809 5153 967 5225 videntur
1000 5153 1156 5224 membra
1188 5154 1344 5246 eorporis
1376 5154 1560 5227 infirmiora
1587 5175 1667 5226 esse
1692 5149 1755 5225 ne-

830 5273 882 5358 Xl,
911 5275 958 5347 28
988 5311 1033 5325 -
1062 5274 1127 5358 xu,
1157 5275 1214 5348 22.

1376 5394 1455 5464 35*
