4146 6120
373 355 446 424 350
918 351 1099 415 EPlSTULh
1124 351 1176 415 hu
1204 355 1314 415 'l'lTlllll

324 603 330 624 ·
372 569 504 646 ament,
532 559 619 630 lilios
647 557 803 649 diligant,
847 545 1080 650 ⁵prudentes,
1109 565 1240 642 castas,
1273 555 1400 628 domus
1426 579 1543 629 curam
1570 557 1752 642 habentes,
1787 559 1856 628 he-

372 684 509 774 nignas,
537 679 693 750 subditas
719 677 790 747 suis
816 677 914 760 viris,
941 687 1074 749 utnon
1099 676 1361 770 blasphemetur
1385 677 1532 750 verbum
1559 677 1626 750 dei.
1678 669 1857 749 ⁶luvenes

372 803 525 874 similiter
557 799 696 868 hortare
729 805 766 867 ut
797 797 903 868 sobrii
937 797 1012 867 sint
1064 788 1129 867 7lu
1165 797 1325 868 omnibus
1357 807 1392 868 te
1424 799 1537 892 ipsum
1569 799 1701 892 praebe
1728 820 1856 868 exem-

372 925 466 1016 plum
493 921 665 992 bonorum
692 938 853 1010 operum,
885 917 920 988 in
946 916 1101 990 doctrina
1134 917 1382 1010 integritatem,
1415 919 1638 1010 gravitatem,
1681 911 1857 990 ⁸verbum

238 1135 246 1148 ἣ
372 1065 494 1114 sanum
520 1037 899 1132 inrepraehensibilem,
925 1047 964 1108 ut
990 1029 1037 1108 ’is
1062 1037 1121 1130 qui
1146 1058 1196 1108 ex
1219 1037 1371 1110 adverso
1396 1048 1451 1110 est
1475 1049 1651 1123 vereatur,
1679 1039 1761 1110 nihil
1788 1039 1855 1111 ha-

370 1164 459 1234 bens
493 1162 621 1232 malum
651 1157 770 1229 dicere
803 1157 848 1229 de
880 1158 991 1230 nohis.
1042 1148 1103 1202 ””
1122 1159 1251 1228 Servos
1287 1157 1432 1229 dominis
1465 1159 1536 1230 suis
1570 1159 1729 1232 subditos
1761 1181 1854 1242 esse,

370 1283 405 1352 in
438 1281 597 1353 omuibus
629 1280 824 1372 placentes,
863 1298 934 1348 non
974 1276 1270 1362 contradicentes,
1314 1270 1340 1316 ¹⁰
1357 1300 1427 1350 non
1462 1280 1680 1364 fraudantes,
1716 1281 1786 1353 sed
1820 1282 1855 1351 in

265 1431 273 1446 ¹
371 1401 533 1475 omnihus
565 1399 673 1472 iidem
705 1399 835 1470 honam
868 1398 1110 1482 ostendentes,
1146 1407 1183 1468 ut
1218 1398 1409 1470 doctrinam
1441 1399 1622 1472 salvatoris
1653 1399 1712 1472 dei
1745 1403 1854 1472 nostri

371 1531 496 1594 ornent
519 1521 553 1590 irr
579 1519 747 1592 omnibus.
779 1511 801 1555 ”
816 1517 984 1613 Apparuit
1009 1519 1099 1590 euim
1126 1519 1246 1611 gratia·
1263 1519 1322 1592 dei
1345 1521 1527 1592 salvatoris
1553 1520 1716 1592 omnibus
1738 1519 1855 1592 homi-

371 1643 490 1726 nibus,
533 1633 559 1680 ”
575 1638 737 1712 erudiens
768 1661 852 1724 nos,
887 1649 925 1709 ut
955 1639 1170 1731 abnegantes
1194 1639 1405 1734 impietatem
1432 1649 1469 1710 et
1492 1639 1684 1712 saecularia
1709 1639 1854 1712 deside-

371 1764 421 1834 ria
447 1761 565 1834 sobrie
591 1771 626 1832 et
650 1761 741 1832 iuste
767 1769 803 1832 et
827 1759 885 1852 pie
910 1760 1068 1830 vivamus
1091 1759 1125 1828 in
1149 1760 1218 1832 hoc
1235 1763 1395 1846 saeculo,
1429 1750 1456 1798 ⁴³
1469 1769 1697 1854 expectantes
1712 1761 1855 1832 beatam

371 1905 470 1976 spem
489 1891 526 1952 et
542 1881 728 1953 adventum
745 1880 879 1973 gloriae
895 1880 1012 1972 magni
1035 1879 1092 1950 dci
1114 1889 1150 1951 et
1173 1881 1353 1953 salvatoris
1375 1881 1484 1952 nostri
1500 1882 1578 1952 lesu
1596 1880 1731 1965 Christi,
1758 1868 1783 1916 ”
1795 1881 1856 1972 qui

371 2004 469 2076 dedit
494 2011 607 2074 semet
631 2001 744 2096 ipsum
770 2000 964 2095 pronubis,
991 2009 1029 2072 ut
1045 2021 1111 2072 nos
1128 1999 1315 2073 redimeret
1333 2002 1377 2074 ab
1397 2002 1490 2072 omui
1503 2001 1681 2094 iniquitate
1699 2011 1734 2071 et
1751 2023 1856 2070 muu-

371 2125 473 2196 daret
497 2123 562 2194 sihi
584 2123 750 2216 populum
776 2121 1035 2215 acceptabilem,
1061 2129 1270 2201 sectatorem
1294 2123 1467 2194 honorum
1486 2143 1644 2215 operum.
1675 2111 1857 2192 ⁴⁵‘⁵’Haee

371 2247 513 2338 loquere
540 2251 576 2314 ct
601 2242 790 2314 exhortare
816 2251 852 2312 et
877 2263 985 2334 argue
1013 2265 1088 2312 curn
1118 2243 1210 2312 omni
1236 2243 1393 2336 imperio.
1446 2243 1559 2314 Nemo
1585 2253 1620 2314 te
1647 2251 1855 2314 contemnat.

1089 2449 1137 2518 ΙΙΙ.

449 2577 639 2656 ¹Admone
665 2585 742 2654 illos
767 2583 978 2678 principibus
1005 2599 1040 2656 et
1066 2585 1294 2679 potestatibus
1320 2586 1479 2658 subditos
1504 2607 1596 2672 esse,
1622 2586 1714 2658 dicto
1739 2585 1857 2656 oboe-

373 2706 460 2790 dire,
488 2703 534 2776 ad
560 2725 661 2774 omne
689 2725 777 2798 opus
801 2703 931 2776 bonum
957 2714 1098 2798 paratos
1125 2725 1222 2790 esse,
1261 2699 1460 2778 'neminem
1488 2700 1759 2802 blasphemare,
1781 2727 1859 2776 non

371 2825 543 2917 litigiosos
569 2847 659 2909 esse,
686 2821 895 2909 'modestos
923 2846 1063 2896 omnem
1091 2825 1315 2898 ostendentes
1340 2826 1638 2900 mansuetudinem
1665 2827 1710 2899 ad
1733 2847 1859 2897 ornnes

372 2945 540 3016 homiues.
598 2937 775 3018 ³Eramus
809 2945 898 3016 enim
933 2955 969 3016 et
1001 2967 1067 3018 uos
1099 2945 1284 3038 aliquando
1320 2945 1537 3042 insipientes,
1575 2947 1758 3031 increduli,
1793 2968 1856 3016 cr-

372 3075 506 3150 rautes‚
540 3066 733 3136 servientes
764 3064 951 3138 desideriis
985 3075 1020 3138 et
1045 3065 1280 3159 voluptatibus
1305 3067 1422 3152 variis,
1455 3068 1490 3138 in
1515 3069 1641 3139 malitia
1668 3077 1703 3138 et
1727 3066 1860 3138 invidia

372 3196 535 3280 agentes,
561 3185 722 3274 odibiles,
751 3186 909 3258 odientes
934 3187 1098 3258 invicem:
1141 3174 1250 3260 *cum
1277 3196 1393 3258 autem
1419 3187 1610 3280 benignitas
1636 3195 1672 3258 et
1697 3186 1859 3258 humani-

371 3317 426 3378 tas
451 3307 610 3401 apparuit
636 3307 817 3380 salvatoris
843 3307 952 3378 nostri
977 3307 1054 3390 dei,
1092 3297 1193 3377 ⁵u0n
1219 3329 1262 3378 ex
1290 3309 1454 3400 operibus
1479 3307 1625 3379 iustitiae
1653 3329 1742 3399 quae
1767 3307 1858 3377 scci-

371 3449 450 3498 mus
476 3448 559 3512 nos,
591 3427 656 3498 sed
683 3427 874 3499 secundum
900 3449 1000 3500 suam
1026 3425 1300 3500 misericordiam
1327 3429 1444 3500 salvos
1470 3451 1537 3500 nos
1563 3427 1642 3500 lecit
1668 3448 1731 3522 per
1755 3427 1856 3497 lava-

372 3569 469 3618 crum
494 3548 768 3639 regenerationis
794 3556 831 3618 et
854 3548 1089 3620 renovationis
1114 3546 1252 3640 spiritus
1277 3547 1405 3633 sancti,
1441 3539 1572 3642 ⁶quem
1599 3547 1717 3618 effudit
1736 3547 1770 3617 in
1787 3567 1857 3618 nos

373 3667 512 3742 abunde
544 3687 609 3761 per
643 3668 811 3740 Christum
841 3671 955 3740 lesum
990 3669 1198 3740 salvatorem
1230 3677 1407 3754 nostrum,
1447 3659 1511 3740 ἰιι
1542 3667 1712 3740 iustificati
1743 3668 1858 3759 gratia

370 3787 479 3880 ipsius
503 3787 654 3859 heredes
681 3787 789 3860 simus
814 3789 1006 3862 secundum
1032 3811 1132 3884 spem
1158 3787 1249 3859 vitae
1276 3798 1449 3860 aeternae.
1501 3778 1564 3834 ’(”
1579 3787 1705 3860 Fidelis
1735 3807 1855 3858 sermo

254 3919 264 3942 ·
372 3915 435 3990 est,
462 3919 498 3976 et
523 3907 571 3980 de
595 3908 649 3980 his
674 3910 757 3981 volo
783 3919 818 3980 te
845 3908 1062 3995 confirmare,
1086 3919 1126 3979 ut
1150 3918 1269 3980 curent
1290 3909 1392 3980 bouis
1416 3907 1582 4003 operibus
1605 3929 1771 4003 praeesse
1794 3909 1856 3999 qui

372 4027 517 4100 credunt
548 4027 628 4100 deo.
681 4031 776 4102 llaec
808 4039 886 4102 sunt
917 4031 1011 4102 bona
1045 4039 1081 4101 ct
1114 4029 1206 4100 utilia
1239 4028 1445 4100 homiuibus.
1498 4019 1560 4078 ”’)
1578 4031 1702 4102 Stultas
1735 4037 1854 4099 autem

261 4151 268 4162 “
372 4147 596 4240 quaestiones
623 4161 658 4222 et
683 4150 906 4244 genealogias
932 4159 967 4221 et
993 4149 1230 4222 contentiones
1257 4159 1293 4220 et
1322 4171 1458 4244 pugnas
1488 4149 1575 4242 legis
1608 4150 1742 4222 demta:
1775 4157 1856 4218 sunt

371 4268 462 4338 euim
496 4268 630 4340 inutiles
662 4280 698 4341 et
728 4291 850 4342 vanae.
903 4261 975 4318 ’(8)
992 4270 1190 4343 llereticuur
1222 4269 1397 4342 homiuem
1428 4278 1510 4363 post
1535 4293 1639 4343 uuam
1666 4279 1701 4340 et
1726 4289 1854 4338 secuu-

372 4387 454 4459 dam
481 4390 736 4482 correptionem
769 4390 902 4475 devita,
940 4382 962 4426 ”
978 4392 1092 4463 sciens
1118 4393 1197 4484 quia
1223 4390 1412 4462 subversus
1437 4393 1575 4486 estqui
1601 4388 1773 4490 eiusmodi
1795 4397 1854 4459 est

372 4519 406 4578 et
432 4507 598 4602 delinquit
623 4510 765 4605 proprio
792 4510 918 4582 iudicio
945 4513 1203 4598 condemnatus.
1243 4503 1270 4549 ¹²
1283 4499 1317 4558 ‘⁹'
1332 4511 1415 4583 Cum
1441 4513 1568 4584 misero
1595 4511 1642 4583 ad
1667 4519 1701 4580 te
1725 4507 1853 4579 Arthe-

371 4651 452 4700 man
479 4639 536 4700 aut
554 4630 750 4724 Tychicum,
777 4631 899 4704 lestina
927 4632 974 4704 ad
999 4655 1056 4704 me
1081 4631 1201 4702 venire
1218 4631 1453 4726 Nichopolim:
1479 4633 1527 4702 ihi
1549 4630 1640 4702 enim
1658 4630 1758 4700 statui
1776 4627 1854 4699 hie-

371 4771 477 4820 mare.
512 4741 538 4788 ⁴³
550 4751 665 4822 Zeuan
682 4751 769 4844 legis
787 4751 931 4846 peritum
951 4762 986 4822 et
1002 4750 1128 4846 Apollo
1146 4751 1289 4824 sollicite
1307 4753 1498 4845 praemitte,
1523 4761 1559 4824 et
1575 4751 1655 4822 nihil
1673 4750 1735 4820 ihis
1753 4749 1853 4820 desit.

371 4859 397 4906 ”
412 4871 555 4942 Discunt
586 4881 699 4944 autem
733 4882 769 4946 et
793 4873 902 4945 nostri
927 4873 1028 4946 bonis
1055 4872 1220 4965 operibus
1247 4895 1415 4966 praeesse
1440 4874 1489 4946 ad
1513 4893 1597 4944 usus
1623 4871 1853 4954 necessarios,

371 5001 409 5060 ut
439 5011 509 5062 non
540 4991 609 5062 sint
636 4993 842 5066 infructuosi.
895 4983 983 5040 '⁵⁰⁰'
1002 4993 1156 5064 Salutaut
1186 5003 1221 5064 te
1252 4993 1310 5086 qui
1335 5015 1472 5066 mecum
1498 5005 1577 5066 sunt
1602 5011 1733 5064 omues.
1786 4989 1854 5060 Sa-

370 5115 442 5184 luta
469 5111 617 5204 quinos
644 5125 761 5186 amant
786 5115 820 5186 iu
846 5112 926 5186 fide.
981 5113 1095 5186 Gratia
1121 5113 1179 5186 dci
1206 5135 1284 5186 cum
1312 5115 1470 5188 omnibus
1495 5111 1613 5196 vobis,
1641 5131 1751 5182 amen.

915 5249 1086 5312 EXPLICIT
1108 5249 1160 5311 AD
1181 5249 1304 5312 Tll'llld.

952 5451 1250 5462 ——.-.....—-
