4242 6118
368 397 416 469 48
756 397 996 463 EVANGELthl
1022 397 1226 460 SECUNDUM
1250 397 1454 462 lldTTllEUhl

241 611 247 624 '
366 629 472 677 unum
499 605 721 699 proselytum,
749 613 784 672 et
816 623 894 672 cum
921 602 1020 672 luerit
1046 603 1169 687 lactus,
1195 601 1305 673 facitis
1330 623 1409 672 eum
1436 603 1540 674 filium
1567 602 1747 694 gehennae
1773 601 1840 676 du-

366 728 424 820 plo
452 747 555 820 mam
582 745 656 794 vos.
709 717 735 762 ⁴⁶
746 724 818 794 Vae
844 722 955 806 vobis,
984 721 1091 792 duces
1117 722 1211 793 caeci
1238 721 1295 814 qui
1322 721 1434 792 dicitis
1461 723 1675 818 Quicumque
1700 723 1839 793 iurave-

366 848 409 918 rit
435 868 501 940 per
525 845 700 938 templum,
727 843 808 913 nihil
835 852 903 926 est;
940 843 997 934 qui
1025 853 1139 914 autem
1171 842 1334 913 iuraverit
1360 843 1394 913 in
1421 865 1541 915 aurum
1567 843 1695 938 templi,
1722 842 1840 914 debet.

366 960 392 1004 ⁴⁷
405 967 503 1037 Stulti
533 975 568 1036 et
595 965 699 1048 caeci,
726 963 809 1056 quid
835 943 925 1033 enim
951 963 1061 1033 maius
1088 971 1150 1048 est,
1178 985 1299 1033 aurum
1324 983 1368 1032 an
1393 965 1558 1058 templum
1589 962 1686 1058 quod
1712 964 1840 1034 sancti-

367 1086 447 1158 licat
473 1087 617 1157 aurum‘l
656 1075 684 1120 ⁴⁸
699 1085 741 1154 Et
767 1085 973 1177 quicumque
999 1083 1163 1153 iuraverit
1195 1083 1229 1154 in
1256 1084 1375 1168 altare,
1409 1085 1490 1155 nihil
1523 1095 1592 1169 est;
1622 1079 1697 1176 'qui
1724 1092 1837 1153 autem

314 1291 318 1314 Ι
366 1206 528 1278 iuraverit
553 1205 587 1276 in
613 1205 708 1276 dono
735 1202 831 1296 quod
858 1213 1041 1296 estsuper
1066 1203 1157 1287 illud,
1185 1201 1299 1274 debet.
1327 1195 1353 1240 ¹⁹
1366 1205 1477 1291 Caeci,
1511 1205 1594 1298 quid
1615 1205 1706 1274 enim
1727 1204 1837 1274 maius

267 1389 269 1396 .
367 1337 430 1411 est,
458 1326 587 1397 donum
613 1347 657 1396 an
683 1325 789 1394 altare
816 1323 911 1416 quod
945 1321 1134 1394 sanctificat
1165 1323 1319 1395 donum‘l
1363 1315 1391 1362 ¹⁰
1404 1325 1470 1410 Qui
1502 1345 1586 1417 ergo
1613 1325 1700 1394 iurat
1726 1325 1759 1394 in
1786 1325 1838 1394 al-

367 1456 450 1530 tare,
478 1445 565 1515 iurat
597 1443 630 1514 in
656 1465 701 1515 eo
728 1453 764 1514 et
797 1444 831 1512 in
858 1444 1017 1515 omnibus
1049 1464 1139 1536 quae
1166 1465 1272 1538 super
1304 1445 1386 1517 illud
1412 1455 1506 1516 sunt:
1558 1439 1580 1484 ²*
1597 1455 1633 1516 et
1658 1445 1716 1536 qui
1742 1445 1836 1514 iura-

367 1565 455 1636 verit
474 1565 508 1634 in
529 1566 680 1658 templo,
703 1565 790 1634 iurat
809 1564 844 1633 iu
861 1564 917 1633 illo
937 1571 972 1632 et
991 1563 1026 1632 in
1047 1584 1090 1636 eo
1117 1564 1174 1656 qui
1194 1565 1359 1636 inhabitat
1385 1566 1419 1636 in
1444 1567 1538 1660 ipso:
1577 1557 1603 1603 ²²
1617 1575 1651 1635 et
1669 1565 1726 1657 qui
1748 1565 1837 1634 iurat

367 1687 402 1755 in
428 1686 536 1770 caelo,
564 1687 650 1755 iurat
676 1685 710 1755 in
735 1684 859 1754 throno
887 1683 944 1754 dei
970 1693 1005 1754 et
1030 1685 1063 1754 in
1091 1705 1134 1755 eo
1161 1685 1219 1777 qui
1245 1685 1346 1756 sedet
1371 1707 1476 1779 super
1502 1707 1590 1759 eum.
1624 1673 1750 1732 ”ml
1764 1685 1836 1754 Vae
1971 1749 1974 1758 .

367 1805 478 1891 vobis,
505 1807 640 1877 scribae
667 1813 701 1876 et
718 1803 893 1874 Pharisaei
918 1803 1128 1898 hypocritae,
1156 1806 1236 1898 quia
1253 1805 1431 1878 decimatis
1449 1813 1598 1875 menam
1616 1813 1651 1874 et
1676 1803 1836 1874 anethum

240 1949 244 1956 ·
368 1937 402 1996 et
429 1926 611 2019 cyminum,
639 1933 674 1994 et
699 1924 884 2016 reliquistis
909 1945 999 2017 quae
1025 1925 1186 2017 graviora
1212 1933 1290 1995 sunt
1322 1925 1425 2016 legis,
1452 1924 1614 1996 iudicium
1640 1933 1676 1995 et
1701 1924 1836 1994 miseri-

368 2045 523 2117 cordiam
549 2054 584 2114 et
615 2043 736 2114 fidem:
770 2043 857 2114 haec
883 2045 1033 2137 oportuit
1064 2047 1179 2116 lacere
1213 2052 1248 2113 et
1278 2044 1335 2114 illa
1367 2065 1436 2114 non
1467 2043 1634 2115 omittere.
1685 2034 1838 2116 ”Duces

368 2165 473 2250 caeci,
501 2165 700 2236 excolantes
728 2165 880 2250 culicem,
908 2167 1076 2235 camelum
1103 2174 1218 2235 autern
1244 2164 1447 2256 gluttientes.
1499 2153 1627 2212 ”ml
1640 2165 1712 2236 Vae
1724 2166 1835 2250 vobis,

369 2284 506 2358 scribae
533 2295 568 2355 et
593 2283 768 2355 Pharisaei
794 2283 1005 2378 hypocritae,
1032 2283 1112 2376 quia
1138 2284 1310 2356 mundatis
1343 2282 1438 2377 quod
1471 2282 1601 2356 deforis
1625 2295 1687 2356 est
1720 2286 1836 2356 calicis

369 2417 405 2478 et
429 2404 643 2500 parapsidis,
669 2405 759 2474 intus
787 2413 901 2475 autem
934 2403 1024 2499 pleni
1050 2413 1128 2476 sunt
1160 2405 1279 2499 rapina
1306 2415 1341 2475 et
1372 2405 1580 2476 inmunditia.
1631 2398 1660 2444 ²⁶
1675 2405 1837 2478 Pharisae

369 2547 493 2612 caece,
520 2524 648 2596 munda
678 2525 772 2618 prins
806 2523 901 2616 quod
933 2525 1022 2595 intus
1057 2534 1112 2595 est
1143 2525 1259 2596 calicis
1292 2535 1327 2596 et
1352 2524 1564 2618 parapsidis,
1591 2535 1629 2596 ut
1653 2525 1712 2598 liat
1738 2537 1773 2598 et
1799 2527 1833 2598 id

358 2633 465 2740 ,quod
491 2644 619 2717 deforis
645 2653 698 2714 est
723 2643 896 2714 mundum.
927 2635 974 2682 '²'
988 2635 1075 2690 (Μ)
1089 2644 1161 2715 Vae
1193 2645 1296 2716 vobis
1331 2645 1468 2716 scribae
1500 2654 1536 2716 et
1566 2645 1741 2718 Pharisaei
1769 2646 1834 2740 hy-

368 2765 539 2860 pocritae,
576 2764 656 2857 quia
682 2764 809 2835 similes
843 2765 925 2836 estis
950 2763 1141 2858 sepulchris
1167 2764 1349 2850 dealbatis,
1377 2785 1466 2858 quae
1492 2765 1597 2845 aforis
1623 2775 1745 2859 parent
1770 2766 1834 2838 ho-

368 2885 516 2956 minibus
549 2885 724 2979 speciosa,
755 2884 844 2954 intus
877 2905 962 2955 vero
1003 2884 1102 2976 plena
1141 2895 1220 2956 sunt
1252 2884 1393 2956 ossibus
1426 2895 1639 2956 mortuorum
1673 2897 1707 2956 et
1741 2887 1833 2958 omni

370 3006 540 3100 spurcitia.
591 2995 618 3042 ²⁸
635 3005 691 3075 Sic
717 3013 751 3074 et
776 3025 842 3074 vos
869 3005 972 3075 aforis
999 3005 1138 3096 quidem
1163 3006 1292 3099 paretis
1319 3005 1514 3076 hominibus
1540 3007 1628 3093 iusti,
1655 3007 1744 3077 intus
1771 3027 1834 3078 au-

369 3137 438 3199 tem
469 3127 560 3221 pleni
591 3126 674 3196 estis
705 3123 879 3218 hypocrisi
911 3135 946 3195 et
977 3125 1162 3218 iniquitate.
1220 3116 1247 3162 ²⁹
1260 3116 1345 3172 (Μ)
1363 3126 1435 3197 Vae
1477 3126 1594 3212 vobis,
1633 3127 1769 3198 scribae
1800 3137 1835 3196 et

368 3247 543 3319 Pharisaei
581 3245 798 3339 hypocritae,
826 3244 883 3336 qui
919 3243 1107 3317 aedificatis
1142 3245 1324 3338 sepulchra
1356 3245 1601 3340 prophetarum
1639 3258 1674 3318 et
1704 3247 1833 3318 ornatis

369 3375 590 3439 monumenta
615 3365 791 3448 iustorum,
829 3355 856 3400 ³⁰
869 3373 903 3434 et
928 3363 1040 3436 dicitis
1067 3365 1102 3435 Si
1129 3365 1313 3437 fuissemus
1338 3367 1372 3436 in
1398 3365 1522 3438 diebus
1540 3376 1675 3462 patrum
1692 3379 1832 3440 nostro

356 3476 453 3572 rum,
479 3508 549 3558 non
575 3507 732 3572 essemus
759 3485 842 3554 socii
875 3507 996 3557 eorum
1027 3485 1253 3578 insanguine
1287 3485 1543 3581 prophetarum.
1595 3481 1618 3525 ³¹
1637 3490 1754 3582 ltaque
1779 3497 1833 3558 te-

369 3606 528 3677 stimonio
555 3605 638 3677 estis
663 3603 837 3675 vobismet
862 3605 945 3697 ipsis
972 3605 1051 3697 quia
1076 3603 1133 3674 filii
1161 3606 1242 3676 estis
1277 3627 1397 3677 eorum
1432 3608 1489 3701 qui
1523 3609 1712 3702 prophetas
1738 3609 1833 3680 occi-

368 3726 500 3797 derunt.
538 3717 565 3762 ³²
577 3716 678 3771 ‘wll'
704 3725 746 3794 Et
761 3746 827 3796 vos
844 3726 983 3818 implete
1001 3746 1196 3796 mensuram
1214 3735 1348 3818 patrum
1368 3738 1572 3799 vestrorum.
1605 3719 1631 3766 ³³
1648 3732 1832 3821 Serpentes

369 3846 540 3938 genimina
565 3845 769 3937 viperarum,
797 3846 975 3937 quomodo
1002 3845 1137 3936 sumetis
1164 3865 1184 3916 a
1210 3845 1336 3918 iudicio
1364 3847 1567 3940 gehennae?
1606 3836 1736 3894 ml)
1749 3847 1831 3917 ldeo

321 4043 326 4056 ‚
370 3985 454 4036 ecce
480 3985 546 4057 ego
573 3966 669 4036 mitto
697 3964 833 4036 advos
859 3965 1046 4058 prophetas
1073 3974 1108 4035 et
1140 3965 1313 4058 sapientes
1340 3977 1376 4036 et
1400 3967 1539 4050 scribas,
1568 3987 1613 4036 cx
1647 3966 1710 4036 illis
1736 3967 1831 4036 occi-

149 4107 154 4122 ·
253 4151 259 4168 ,
369 4085 458 4157 detis
485 4093 520 4155 et
546 4083 760 4177 crucifigetis,
790 4095 825 4155 et
850 4106 897 4156 ex
923 4085 974 4156 eis
1000 4085 1215 4176 flagellabitis
1241 4087 1276 4157 in
1310 4087 1498 4179 synagogis
1530 4087 1654 4157 vestris
1688 4095 1723 4156 ct
1749 4107 1831 4179 per·

368 4205 547 4300 sequimini
573 4204 618 4276 de
645 4205 781 4276 civitate
807 4205 842 4274 in
867 4204 1049 4290 civitatem,
1088 4197 1164 4276 ³⁵ut
1189 4207 1305 4277 veniat
1331 4227 1526 4300 supervos
1553 4206 1663 4276 omnis
1690 4209 1831 4299 sanguis

366 4327 474 4398 iustus
508 4325 566 4418 qui
600 4325 726 4396 effusus
759 4335 813 4396 est
846 4345 951 4418 super
982 4335 1125 4412 terram,
1161 4347 1182 4395 a
1215 4325 1381 4418 sanguine
1415 4325 1503 4397 Abel
1536 4326 1615 4397 iusti
1650 4327 1831 4420 usquead

348 4447 569 4538 ,sanguinem
603 4445 787 4515 Zachariae
820 4443 877 4514 lilii
909 4445 1112 4531 Barachiae,
1147 4467 1250 4538 quem
1284 4445 1459 4517 occidistis
1494 4447 1581 4518 inter
1606 4448 1770 4541 templum
1797 4459 1831 4518 et

367 4568 481 4637 altare.
539 4557 687 4652 theu
726 4565 805 4637 dico
836 4564 953 4648 vobis,
995 4566 1133 4636 venient
1166 4566 1253 4637 haec
1287 4567 1402 4637 omnia
1435 4589 1541 4660 super
1574 4567 1830 4658 generationem

367 4688 478 4758 istam.
516 4673 643 4732 ”ml
658 4685 869 4756 Hierusalem
896 4686 1119 4771 hierusalem,
1148 4707 1238 4780 quae
1264 4687 1393 4759 occidis
1420 4687 1609 4782 prophetas
1637 4697 1671 4757 et
1696 4689 1830 4782 lapidas

367 4829 431 4878 eos
458 4809 516 4900 qui
541 4805 588 4876 ad
613 4817 647 4877 te
674 4807 770 4877 missi
796 4815 882 4891 sunt,
910 4807 1045 4900 quoties
1071 4808 1164 4878 volui
1191 4827 1406 4901 congregare
1432 4807 1526 4879 filios
1547 4791 1633 4891 tuos,
1661 4808 1830 4899 quemad-

366 4925 509 4996 modum
535 4928 658 5018 gallina
685 4937 874 5019 congregat
899 4927 1011 5020 pullos
1039 4949 1123 4999 suos
1150 4929 1215 4998 sub
1243 4931 1325 5014 alas,
1353 4941 1387 5002 et
1420 4929 1565 5000 noluisti.
1618 4919 1746 5011 ³8Ecce
1773 4949 1830 4996 re·
1953 4905 1959 4918 ¹

366 5029 525 5120 linquitur
556 5031 657 5102 vobis
684 5031 809 5102 domus
842 5039 957 5101 vestra
990 5029 1137 5102 deserta.
1189 5023 1312 5104 ³9Dico
1347 5032 1573 5115 enimvobis,
1601 5029 1829 5101 nonmevi-

367 5149 492 5224 debitis
521 5151 650 5222 amodo
677 5149 792 5222 donec
818 5149 943 5222 dicatis
969 5149 1174 5221 Benedictus
1201 5152 1259 5244 qui
1286 5153 1438 5222 venitin
1464 5151 1601 5222 nomine
1628 5149 1765 5221 domiui.

902 5271 1010 5353 XXltl,
1041 5273 1086 5338 l6
1144 5309 1187 5322 —-
1243 5273 1300 5342 39.
