4254 6130
812 369 919 432 LIBER
946 366 1095 430 uoluunt
1122 367 1399 430 nrosuocouun

362 473 443 484 u—-n
460 472 603 478 ·-—----·--
615 473 802 482 -·——-—.-
815 476 935 484 --μ
947 476 982 482 ...-
1652 471 1838 481 ...ψ-

361 573 439 643 niae
464 571 622 664 Lystram
650 581 684 640 et
710 573 849 644 Derben
875 583 911 644 et
936 573 1131 644 universam
1157 572 1357 650 incircuitu
1383 572 1571 665 regionem,
1600 581 1634 640 et
1660 570 1705 642 ibi
1733 591 1841 641 evan-

363 693 550 785 gelizantes
578 701 683 760 erant.
743 685 811 762 ⁷Et
837 693 975 785 quidam
1003 692 1053 763 vir
1071 693 1200 786 lystris
1227 691 1379 764 infirmus
1396 691 1545 786 pedibus
1563 689 1718 774 sedebat,
1747 692 1841 761 clau-

364 815 430 886 dus
464 835 509 882 ex
546 791 643 882 utero
675 811 792 882 matris
832 835 934 896 suae,
969 813 1026 905 qui
1067 829 1252 904 numquam
1286 814 1531 885 ambulaverat.
1591 802 1682 880 8Ηίο
1715 809 1845 880 audivit

365 935 505 1005 Paulum
523 933 755 1022 loquentem3
790 933 847 1022 qui
881 933 1017 1004 intuitus
1051 954 1129 1003 eum
1164 941 1200 1002 et
1232 931 1364 1006 videns,
1388 933 1468 1024 qnia
1500 931 1646 1003 haberet
1676 929 1781 1002 iidem
1809 940 1844 1000 ut

366 1056 481 1126 salvus
508 1051 622 1132 lieret,
665 1043 782 1122 ⁹dixit
816 1074 942 1144 magna
971 1073 1061 1122 voce
1095 1053 1204 1144 Surge
1240 1075 1346 1146 super
1379 1053 1491 1146 pedes
1525 1063 1602 1122 tuos
1633 1059 1758 1120 rectus.
1802 1050 1844 1120 Et

365 1173 502 1256 exilivit,
530 1181 565 1241 et
592 1170 797 1242 ambulabat.
850 1165 876 1208 ¹⁰
889 1172 1024 1243 Turbae
1051 1180 1164 1242 autem
1191 1193 1269 1244 com
1297 1173 1462 1245 vidissent
1488 1170 1583 1265 quod
1606 1171 1736 1242 lecerat
1753 1161 1859 1240 Pau?

366 1295 428 1374 lus,
455 1294 668 1362 levaverunt.
682 1312 807 1362 vocem
835 1313 933 1362 suam
959 1291 1136 1384 lycaonice
1167 1291 1321 1364 diceutes
1346 1293 1399 1362 Dii
1433 1292 1561 1363 similes
1587 1292 1666 1362 lacti
1692 1289 1839 1362 homini-

366 1414 431 1484 bus
459 1410 716 1483 descenderunt
742 1412 788 1484 ad
813 1433 895 1496 noe,
940 1403 961 1448 ¹¹
978 1421 1013 1482 et
1039 1412 1211 1484 vocabant
1236 1413 1417 1484 Barnaban
1442 1413 1571 1498 lovem,
1598 1412 1740 1484 Paulum
1757 1431 1842 1482 vero

366 1533 584 1616 Mercurium,
613 1530 773 1622 quoniam
800 1531 875 1624 ipse
901 1542 976 1602 erat
1001 1531 1074 1602 dux
1100 1531 1214 1602 verbi:
1268 1524 1478 1605 ”sacerdos
1505 1552 1644 1625 quoque
1669 1531 1759 1602 lovis
1786 1531 1843 1623 qui

367 1662 442 1724 erat
468 1662 546 1722 ante
573 1651 754 1734 civitatem,
781 1661 899 1722 tauros
925 1661 960 1722 et
986 1672 1133 1724 coronas
1152 1659 1232 1723 ante
1258 1652 1378 1722 ianuas
1404 1651 1575 1736 adferens,
1603 1673 1681 1723 cum
1706 1651 1842 1744 populis

367 1773 508 1845 volebat
534 1769 736 1842 sacrificare.
787 1760 814 1806 ⁴³
832 1769 934 1854 Quod
959 1771 1018 1842 ubi
1046 1772 1238 1844 audierunt·
1259 1774 1407 1865 apostoli
1439 1769 1616 1846 Barnabas
1648 1781 1684 1842 et
1708 1771 1841 1854 Pardus,

368 1892 552 1964 conscissis
579 1891 697 1962 tunicis
724 1889 794 1960 suis
821 1890 1001 1962 exilierunt
1027 1891 1061 1961 in
1087 1893 1213 1972 turbas,
1241 1893 1429 1966 clamantes
1473 1884 1498 1930 ¹⁴
1515 1901 1550 1962 et
1583 1892 1739 1964 dicentes
1765 1891 1841 1974 Viri,

368 2013 452 2107 quid
477 2013 566 2085 haec
591 2011 722 2082 facitis?
750 2020 785 2080 et
810 2032 874 2082 nos
901 2013 1063 2084 mortales
1089 2034 1207 2084 sumus
1235 2012 1363 2084 similes
1388 2012 1491 2086 vobis
1508 2012 1681 2096 homines,
1710 2010 1841 2082 adnun-

368 2135 491 2212 tiantes
517 2131 619 2204 vobis
645 2130 690 2202 ab
717 2129 770 2201 his
797 2131 891 2202 vanis
918 2133 1071 2203 converti
1099 2133 1275 2205 addeum
1302 2135 1433 2218 duum,
1461 2135 1518 2226 qui
1532 2134 1623 2206 lecit
1649 2132 1782 2202 caelum
1809 2143 1843 2202 et

369 2265 505 2338 terram,
533 2273 629 2324 mare
656 2260 690 2320 et
716 2251 830 2322 omnia
855 2273 944 2344 quae
971 2253 1004 2322 in
1031 2253 1081 2323 eis
1108 2263 1202 2337 sunt,
1246 2245 1272 2290 ⁴⁵
1285 2253 1342 2346 qui
1367 2253 1401 2324 in
1426 2254 1620 2345 praeteritis
1646 2251 1842 2345 generatio-

368 2375 468 2446 nibus
506 2372 629 2444 dimisit
663 2391 785 2442 omnes
818 2381 940 2462 gentes
976 2371 1108 2465 ingredi
1139 2373 1214 2444 vias
1247 2395 1342 2458 suaa,
1393 2365 1419 2409 ⁴⁶
1435 2385 1470 2445 et
1505 2374 1645 2467 quidem
1671 2394 1742 2443 non
1769 2371 1842 2443 sine

370 2494 566 2566 testimonio
593 2503 706 2564 semet
739 2492 851 2584 ipsum
886 2492 1020 2584 reliquit
1053 2495 1290 2580 benefaciens,
1325 2493 1371 2566 de
1405 2495 1503 2566 caelo
1536 2493 1624 2566 dans
1650 2492 1781 2587 pluvias
1807 2502 1843 2562 et

369 2625 528 2709 tempora
553 2611 732 2696 fructifera,
759 2611 903 2705 implens
930 2613 1008 2686 cibo
1035 2625 1071 2686 et
1095 2617 1220 2687 laetitia
1248 2614 1355 2686 corda
1388 2625 1512 2686 vestra.
1565 2605 1649 2684 1ἿΕι
1674 2613 1762 2684 haec
1787 2611 1841 2683 di-

370 2743 488 2810 ceutes
514 2733 574 2804 vix
600 2731 809 2804 sedaverunt
843 2732 960 2804 turbas
994 2756 1038 2804 ne
1065 2735 1130 2808 sibi
1157 2736 1382 2806 immolarent.
1435 2725 1835 2830 ⁴⁸Supervener1mtau·

371 2866 439 2926 tem
466 2852 606 2946 quidam
633 2853 677 2923 ab
704 2851 883 2924 Anthiocia
918 2865 952 2924 et
984 2855 1100 2927 loonio
1126 2855 1260 2940 ludaei,
1288 2865 1323 2926 et
1348 2855 1524 2947 persuasis
1541 2854 1658 2941 ¹turbis
1683 2852 1841 2946 lapidan-

370 2986 492 3067 tesque
518 2973 658 3044 Paulum
685 2981 863 3044 traxerunt
888 2984 987 3046 extra
1014 2976 1193 3061 civitatem,
1221 2975 1441 3048 aestimantes
1465 2997 1544 3046 cum
1562 2983 1733 3046 mortuum
1751 2995 1841 3046 esse.

370 3080 703 3166 ⁴⁹'circumdantibus
730 3103 845 3164 autem
872 3114 951 3165 eum
977 3095 1150 3190 discipulis
1177 3117 1323 3188 surgens
1349 3095 1484 3168 intravit
1509 3095 1690 3179 civitatem,
1718 3104 1753 3165 et
1773 3117 1842 3188 po-

370 3226 461 3286 stera
494 3214 552 3286 die
586 3215 761 3307 profectus
794 3223 849 3284 est
880 3235 958 3285 curn
990 3216 1150 3288 Bamaba
1180 3217 1215 3286 in
1239 3216 1389 3287 Derben.
1439 3208 1466 3254 ²⁰
1483 3216 1636 3308 Cumque
1662 3215 1841 3306 evangeli-

369 3347 505 3408 zassent
531 3335 655 3414 ciuitati
681 3335 725 3404 illi
751 3345 786 3406 et
812 3333 1010 3409 docuissent
1036 3339 1171 3422 multos,
1197 3337 1333 3408 reversi
1356 3346 1434 3408 sunt
1450 3339 1605 3430 Lystrarn
1632 3346 1667 3406 et
1691 3333 1841 3406 leonium

369 3467 404 3528 et
436 3456 668 3560 anthiociam,
719 3447 741 3492 ²¹
762 3454 1004 3528 confirmantes
1038 3458 1175 3532 animas,
1195 3457 1457 3552 discipulorum,
1485 3454 1779 3548 exhortantesque
1805 3465 1842 3526 ut

369 3586 612 3672 permanerent
644 3577 679 3646 in
713 3574 800 3660 fide,
833 3586 868 3646 et
903 3576 1064 3669 quoniam
1098 3599 1163 3670 per
1192 3580 1316 3648 multas
1348 3575 1581 3648 tribulationes
1614 3585 1751 3670 oportet
1776 3597 1841 3648 nos

370 3698 495 3770 intrare
525 3698 560 3768 in
584 3719 729 3789 regnum
755 3695 821 3768 dei.
871 3687 898 3732 ²²
913 3697 956 3766 Et
981 3719 1058 3768 oum
1086 3698 1340 3770 constituissent
1364 3697 1428 3768 illis
1453 3717 1517 3790 per
1550 3695 1701 3789 singulas
1727 3697 1840 3768 eccle-

263 3885 265 3890 .
371 3819 440 3890 sias
477 3817 718 3912 presbyteros,
751 3827 786 3886 et
827 3825 966 3887 orantes
1007 3839 1085 3888 cum
1120 3817 1381 3890 ieiunationibus
1414 3815 1742 3888 commendaverunt
1777 3837 1840 3888 eos

371 3938 512 4010 domino
544 3937 579 4007 in
613 3958 717 4030 quem
748 3935 976 4008 crediderunt.
1037 3929 1064 3974 ’³
1081 3939 1379 4030 Transeuntesque
1412 3935 1575 4008 Pisidiam
1606 3946 1774 4008 venerunt
1807 3937 1840 4006 in

372 4056 610 4156 Pamphiliam,
660 4044 687 4092 ¹⁸
703 4065 739 4126 et
764 4056 943 4149 loquentes
960 4057 1009 4136 ¹in
1033 4057 1168 4151 Pergcn
1193 4058 1338 4130 verbum
1372 4055 1502 4129 domini
1527 4055 1781 4130 descenderunt
1806 4057 1840 4128 in

371 4178 548 4262 Attalium,
599 4167 661 4247 ”et
689 4175 770 4248 inde
799 4177 1046 4268 navigaverunt
1075 4177 1305 4262 anthiociam,
1332 4176 1424 4250 unde
1451 4185 1547 4276 erant
1571 4177 1685 4250 traditi
1710 4176 1841 4270 gratiae

372 4300 430 4374 dei
455 4300 489 4370 in
516 4319 605 4392 opus
631 4295 727 4389 quod
752 4297 1019 4391 compleverunt.
1070 4289 1097 4336 ²⁵
1110 4297 1192 4369 Cum
1218 4307 1332 4370 autem
1357 4297 1534 4371 venissent
1567 4307 1603 4368 et
1627 4319 1840 4390 congregas-

373 4431 449 4500 sent
481 4417 679 4501 ecclesiam,
716 4416 916 4488 rettulenmt
948 4427 1074 4510 quanta
1107 4418 1246 4490 fecisset
1277 4417 1436 4490 dominus
1469 4439 1547 4488 cum
1579 4418 1658 4504 illis,
1691 4429 1727 4490 et
1760 4417 1841 4512 quia

374 4540 565 4636 aperuisset
590 4537 748 4632 gentibus
775 4537 898 4612 ostium
925 4535 1014 4609 fidei.
1067 4529 1092 4576 ῃ
1109 4538 1231 4612 Morati
1257 4548 1335 4610 sunt
1367 4549 1480 4612 autem
1506 4549 1641 4633 tempus
1666 4561 1736 4610 non
1761 4560 1840 4610 mo-

374 4661 487 4736 dicum
514 4683 592 4734 cum
619 4656 801 4752 discipulis.

1072 4865 1138 4935 XV.

450 5015 517 5094 'Et
541 5021 680 5116 quidam
714 5019 969 5094 descendentes
994 5019 1040 5090 de
1072 4964 1198 5092 ludaea
1231 5018 1405 5093 docebant
1429 5021 1552 5092 iratres
1578 4969 1659 5114 poia
1683 5019 1745 5106 nisi
1771 5009 1860 5090 cir-'

375 5141 611 5226 cumcidamini
637 5141 977 5224 secuudummorem
994 5140 1089 5226 blosi,
1116 5163 1185 5213 non
1211 5141 1354 5234 potestis
1372 5141 1456 5214 salvi
1482 5139 1578 5218 lieri,
1607 5133 1737 5214 2Facta
1753 5161 1841 5231 ergo

929 5261 1009 5348 xlv,
1038 5256 1060 5334 7
1087 5299 1137 5313 -
1162 5261 1229 5347 XV,
1257 5264 1310 5341 2..
