4254 6130
394 387 482 456 450'
782 387 1019 452 EVANGELlUll
1046 389 1244 452 SECUNDUM
1271 389 1464 452 ΙΟΗΑΝΝΕΜ

391 595 509 666 Esaias
535 592 712 686 propheta.
764 579 890 638 ”Uimi
908 593 949 663 Et
975 593 1032 685 qui
1058 594 1152 665 missi
1177 595 1318 679 merant,
1345 603 1441 664 erent
1467 613 1513 664 ex
1539 591 1741 677 Pharisaeis,
1781 586 1807 630 ²⁵
1825 603 1860 664 et

391 715 684 807 interrogaverunt
710 733 787 783 eum
815 722 851 782 et
876 712 1035 784 dixerunt
1062 712 1152 799 Quid
1179 733 1264 806 ergo
1291 712 1455 807 baptizas,
1485 713 1513 784 si
1539 722 1575 784 tu
1600 732 1670 784 non
1695 733 1735 784 es
1763 708 1875 784 Chri-'1

392 845 465 912 stus
489 855 602 926 neque
626 832 739 903 Helias
765 853 877 924 neque
903 834 1097 927 propheta?
1139 825 1256 881 nott)
1273 832 1462 927 Respondit
1487 832 1537 904 eis
1553 831 1723 904 lohannes
1742 832 1859 904 dicens

391 955 466 1046 Ego
492 939 629 1046 baptizo
655 951 688 1022 in
716 973 814 1044 aqua,
842 953 977 1024 medius
1003 962 1117 1026 autem
1145 949 1310 1024 'vestrum
1338 953 1429 1026 stetit
1464 974 1566 1046 quem
1600 973 1662 1024 vos
1694 974 1763 1024 non
1789 954 1858 1024 sci-

392 1075 449 1145 tis:
492 1065 605 1166 ”ipse
632 1080 684 1142 est
710 1071 767 1163 qui
793 1082 872 1164 post
897 1094 953 1144 me
979 1083 1141 1145 venturus
1167 1082 1228 1158 est,
1256 1072 1313 1165 qui
1339 1083 1417 1144 ante
1444 1093 1500 1145 me
1534 1073 1642 1144 lactus
1668 1082 1736 1158 est,
1764 1073 1859 1144 cuius

323 1173 327 1184 ’
391 1215 459 1286 ego
485 1213 553 1263 non
580 1213 654 1262 sum
681 1189 804 1282 dignus
831 1202 867 1262 nt
892 1193 1023 1264 solvam
1051 1194 1124 1264 eius
1151 1192 1331 1284 corrigiam
1358 1192 1578 1264 calciamenti.
1612 1184 1640 1230 ’Β
1654 1183 1751 1240 “³⁴⁰³
1766 1193 1859 1263 llaec

391 1319 423 1387 in
450 1311 612 1383 Bethania
638 1311 726 1381 lacta
752 1321 829 1382 sunt
855 1322 949 1384 trans
974 1313 1151 1398 Iordanen,
1178 1313 1235 1384 ubi
1254 1322 1329 1384 erat
1352 1311 1520 1383 lohannes
1546 1312 1733 1406 baptizans.
1759 1304 1857 1382 ”Al-

391 1443 463 1502 tera
490 1431 547 1503 die
572 1411 667 1502 videt
698 1429 866 1502 lohannes
899 1431 1009 1504 lesum
1030 1409 1236 1504 'venientem
1263 1431 1309 1506 ad
1335 1452 1390 1514 se,
1418 1441 1453 1502 et
1478 1433 1524 1503 ait
1548 1429 1640 1510 Ecce
1667 1453 1775 1524 agnus
1801 1431 1856 1503 dei

392 1552 448 1645 qui
483 1552 566 1623 tollit
598 1559 779 1644 peccatum
814 1551 939 1623 mnndi.
991 1539 1106 1594 ΝΜ)
1120 1552 1181 1622 ilic
1213 1562 1267 1624 est
1297 1552 1343 1624 de
1376 1573 1445 1644 quo
1479 1551 1551 1623 dixi
1577 1552 1659 1623 Post
1684 1571 1740 1622 me
1767 1551 1858 1623 venit

390 1673 442 1742 vir
468 1671 526 1764 qui
560 1682 638 1744 ante
665 1694 721 1742 me
753 1673 863 1743 factus
889 1681 956 1755 est,
991 1671 1069 1764 quia
1100 1672 1194 1764 prior
1227 1693 1283 1742 me
1316 1681 1399 1743 erat.
1450 1663 1474 1710 ³⁴
1494 1672 1535 1742 Et
1566 1691 1634 1765 ego
1659 1673 1856 1743 nesciebam

391 1813 479 1876 eum,
507 1792 571 1864 sed
597 1801 634 1862 ut
660 1792 930 1864 manifestaretur
956 1791 990 1861 in
1015 1791 1150 1876 israhel,
1177 1800 1363 1886 propterea
1380 1791 1459 1863 veni
1485 1813 1553 1885 ego
1580 1793 1613 1863 in
1639 1813 1726 1885 aqua
1745 1793 1856 1886 bapti·
1934 1781 1940 1792 ’

393 1933 483 1983 zans.
534 1903 561 1948 ³²
574 1902 649 1960 (Μ)
667 1912 709 1982 Et
735 1912 965 1984 testimonium
996 1911 1167 2004 perhibuit
1198 1911 1367 1983 lohannes
1398 1911 1517 1984 dicens
1552 1912 1630 2005 quia
1661 1911 1732 1985 vidi
1758 1911 1856 2005 spiri-

391 2042 461 2103 tum
489 2030 756 2104 descendentem
783 2032 880 2124 quasi
905 2031 1100 2106 columbam
1126 2031 1171 2104 de
1198 2033 1313 2116 caelo,
1340 2041 1375 2102 et
1391 2031 1514 2104 mansit
1538 2053 1643 2125 super
1659 2053 1750 2104 eum.
1780 2025 1859 2104 ”Et

392 2173 461 2247 ego
486 2152 684 2226 nesciebam
728 2173 823 2238 enm,
865 2151 928 2224 sed
966 2151 1023 2244 qui
1056 2151 1147 2224 misit
1179 2173 1236 2224 me
1268 2151 1447 2246 baptizare
1479 2151 1513 2222 in
1549 2171 1656 2244 aqua,
1691 2153 1745 2224 ille
1777 2152 1856 2224 mihi

392 2272 478 2345 dixit
503 2273 615 2365 Super
640 2291 742 2364 quem
768 2271 896 2354 videris
922 2271 1074 2366 spiritum
1093 2271 1363 2346 descendentem
1380 2281 1416 2344 ct
1432 2281 1627 2344 manentem
1646 2293 1750 2366 super
1768 2293 1856 2357 eum,

391 2393 448 2465 hic
481 2402 535 2465 est
566 2391 624 2485 qui
656 2391 807 2485 baptizat
838 2392 872 2463 in
905 2391 1024 2485 spiritu
1056 2403 1187 2464 sancto.
1238 2381 1319 2464 ³‘Et
1354 2413 1422 2486 ego
1454 2391 1541 2478 vidi,
1569 2401 1604 2464 ct
1629 2392 1857 2464 testimonium

392 2513 548 2607 perhibui
574 2510 653 2604 quia
678 2511 733 2582 hic
759 2521 813 2584 est
843 2511 929 2584 filius
954 2511 1021 2584 dei.
1073 2503 1099 2550 ³⁵
1113 2503 1204 2563 (Μ)
1221 2512 1337 2586 Altera
1364 2512 1422 2586 die
1447 2513 1568 2584 iterum
1595 2513 1709 2586 stabat
1733 2513 1856 2586 lohan-

392 2655 455 2706 nes
481 2643 588 2704 etex
614 2631 786 2725 discipulis
821 2631 894 2702 eius
919 2632 1000 2718 dno,
1039 2621 1066 2668 ³⁵
1082 2642 1118 2704 et
1149 2634 1336 2728 respiciens
1369 2635 1481 2706 lesum
1515 2633 1744 2706 ambulantem
1777 2633 1858 2708 dicit

391 2755 482 2826 Ecce
509 2773 618 2846 agnus
643 2751 709 2826 dei.
760 2745 787 2790 ³¹
798 2751 841 2824 Et
867 2751 1047 2824 andiemnt
1072 2773 1151 2827 eum
1178 2751 1248 2825 duo
1275 2753 1431 2848 discipuli
1457 2753 1663 2846 loquentem,
1690 2761 1725 2826 et
1751 2755 1857 2826 secuti

392 2884 471 2947 sunt
495 2873 615 2948 lesum.
666 2865 899 2944 aeConversus
925 2879 1039 2944 autem
1065 2873 1159 2944 lesus
1185 2883 1219 2944 et
1251 2873 1375 2945 uidens
1407 2895 1471 2946 eos
1502 2883 1687 2966 sequentes
1713 2895 1753 2946 se
1779 2873 1859 2946 dicit

392 2995 444 3066 eis
477 2993 567 3078 Quid
599 2989 785 3086 quaeritis?
818 2992 884 3078 Qui
917 2991 1077 3066 dixerunt
1106 2993 1139 3065 ei
1171 2993 1296 3079 Rabbi,
1329 2993 1423 3087 quod
1455 2993 1578 3066 dicitur
1603 2994 1856 3088 interpretatum

393 3115 571 3208 magister,
598 3113 656 3184 ubi
683 3111 843 3184 habitat
881 3104 1007 3184 ³⁹Dicit
1032 3113 1083 3186 eis
1108 3114 1223 3186 Venite
1249 3124 1284 3186 et
1308 3113 1433 3186 videte.
1460 3115 1633 3186 Venerunt
1648 3123 1684 3186 et
1700 3113 1858 3186 uiderunt

392 3233 448 3305 nbi
475 3241 644 3319 maneret,
679 3241 715 3304 et
749 3231 842 3324 apud
874 3253 953 3304 eum
986 3243 1182 3306 mansenmt
1212 3232 1270 3306 die
1302 3233 1375 3318 illo;
1409 3233 1496 3306 hora
1521 3243 1634 3306 autem
1661 3243 1735 3305 erat
1760 3233 1855 3326 quasi

392 3354 534 3426 decima.
587 3343 614 3390 ‘⁰
630 3353 710 3424 Erat
741 3362 856 3424 autern
887 3350 1045 3425 Andreas
1080 3353 1182 3426 trater
1212 3353 1359 3425 Simonis
1394 3353 1486 3426 Petri
1518 3376 1605 3426 unus
1643 3375 1688 3426 ex
1720 3353 1857 3427 duobus

392 3474 449 3568 qui
476 3473 654 3546 audierant
678 3473 723 3544 ab
749 3473 898 3544 iohanne
924 3483 959 3544 et
984 3473 1091 3546 secuti
1116 3473 1249 3545 fuerant
1274 3495 1362 3544 eum.
1415 3465 1439 3510 ‘¹
1453 3465 1529 3519 (Μ)
1546 3474 1674 3546 Invenit
1704 3473 1760 3544 hio
1785 3474 1855 3567 pri.
1983 3571 1988 3582 ¹

392 3615 483 3665 mum
511 3594 648 3664 tratrem
675 3614 775 3664 sunm
801 3593 991 3679 Simonem,
1025 3603 1061 3666 et
1093 3594 1175 3665 dicit
1207 3593 1240 3664 ei
1270 3594 1462 3666 Invenimus
1487 3594 1657 3679 Moesiam,
1684 3593 1779 3686 quod
1804 3603 1858 3664 est

392 3715 647 3806 interpretatum
672 3712 832 3798 Christus,
876 3703 903 3752 Β
919 3723 955 3786 et
979 3714 1124 3788 adduxit
1148 3733 1227 3786 enm
1255 3713 1300 3786 ad
1325 3713 1446 3786 lesum.
1489 3715 1628 3787 intuitus
1646 3724 1760 3786 autern
1778 3733 1856 3784 eum

249 3863 253 3872 ·
392 3835 487 3906 lesus
512 3831 600 3903 dixit
625 3831 675 3904 Tu
701 3853 740 3903 es
766 3833 885 3904 Simon
911 3831 1004 3906 iilius'
1023 3834 1180 3918 lohanna,
1208 3842 1245 3904 tu
1269 3835 1451 3906 vocaveris
1469 3834 1613 3930 Cepheo,
1640 3834 1734 3927 quod
1752 3834 1854 3906 inter-

392 3960 544 4046 pretatur
568 3951 698 4024 Petrus.
749 3943 776 3990 ⁴³
789 3943 877 3998 (Μ)
895 3952 932 4022 ln
958 3953 1139 4026 crastinum
1165 3953 1273 4025 voluit
1297 3955 1394 4026 exire
1421 3955 1455 4026 in
1481 3953 1673 4038 Galilaeam,
1701 3964 1736 4025 et
1760 3953 1856 4025 inve-

392 4073 441 4144 nit
465 4069 670 4165 Philippum:
696 4081 732 4143 et
757 4071 839 4144 dicit
863 4073 896 4144 ei
922 4071 1075 4166 Sequere
1101 4094 1166 4144 me.
1218 4061 1245 4110 ⁴⁴
1261 4073 1344 4146 Erat
1369 4085 1482 4148 autem
1509 4073 1682 4169 Philippus
1708 4097 1727 4146 a
1751 4074 1856 4146 Beth·

392 4193 498 4277 saida,
525 4191 659 4264 civitate
684 4190 844 4263 Andreae
871 4201 906 4264 et
930 4191 1030 4264 Petri.
1081 4182 1107 4230 ⁸⁵
1119 4192 1247 4265 Invenit
1272 4193 1444 4288 Phihppus
1461 4195 1683 4268 Nathanahsl
1711 4203 1746 4264 et
1777 4194 1858 4266 dicit

274 4329 280 4340 ’
393 4315 422 4385 ei
458 4315 570 4398 Quem
603 4312 737 4406 scripsit
767 4313 884 4384 Moses
917 4313 1054 4406 inlege
1088 4324 1123 4384 et
1155 4313 1363 4408 prophetae,
1390 4315 1589 4399 invenimus,
1616 4315 1726 4388 lesum
1755 4313 1856 4386 lilium

392 4432 516 4526 loseph
543 4453 564 4501 a
589 4431 768 4504 Nazareth.
818 4421 845 4470 ⁴⁶
861 4431 904 4503 Et
929 4431 1016 4504 dixit
1041 4432 1073 4504 ei
1099 4432 1308 4504 Nathanahel
1334 4432 1364 4504 ll
1390 4433 1560 4507 Nazareth
1591 4441 1707 4527 potest
1732 4431 1857 4525 aliquid

391 4554 474 4626 boni
500 4553 607 4624 esse?
640 4553 727 4624 Dicit
759 4551 791 4622 ei
816 4551 990 4646 Philippus
1025 4553 1109 4624 Veni
1144 4561 1179 4624 et
1210 4553 1302 4625 vide.
1353 4541 1380 4592 ⁴⁷
1392 4553 1481 4628 Vidit
1518 4555 1613 4626 lesus
1646 4552 1856 4624 Nathanahsl

391 4673 586 4746 venientem
612 4673 658 4745 ad
682 4695 723 4746 se
755 4683 790 4743 et
815 4671 898 4746 dicit
929 4674 976 4745 de
1002 4695 1047 4745 eo
1072 4673 1163 4744 Ecce
1188 4695 1271 4746 vere
1297 4673 1479 4760 israhelita,
1506 4675 1540 4746 in
1567 4693 1636 4766 quo
1663 4673 1763 4746 dolus
1789 4695 1856 4745 non

392 4804 455 4866 est
495 4784 522 4832 ⁸⁸
537 4792 625 4866 Dicit
649 4795 682 4866 ei
707 4792 919 4865 Nathanahsl
945 4792 1043 4866 Unde
1068 4815 1124 4864 me
1150 4795 1262 4866 nosti?
1296 4793 1485 4889 Respondit
1517 4795 1612 4866 lesus
1646 4804 1680 4864 et
1714 4793 1801 4865 dixit
1826 4793 1857 4864 ei

393 4915 490 4988 Prius
515 4935 618 5007 quarn
645 4923 679 4986 ts
704 4913 877 5008 Philippus
904 4921 1056 4999 vocaret,
1083 4934 1159 4985 cum
1187 4935 1284 4987 esses
1310 4915 1374 4988 sub
1394 4913 1469 4998 ficu,
1495 4914 1566 4986 vidi
1588 4923 1631 4986 te.
1658 4902 1685 4952 ⁴⁰
1700 4914 1857 5008 Respon-

305 5055 308 5060 ·
393 5033 443 5104 dit
468 5033 500 5102 ei
525 5033 735 5106 Nathanahsl
761 5043 797 5106 et
822 5033 869 5105 ait
893 5032 1011 5118 Rabbi,
1038 5044 1074 5106 tu
1099 5054 1138 5106 es
1164 5033 1250 5108 lilius
1271 5034 1337 5118 dei,
1365 5045 1401 5107 tu
1427 5057 1466 5108 ss
1493 5057 1557 5135 rex
1582 5033 1718 5106 lsrahel.
1750 5025 1857 5104 ⁵⁰lle-

305 5202 309 5214 .
394 5152 532 5247 spondit
557 5155 652 5226 lesus
679 5165 713 5226 et
739 5154 823 5226 dixit
849 5155 879 5225 ei
908 5153 995 5238 Quia
1022 5154 1095 5226 dixi
1121 5155 1179 5230 tibi
1205 5155 1279 5228 Vidi
1307 5167 1339 5228 te
1367 5156 1431 5228 sub
1464 5155 1547 5238 ficu,
1574 5152 1716 5228 credis‘l
1750 5153 1859 5224 maius

992 5275 1013 5358 l,
1041 5277 1088 5352 24
1122 5317 1161 5329 -
1195 5279 1251 5348 50.
