4242 6134
322 473 326 484 ,
374 382 449 454 932
822 379 937 441 LlBEll·
954 377 1105 442 hennon
1132 377 1410 443 huostonontttl

375 584 622 660 cumvidisset
648 583 787 664 Paulus,
816 583 945 672 gratias
973 603 1082 674 agens
1108 580 1178 653 deo
1205 582 1339 675 accepit
1365 581 1536 667 fiducram,
1589 573 1615 618 ¹⁶
1632 583 1716 654 Cum
1743 584 1860 655 venis-

267 689 271 696 ’
375 729 492 779 semus
520 713 635 776 autern
662 702 816 785 Romam,
844 699 1052 794 permissum
1081 711 1134 772 est
1160 700 1266 773 Paulo
1294 723 1435 776 manere
1462 701 1527 774 sibi
1545 723 1623 773 curn
1642 701 1860 774 custodiente

375 849 413 900 se
448 823 561 896 milite.
614 813 638 856 ¹⁷
651 821 732 890 Post
769 820 904 892 tertium
945 829 1060 891 autem
1102 819 1194 892 diem
1229 821 1435 892 convocavit
1468 821 1600 915 primos
1634 819 1858 893 ludaeorum:

373 965 520 1037 cumque
547 939 798 1024 convenissent,
826 937 966 1010 dicebat
991 938 1042 1010 eis
1068 937 1152 1031 Ego,
1179 939 1241 1010 viri
1268 942 1400 1025 iratres,
1426 941 1506 1012 nihil
1533 940 1702 1012 adversus
1719 941 1860 1034 plebem

374 1065 502 1138 iaciens
536 1069 594 1132 ant
629 1079 760 1129 morem
794 1068 991 1152 paternum,
1025 1057 1159 1130 unctus
1192 1059 1236 1130 ab
1271 1059 1518 1153 Hierosolymis
1550 1059 1696 1132 traditus
1723 1081 1798 1131 sum
1826 1059 1859 1128 in

373 1205 505 1257 manus
521 1181 773 1263 honranorum;
822 1168 848 1214 ¹⁸
865 1177 923 1270 qui
949 1197 1027 1248 curn
1054 1177 1357 1269 interrogationem
1395 1178 1524 1250 deme
1551 1178 1766 1262 habuissent,
1794 1169 1875 1250 vo-¹

373 1307 508 1375 luerunt
540 1320 597 1370 me
623 1297 795 1369 dimittere
828 1317 873 1367 eo
908 1296 1004 1388 quod
1029 1296 1120 1366 nulla
1147 1316 1252 1368 causa
1285 1309 1380 1370 esset
1405 1296 1526 1369 mortis
1551 1298 1585 1368 in
1611 1317 1685 1368 me:
1729 1289 1756 1334 ⁴⁹
1773 1317 1859 1368 con-

373 1419 620 1495 tradicentbus
647 1427 762 1488 autern
789 1415 924 1487 ludaeis
952 1425 1094 1487 coactus
1121 1435 1196 1486 sum
1224 1417 1400 1510 appellare
1426 1417 1629 1502 Caesarem,
1663 1437 1734 1488 non
1761 1415 1860 1508 quasi

373 1553 511 1636 gentem
548 1557 662 1608 meam
698 1535 831 1605 habens
862 1533 989 1627 aliquid
1022 1554 1199 1606 accusare.
1252 1527 1442 1629 ”Propter
1476 1536 1565 1607 hanc
1591 1535 1691 1628 igitur
1717 1555 1858 1606 eausam

372 1662 495 1753 rogavi
521 1679 586 1731 vos
613 1655 733 1726 videre
760 1663 795 1724 et
821 1653 975 1744 adloqui:
1004 1661 1148 1745 propter
1174 1673 1273 1746 spem
1301 1655 1392 1726 enim
1410 1655 1538 1726 israhel
1565 1665 1688 1727 catena
1707 1655 1773 1725 hac
1791 1653 1859 1724 cir-

238 1825 247 1846 .
374 1779 555 1852 cumdatus
588 1797 673 1847 sum.
725 1766 749 1810 ²⁴
765 1771 809 1842 At
833 1772 877 1842 illi
905 1772 1065 1843 dixerunt
1092 1770 1138 1842 ad
1164 1792 1244 1842 eum
1271 1773 1344 1845 Nos
1370 1795 1485 1868 neque
1512 1773 1642 1844 litteras
1661 1773 1859 1867 accepimus

373 1900 419 1970 de
445 1910 479 1969 te
507 1919 527 1968 a
554 1895 690 1977 iudaea,
719 1911 832 1984 neque
859 1890 1050 1963 adveniens
1078 1889 1199 1982 aliquis
1225 1891 1365 1962 fratrum
1403 1892 1615 1964 adnuntiavit
1641 1902 1700 1964 aut
1725 1894 1859 1964 locutus

373 2027 427 2089 est
453 2015 536 2109 quid
563 2013 609 2085 de
636 2022 670 2083 te
698 2011 833 2081 malurn.
884 2001 912 2046 ²³
927 2007 1106 2100 Rogamus
1133 2018 1247 2080 autern
1275 2021 1348 2082 ate
1375 2012 1496 2084 audire
1515 2033 1606 2106 quae
1625 2012 1749 2083 sentis:
1776 2031 1857 2082 narn

373 2138 419 2209 de
445 2145 540 2206 secta
566 2133 632 2202 hac
658 2139 776 2200 notum
804 2137 858 2198 est
884 2127 986 2198 nobis
1013 2127 1092 2218 quia
1119 2126 1246 2219 ubique
1274 2129 1306 2200 ei
1332 2107 1586 2202 contradicitur.
1629 2123 1656 2168 ’Β
1669 2131 1752 2201 Cum
1772 2151 1858 2200 con*

373 2255 560 2327 stituissent
586 2259 699 2321 autern
726 2247 771 2316 illi
798 2245 902 2330 diem,
931 2255 1098 2316 venerunt
1124 2245 1169 2316 ad
1196 2267 1276 2317 eum
1302 2248 1336 2318 in
1362 2248 1548 2342 hospitium
1575 2251 1705 2343 plures,
1734 2247 1859 2339 quibus

373 2373 574 2468 exponebat
601 2366 787 2440 testificans
820 2385 965 2456 regnum
998 2363 1055 2436 dei
1088 2364 1309 2460 suadensque
1336 2389 1400 2440 eos
1431 2367 1478 2440 de
1504 2370 1580 2440 lesu
1607 2377 1643 2440 ot
1668 2367 1747 2459 lege
1772 2366 1859 2438 illesi

373 2502 408 2564 et
433 2489 631 2584 prophetis,
666 2507 686 2556 a
714 2504 815 2556 mano
842 2503 954 2575 usque
988 2481 1034 2553 ad
1061 2503 1258 2576 vesperam.
1309 2477 1337 2525 ²⁸
1352 2487 1394 2558 Et
1420 2487 1561 2580 quidam
1589 2485 1781 2559 credebant
1805 2483 1858 2556 his

372 2629 462 2703 quae
488 2607 705 2688 dicebantur,
741 2600 882 2695 quidam
913 2621 1000 2672 vero
1035 2622 1104 2672 non
1138 2603 1343 2678 credebant:
1396 2589 1584 2700 ”cumque
1614 2604 1761 2676 invicem
1788 2625 1859 2676 non

372 2735 490 2800 essent
516 2723 781 2805 consentientes,
808 2718 1038 2794 discedebant
1065 2714 1203 2794 dicente
1228 2723 1335 2798 Paulo
1364 2747 1468 2798 unum
1494 2726 1641 2798 verbum
1668 2725 1749 2816 quia
1766 2725 1858 2794 bene

372 2845 510 2940 spiritus
548 2851 687 2916 sanctus
722 2841 859 2912 locutus
891 2849 947 2911 est
972 2859 1036 2933 per
1067 2839 1207 2914 Esaiam
1246 2844 1453 2938 prophetam
1488 2845 1534 2917 ad
1570 2853 1688 2940 patres
1719 2855 1858 2916 nostros

370 2957 531 3037 ”dicens
556 2960 654 3032 Vade
681 2959 727 3031 ad
753 2961 918 3054 populum
945 2960 1048 3034 istum
1074 2969 1111 3031 et
1137 2960 1194 3032 die
1219 2959 1313 3034 Aure
1341 2965 1490 3038 audietis
1517 2974 1552 3036 et
1583 2985 1654 3034 non
1679 2963 1857 3055 intellege-

371 3087 422 3168 tis,
451 3083 610 3155 videntes
637 3073 817 3150 ’videbitis
843 3089 879 3151 et
905 3099 975 3151 non
1001 3079 1175 3153 videbitis:
1218 3073 1486 3158 ”incrassatum
1514 3093 1568 3154 est
1592 3082 1683 3154 enim
1711 3103 1773 3154 cor
1791 3103 1857 3176 po-

371 3203 441 3297 puli
473 3200 588 3284 huius,
622 3209 658 3270 et
690 3199 830 3271 auribus
862 3199 1013 3291 graviter
1047 3198 1228 3272 audieruut
1260 3211 1295 3272 et
1322 3203 1443 3274 oculos
1471 3223 1554 3274 suos
1581 3211 1856 3294 conpresserunt,

371 3343 415 3392 ne
440 3323 528 3392 lorte
555 3319 697 3391 videant
731 3319 839 3391 oculis
872 3333 908 3390 et
941 3318 1082 3390 auribus
1109 3319 1250 3392 audiant
1284 3331 1319 3392 et
1345 3321 1453 3394 corde
1487 3320 1684 3412 intellegunt
1709 3328 1746 3390 et
1771 3341 1856 3391 con-

370 3445 545 3512 vertantur
571 3448 607 3509 et
631 3455 754 3510 sanem
779 3438 865 3510 illos.
916 3429 944 3476 ¹⁸
959 3438 1086 3510 Notum
1105 3458 1192 3530 ergo
1219 3439 1262 3510 sit
1286 3439 1387 3512 vobis
1406 3440 1568 3532 quoniam
1587 3439 1747 3532 gentibus
1773 3439 1856 3510 mis-

358 3567 446 3630 sum
475 3567 529 3629 est
554 3557 623 3629 hoc
650 3559 800 3630 salutare
827 3556 902 3628 dei:
930 3557 996 3649 ipsi
1023 3567 1060 3628 ot
1085 3555 1234 3630 audient.
1286 3550 1313 3596 ³⁰
1325 3558 1450 3631 Mansit
1475 3568 1591 3632 autem
1617 3558 1756 3632 biennio
1784 3569 1857 3630 toto

370 3680 403 3749 iu
430 3697 494 3749 suo
512 3675 695 3761 conductu,
721 3684 758 3746 et
774 3675 985 3768 suscipiebat
1002 3697 1125 3748 omnes
1143 3677 1200 3768 qui
1227 3676 1507 3769 ingrediebantur
1525 3677 1571 3750 ad
1589 3697 1679 3762 eum,
1712 3669 1735 3714 ³¹
1751 3697 1856 3770 prae-

371 3796 490 3868 dicans
522 3815 668 3888 regnum
703 3794 761 3868 dei
792 3803 827 3866 et
857 3793 989 3866 docens
1024 3817 1115 3888 quac
1149 3803 1229 3868 sunt
1260 3796 1307 3867 de
1339 3797 1480 3868 domino
1513 3797 1590 3869 lesu
1616 3795 1751 3868 Christo
1777 3815 1855 3890 cum

371 3915 464 3985 omni
489 3913 617 3987 fiducia
643 3914 718 3985 sine
745 3911 983 4006 prohibitione.
1027 3915 1149 3986 Amen.

704 4079 879 4146 EXPLlClT
906 4081 1014 4145 LIBER
1042 4079 1199 4147 horton
1225 4080 1520 4146 apostotorum.

913 4197 990 4262 DEO
1013 4199 1177 4264 suculas
1198 4199 1314 4264 ΑΜΕΝ.
