4220 6124
752 397 934 501 urlswtn
959 397 1011 462 Ao
1039 397 1266 464 CORINTHIOS
1293 400 1312 459 l.

971 675 1048 744 VIII.
1075 778 1078 788 Ι

346 873 488 954 *impe
523 882 576 952 his
611 891 726 953 autem
759 901 849 972 quae
882 878 987 951 idolis
1013 877 1260 958 sacrificantur,
1289 877 1416 948 scimus
1443 879 1604 970 quoniam
1631 897 1753 950 omnes

273 1003 447 1074 scientiam
482 1003 661 1074 babemus.
716 1001 864 1072 Scientia
895 999 1008 1086 inllat,
1036 998 1159 1070 caritas
1185 1015 1271 1069 vero
1298 995 1467 1069 aedificat.
1519 991 1583 1068 ²Si
1610 999 1685 1092 quis
1713 1019 1752 1067 se

273 1115 465 1195 'existimat
491 1123 580 1194 scire
607 1121 752 1214 aliquid,
787 1119 942 1192 nondum
970 1118 1132 1212 cognovit
1164 1115 1459 1209 quemadmodum
1486 1127 1647 1212 oporteat
1673 1139 1753 1188 eum

273 1241 378 1311 scire:
420 1233 479 1312 ³si
507 1243 582 1335 quis
609 1251 723 1313 autem
750 1241 857 1334 diligit
883 1241 1005 1326 deum,
1034 1241 1088 1310 hic
1114 1237 1269 1328 cognitus
1296 1247 1349 1308 est
1375 1239 1419 1309 ab
1447 1260 1501 1309 ec.
1553 1225 1636 1308 ‘lle
1662 1237 1753 1308 escis

273 1371 386 1432 autem
414 1381 503 1453 quae
536 1359 638 1433 idolis
670 1361 903 1448 immolantur,
931 1361 1059 1433 scimus
1097 1357 1176 1454 quia
1209 1357 1290 1428 nihil
1317 1366 1371 1428 est
1396 1357 1525 1428 idolum
1552 1357 1586 1428 in
1611 1357 1751 1440 munde,

273 1489 308 1552 et
334 1479 429 1573 quod
454 1483 565 1553 nullus
592 1482 680 1553 deus
705 1481 769 1553 nisi
794 1503 897 1554 unus:
949 1475 1060 1551 ⁵nam
1086 1479 1151 1550 etsi
1178 1487 1254 1549 sunt
1281 1479 1338 1571 qui
1365 1477 1521 1549 dieantur
1547 1477 1594 1550 dii
1618 1477 1692 1550 sive
1720 1477 1755 1547 in

273 1601 371 1672 eaelo
398 1601 471 1673 sive
497 1603 532 1673 in
558 1612 658 1687 terra,
687 1601 855 1694 siquidem
881 1611 960 1672 sunt
987 1599 1033 1671 dii
1060 1599 1153 1669 multi
1180 1608 1215 1668 et
1241 1597 1371 1670 domini
1397 1599 1505 1684 multi,
1548 1589 1680 1670 ⁶nobis
1699 1609 1752 1668 ta-

273 1741 354 1793 men
380 1743 466 1793 unus
493 1721 580 1794 deus
607 1733 642 1793 et
669 1731 774 1815 pater,
803 1742 848 1790 ex
874 1743 944 1815 quo
973 1719 1089 1792 omnia
1114 1729 1149 1789 et
1173 1740 1238 1790 nos
1264 1719 1297 1788 in
1324 1719 1433 1804 illum,
1462 1728 1498 1789 et
1523 1741 1611 1790 unus
1637 1719 1752 1791 domi-

273 1863 338 1912 nus
364 1843 459 1912 lesus
490 1841 659 1926 Christus,
696 1861 758 1936 per
790 1863 894 1934 quem
929 1839 1044 1912 omnia
1077 1847 1112 1910 et
1137 1861 1202 1910 nos
1229 1859 1292 1932 per
1318 1839 1439 1932 ipsum.
1492 1831 1595 1928 YSed
1622 1861 1692 1911 non
1719 1840 1753 1910 in

275 1959 433 2031 omnibus
460 1955 514 2031 est
549 1959 704 2031 scientia:
735 1959 874 2054 quidam
909 1969 1025 2031 autem
1052 1957 1260 2030 conscientia
1292 1980 1403 2052 usque
1430 1981 1519 2031 nunc
1544 1957 1627 2031 idoli
1654 1959 1753 2053 quasi

274 2075 522 2174 ‘idolothytum
555 2078 777 2166 manducant,
812 2091 847 2152 et
880 2081 1088 2152 conscientia
1120 2081 1290 2174 ipsorum,
1327 2101 1406 2152 eum
1433 2079 1477 2152 sit
1502 2079 1644 2165 infirma,
1671 2081 1750 2174 pol-

272 2200 380 2271 luitur.
431 2193 550 2271 ⁸Esoa
577 2209 692 2271 autem
718 2222 783 2272 uos
808 2223 878 2272 uon
905 2199 1125 2272 commendat
1151 2199 1237 2273 deo:
1265 2221 1380 2292 neque
1407 2199 1436 2271 si
1461 2221 1532 2272 non
1557 2199 1749 2272 manduca-

272 2319 424 2390 verimus
457 2319 672 2404 deficiemus,
713 2341 826 2414 neque
857 2319 886 2394 si
920 2320 1242 2392 manducaverimus
1277 2319 1538 2392 abundavimus.
1596 2309 1749 2394 9llidete

273 2449 386 2510 autem
412 2461 456 2511 ne
482 2441 570 2510 lorte
597 2439 684 2510 baec
708 2440 842 2512 lieentia
867 2450 984 2514 vestra
1011 2441 1253 2513 offendiculum
1279 2440 1339 2512 liat
1364 2439 1513 2512 infirmia.
1553 2433 1579 2480 ⁴⁰
1596 2441 1630 2512 Si
1658 2441 1748 2513 enim
1785 2435 1788 2438 ’

272 2559 348 2652 quis
374 2553 498 2632 viderit
523 2581 602 2632 eum
629 2561 686 2654 qui
713 2559 817 2632 babet
843 2559 1019 2632 scientiam
1046 2561 1079 2631 in
1106 2561 1199 2634 idolo
1226 2561 1495 2646 recumbentem,
1522 2583 1637 2632 nonne
1663 2583 1749 2633 con-

272 2679 412 2751 scientia
440 2681 523 2766 eius,
550 2703 627 2752 cum
655 2683 698 2753 sit
723 2681 865 2762 infirma,
891 2679 1128 2753 aedificabitur
1158 2680 1507 2754 admanducandum
1533 2681 1749 2777 idolothyta?

273 2791 294 2835 ¹¹
311 2811 346 2870 et
371 2801 496 2894 peribit
521 2801 673 2873 infirmus
699 2803 734 2872 in
761 2813 817 2873 tua
853 2802 1009 2888 scicntia,
1045 2803 1148 2874 irater
1175 2813 1318 2896 propter
1344 2822 1448 2894 quem
1476 2801 1627 2874 Christus
1653 2823 1749 2873 mor-

273 2927 351 2990 tuus
378 2930 440 2990 est.
493 2913 518 2960 ¹²
535 2923 590 2993 Sic
617 2933 731 2993 autem
758 2932 944 3014 peccantes
970 2923 1004 2993 in
1029 2923 1151 2994 iratres
1185 2933 1220 2994 et
1246 2921 1477 3016 percutientes
1504 2923 1746 2995 conscientiam

273 3059 394 3108 eorum
426 3037 592 3110 infirmam
627 3042 660 3111 in
693 3041 825 3113 Christo
863 3043 1025 3134 peccatis.
1078 3035 1103 3080 ⁴³
1117 3045 1336 3137 Quapropter
1369 3043 1397 3112 si
1430 3039 1512 3112 es'ca
1539 3041 1749 3114 scandalizat

273 3149 412 3226 tratrem
439 3179 571 3244 meum,
605 3181 674 3231 non
708 3161 924 3234 manducabo
952 3181 1089 3232 earnem
1116 3162 1150 3233 in
1177 3173 1371 3246 aeternum,
1398 3182 1442 3231 ne
1469 3161 1606 3233 fratrem
1633 3183 1748 3233 meum

275 3275 514 3347 scandalizem.

988 3525 1040 3594 IX.

352 3715 431 3771 ””’)
448 3725 524 3796 Non
552 3747 628 3796 sum
655 3726 764 3798 liberi
791 3749 862 3799 non
888 3751 963 3800 sum
990 3729 1191 3823 apostolus?
1218 3749 1331 3800 nonne
1358 3729 1469 3800 lesum
1488 3728 1663 3800 dominum
1681 3749 1746 3800 no-

272 3853 382 3930 strum
408 3844 503 3916 vidi‘l
529 3847 759 3941 noune'opus
785 3869 899 3920 meum
926 3869 991 3920 vos
1017 3849 1100 3921 estis
1125 3850 1159 3919 in
1185 3847 1352 3920 domino?
1390 3842 1450 3919 2Si
1478 3849 1550 3920 aliis
1576 3869 1646 3920 non
1672 3871 1748 3920 sum

274 3965 470 4058 apostolus,
507 3965 572 4038 sed
604 3977 719 4040 tamen
744 3968 846 4040 vobis
872 3990 965 4040 sum:
1000 3991 1079 4040 nam
1113 3969 1324 4062 signaculum
1351 3969 1564 4062 apostolatus
1590 3970 1748 4041 mei‘vos

276 4085 359 4155 estis
385 4085 418 4156 in
445 4085 595 4158 domino.
648 4079 750 4159 ³Mea
777 4087 930 4164 defensio
963 4099 1046 4184 aput
1079 4111 1142 4161 eos
1168 4089 1225 4182 qui
1251 4109 1308 4160 me
1334 4089 1546 4182 interrogant
1571 4089 1659 4161 haec
1685 4097 1768 4162 est'

275 4195 473 4299 ‘Numquid
498 4229 567 4277 non
593 4207 762 4280 habemus
788 4219 995 4304 potestatem
1021 4208 1252 4284 manducandi
1278 4219 1314 4280 et
1338 4209 1504 4283 bibendi?
1547 4201 1749 4302 ⁵Numquid

277 4345 347 4394 non
373 4325 541 4398 habemus
567 4338 772 4420 potestatem
798 4351 955 4400 sororem
980 4332 1157 4403 mulierem
1175 4329 1461 4416 circumducendi,
1488 4329 1574 4401 sicut
1592 4339 1627 4400 et
1644 4331 1750 4402 ceteri

278 4443 422 4536 apostoli
449 4455 484 4515 et
509 4447 629 4518 iratres
656 4447 783 4518 domini
811 4459 846 4519 et
872 4449 1034 4542 Cephas‘l
1077 4442 1171 4522 Ἀιιι
1197 4451 1290 4522 solus
1316 4473 1384 4544 ego
1418 4459 1453 4522 et
1477 4450 1653 4522 Barnabas
1679 4471 1749 4522 non

279 4562 447 4636 habemus
481 4575 687 4658 potestatem
723 4569 790 4638 hoe
823 4569 1014 4661 operandi‘l
1064 4563 1175 4656 'Quis
1207 4571 1325 4643 militat
1357 4571 1428 4644 suis
1460 4569 1637 4663 stipendiis
1669 4593 1748 4642 um·
1841 4557 1844 4578 ¹

218 4731 219 4736 =
277 4687 406 4776 quaml
441 4686 525 4771 Quis
551 4688 686 4781 ¹plantat
717 4689 854 4761 vineam
888 4699 922 4760 et
953 4689 1000 4762 de
1033 4687 1161 4762 'fructu
1194 4691 1266 4762 eius
1291 4711 1361 4762 non
1388 4689 1485 4762 edit‘l
1518 4690 1601 4775 Quis
1628 4701 1748 4784 pascet

276 4827 420 4898 gregem
447 4817 482 4876 et
507 4803 553 4878 de
578 4809 667 4880 lacte
693 4808 809 4901 gregis
842 4829 910 4880 non
936 4810 1141 4907 manducati
1184 4800 1386 4902 ⁸Num'quid
1419 4807 1609 4881 secundum
1635 4811 1747 4882 bomi-

220 4945 225 4950 ·
275 4945 355 4994 nem
383 4925 468 4997 haec
494 4927 583 5013 dico
611 4951 655 4998 un
681 4939 716 4998 et
741 4927 799 4998 lex
815 4927 912 5000 'baec
937 4951 1007 5000 non
1033 4929 1139 5000 dicit?
1186 4920 1386 5022 ⁹Scriptum
1413 4939 1467 5000 est
1492 4931 1582 5002 enim
1608 4933 1643 5002 in
1668 4931 1747 5024 leg'e

276 5045 363 5117 blasi
388 5047 466 5118 Non
492 5047 647 5140 alligabis
675 5069 715 5120 os
741 5049 824 5120 bovi
849 5048 1023 5119 trituranti.
1066 5047 1238 5140 Numquid
1265 5048 1311 5122 de
1337 5049 1450 5121 bubus
1477 5071 1559 5122 cura
1586 5061 1640 5122 est
1665 5051 1744 5137 deo,

277 5155 357 5236 '⁰an
384 5178 527 5260 propter
559 5190 625 5239 nos
652 5169 766 5262 utique
793 5167 900 5241 dicit?
933 5167 1019 5240 Nau'r
1045 5179 1188 5263 propter
1213 5190 1277 5240 nos
1304 5169 1430 5264 scripta
1456 5181 1548 5256 sunt,
1584 5173 1745 5264 quoniam

830 5287 898 5360 VIII
938 5291 951 5358 l
988 5327 1033 5341 -
1061 5289 1113 5374 IX,
1143 5292 1199 5360 l0.
