4242 6118
713 393 955 458 evacuentur
981 393 1182 476 ssuunnuu
1208 391 1333 458 nucnn
1696 383 1769 464 tal

273 501 553 512 ...a—nm

273 602 408 683 decern,
436 599 465 668 si
492 596 683 693 perdiderit
709 587 1031 689 dragmam‘unam
1059 617 1174 668 nonne
1201 592 1362 666 accendit
1388 593 1565 664 lucernam
1592 605 1628 666 et
1646 596 1770 666 evertit

174 757 183 776 ι
273 713 417 790 domum
443 725 479 787 et
513 716 647 810 quaerit
678 714 877 806 diligenter,
906 713 1019 785 donec
1044 715 1220 788 inueniat?
1264 705 1340 783 ”m
1366 730 1445 784 cum
1472 713 1655 800 invenerit,
1683 736 1771 786 cun-

272 846 379 909 vocat
404 836 536 906 amicas
564 844 599 905 et
624 834 757 906 vicima
785 833 908 904 dicens
925 833 1213 926 Congratulamini
1231 831 1328 917 mibi,
1355 831 1437 924 quia
1454 831 1569 904 inveni
1587 834 1770 928 dragmam

274 975 378 1048 quam
406 953 639 1046 perdideram.
693 943 720 989 ⁴⁰
737 942 828 1000 Μ)
847 953 896 1022 lta
931 951 1011 1024 dico
1046 953 1148 1024 vobis
1181 951 1352 1044 gaudium
1386 950 1452 1022 erit
1484 971 1603 1024 coram
1638 954 1771 1046 angelis

273 1075 331 1146 dei
358 1091 464 1166 super
489 1093 558 1145 uno
585 1080 773 1166 peccatore
807 1071 1048 1164 paenitentiam
1084 1080 1218 1163 agente.
1275 1059 1301 1104 ⁴¹
1316 1061 1419 1116 ‹tuto›
1431 1069 1489 1142 Ait
1514 1081 1629 1144 autern
1656 1075 1770 1144 Homo

273 1191 414 1294 quidam
440 1190 559 1262 babuit
585 1189 677 1262 duos
704 1189 802 1262 lilios.
856 1183 882 1228 ⁴¹
898 1191 941 1264 Et
967 1189 1055 1262 dixit
1080 1189 1341 1262 adulescentior
1373 1209 1420 1260 ex
1452 1187 1516 1260 illis
1543 1193 1631 1284 patri
1657 1192 1768 1276 Pater,

274 1309 320 1381 da
345 1307 427 1380 mibi
460 1309 658 1402 portionem
693 1309 907 1381 substantiae
938 1329 1028 1403 quae
1061 1331 1119 1381 me
1152 1307 1330 1400 contingit.
1383 1305 1426 1378 Et
1452 1307 1566 1381 divisit
1591 1311 1655 1382 illis
1681 1311 1767 1382 sub-

273 1427 441 1500 stantiam.
494 1419 522 1464 ¹³
537 1429 580 1500 Et
606 1449 677 1500 non
702 1437 784 1521 post
811 1430 936 1501 multos
965 1429 1041 1502 dies
1069 1427 1294 1520 congregatis
1321 1427 1483 1518 omnibus
1510 1429 1767 1502 adulescentior

273 1547 360 1618 filius
391 1567 542 1640 peregre
576 1548 755 1641 proiectus
789 1556 845 1618 est
878 1548 912 1618 in
944 1549 1125 1640 regionem
1159 1545 1400 1640 longinquam,
1440 1555 1475 1618 et
1506 1548 1554 1619 ibi
1584 1547 1767 1642 dissipavit

175 1707 177 1712 ,
271 1665 497 1738 substantiam
524 1687 623 1737 suam
650 1666 804 1738 vivendo
830 1667 1018 1740 luxuriose.
1071 1656 1098 1703 ⁴⁴
1113 1665 1157 1736 llt
1182 1675 1371 1760 postquam
1389 1667 1505 1748 omnia
1523 1687 1764 1738 consummas-

272 1795 340 1872 set,
368 1787 460 1859 lacta
493 1795 548 1856 est
580 1786 692 1857 tames
728 1786 845 1858 valida
876 1786 912 1860 in
943 1785 1090 1878 regione
1115 1785 1180 1871 illa,
1208 1793 1245 1856 ct
1269 1786 1347 1879 ipse
1372 1786 1488 1880 coepit
1513 1805 1637 1880 egere:
1691 1780 1718 1823 ⁴⁵
1730 1795 1766 1858 et

271 1905 354 1978 abiit
380 1913 415 1976 et
441 1902 578 1976 adhesit
602 1905 661 1976 uni
688 1906 813 1978 civium
844 1905 998 1998 regionis
1023 1905 1128 1988 illius,
1165 1913 1201 1975 et
1226 1905 1318 1976 misit
1342 1905 1434 1978 illum
1460 1907 1495 1976 in
1519 1906 1635 2002 villam
1663 1926 1764 1976 suam

271 2033 308 2094 ut
340 2032 503 2117 pasceret
535 2043 675 2118 porcos.
728 2015 756 2061 ¹⁶
771 2025 815 2096 Et
851 2024 1015 2120 cupiebat
1044 2023 1191 2116 implere
1230 2033 1386 2096 ventrem
1404 2045 1519 2122 suum
1554 2024 1602 2096 de
1634 2023 1763 2116 siliquis

270 2161 356 2235 quas
382 2142 479 2235 porci
514 2143 787 2230 manducabant;
826 2154 863 2216 et
894 2163 1000 2215 nemo
1032 2141 1078 2212 illi
1113 2140 1229 2214 dabat.
1282 2135 1309 2180 Π
1324 2144 1361 2214 ln
1392 2163 1431 2215 se
1458 2154 1574 2216 numm
1600 2161 1764 2216 reversus

270 2261 357 2333 dixit
388 2261 514 2346 Quanti
549 2263 778 2335 mercennarii
811 2263 920 2358 patris
952 2262 1021 2332 mei
1056 2259 1234 2334 abundant
1267 2263 1432 2358 panibus,
1468 2283 1538 2356 ego
1565 2269 1681 2334 autem
1708 2262 1777 2348 hic,

270 2381 362 2453 lame
392 2399 512 2473 pereo.
564 2371 591 2416 ⁴⁸
607 2381 755 2475 Surgam
788 2393 825 2454 et
858 2383 919 2454 ibo
953 2381 1000 2454 ad
1032 2388 1169 2474 patrem
1202 2401 1320 2454 meum
1352 2391 1388 2454 et
1420 2382 1533 2454 dicam
1569 2381 1615 2452 illi
1649 2379 1762 2472 Pater,
1855 2453 1861 2458 .

269 2501 412 2595 peccavi
437 2500 472 2570 in
498 2499 633 2570 caelum
660 2511 696 2572 et
721 2521 842 2574 coram
868 2511 922 2584 ts,
966 2491 1041 2570 ⁴⁹ct
1071 2497 1140 2570 iam
1167 2521 1238 2573 non
1270 2521 1348 2574 sum
1380 2502 1505 2594 dignus
1529 2502 1649 2574 vocari
1675 2499 1762 2572 tilius

268 2629 363 2692 tuns:
389 2620 446 2690 lac
471 2635 528 2688 mc
562 2617 650 2690 sicut
681 2641 787 2694 unum
822 2620 869 2695 de
903 2617 1150 2691 mercennariis
1176 2621 1251 2692 tuis.
1303 2613 1331 2658 ¹⁰
1345 2621 1388 2694 Et
1424 2641 1571 2714 surgens
1596 2621 1691 2692 venit
1717 2617 1763 2692 ad

269 2749 404 2834 patrem
430 2757 540 2811 suum.
593 2738 679 2810 Cum
706 2749 822 2812 autem
850 2739 966 2812 adhuc
999 2739 1106 2831 longe
1139 2749 1249 2826 esset,
1283 2739 1370 2814 vidit
1399 2740 1491 2812 illurn
1518 2750 1618 2834 pater
1643 2741 1761 2834 ipsius,

269 2867 305 2929 et
331 2855 569 2928 misericordia
594 2867 709 2930 motus
735 2867 790 2930 cst
817 2867 853 2929 et
878 2877 1065 2930 accurrens
1091 2859 1218 2932 cecidit
1243 2881 1350 2953 supra
1376 2859 1502 2931 collum
1535 2859 1610 2932 eius
1638 2869 1675 2932 et
1701 2881 1761 2932 os-

269 2979 400 3050 culatus
427 2986 481 3048 est
507 2997 597 3048 eum.
649 2968 674 3016 ²¹
692 2977 857 3070 Dixitque
883 2977 915 3048 ei
941 2975 1029 3048 filius
1055 2976 1167 3066 Pater,
1195 2980 1341 3074 peccavi
1366 2977 1563 3052 in-caelum
1589 2989 1625 3052 et
1642 3000 1759 3052 coram

269 3106 312 3183 te,
338 3097 408 3168 iam
434 3117 504 3168 non
530 3116 606 3166 sum
634 3095 759 3188 dignus
784 3095 905 3169 vocari
931 3092 1020 3166 filius
1046 3103 1134 3168 tuus.
1178 3094 1205 3140 ²²
1221 3101 1314 3172 Dixit
1340 3105 1456 3170 autem
1481 3106 1583 3192 pater
1609 3099 1656 3170 ad
1683 3119 1760 3170 ser-

267 3237 334 3288 vos
360 3237 444 3288 suos
471 3213 545 3287 Cito
570 3216 724 3308 proferte
751 3217 876 3287 stolam
911 3213 1057 3307 primam
1091 3225 1127 3288 et
1157 3207 1288 3292 induite
1313 3219 1424 3303 illum,
1452 3225 1488 3288 et
1513 3215 1595 3288 date
1621 3211 1759 3286 anulum

268 3336 303 3406 in
329 3355 468 3408 manum
495 3333 569 3405 eins
596 3343 632 3405 et
657 3335 881 3405 calciamenta
915 3334 949 3404 in
981 3333 1110 3426 pedes,
1155 3327 1183 3376 ¹³
1200 3349 1236 3411 et
1262 3336 1424 3411 adducite
1449 3335 1591 3407 vitulum
1618 3331 1758 3424 sagina-

268 3463 403 3526 tumet
435 3453 598 3538 occidite,
630 3462 667 3524 et
697 3451 949 3524 manducemus
983 3461 1020 3523 et
1051 3456 1247 3547 epulemur,
1297 3447 1324 3496 ¹⁸
1341 3456 1421 3549 quia
1452 3455 1508 3526 hic
1539 3451 1628 3524 filim
1658 3467 1758 3520 meus

268 3583 424 3644 mortuus
450 3582 525 3644 erat
551 3581 586 3644 et
610 3573 744 3657 revixit,
770 3571 922 3666 perierat
947 3580 983 3642 et
1014 3573 1174 3647 inventus
1210 3585 1290 3648 ests
1324 3575 1368 3646 llt
1401 3581 1592 3668 coeperunt
1617 3568 1757 3663 epulari.

266 3681 388 3764 ”Erat
413 3701 529 3762 autem
555 3690 643 3762 filius
669 3689 743 3761 eius
769 3689 886 3760 senior
911 3689 946 3759 in
972 3711 1075 3784 agro:
1104 3703 1141 3764 et
1167 3716 1246 3768 cum
1271 3695 1405 3767 veniret
1438 3701 1473 3764 et
1498 3690 1757 3784 appropinqua-

267 3823 320 3881 ret
345 3809 474 3890 domui,
501 3807 631 3881 audivit
657 3807 900 3902 symphoniam
926 3793 1149 3898 stolorum,
1196 3803 1272 3885 ¹⁸et
1305 3813 1443 3885 vocavit
1476 3831 1582 3882 unum
1608 3808 1655 3880 de
1680 3827 1756 3880 ser-

269 3929 320 4000 vis
346 3939 383 4001 et
406 3928 630 4022 interrogavit
655 3949 745 4021 quae
771 3927 861 3998 baec
887 3938 1014 3999 essent.
1067 3921 1095 3967 ¹²
1110 3932 1215 4024 Isque
1248 3931 1336 4004 dixit
1360 3931 1406 4004 itti
1434 3931 1554 4001 Frater
1586 3939 1664 4000 turus
1690 3947 1755 3998 vc-

265 4049 323 4132 nit‚
350 4058 386 4119 et
412 4047 538 4119 occidit
570 4057 671 4140 pater
704 4056 783 4118 tuus
815 4045 958 4118 vitulum
990 4047 1202 4139 saginatum,
1229 4050 1310 4145 quia
1335 4050 1468 4122 salvum
1494 4049 1587 4119 illum
1614 4047 1755 4139 recepit.

265 4157 501 4258 ²⁸Indignatus
537 4173 592 4237 est
625 4175 740 4236 autem
773 4175 808 4236 et
840 4165 985 4237 nolebat
1016 4167 1165 4239 introire
1219 4170 1322 4241 Pater
1354 4190 1441 4261 ergo
1472 4168 1560 4238 illius
1587 4185 1754 4258 egressus

266 4287 382 4378 coepit
407 4305 536 4378 rogare
560 4285 664 4356 illum.
716 4279 800 4356 ”At
824 4283 880 4356 ille
906 4284 1127 4378 respondens
1153 4287 1240 4360 dixit
1264 4289 1353 4382 patri
1380 4307 1445 4359 suo
1472 4287 1563 4358 lloce
1590 4293 1642 4358 tot
1659 4283 1756 4354 annis

266 4405 381 4476 servio
409 4405 470 4476 tibi
496 4413 532 4476 et
555 4423 743 4497 numquam
765 4395 969 4477 'mandatum
1002 4411 1111 4476 tuum‘
1129 4408 1307 4499 praeterii,
1349 4417 1384 4478 et
1414 4425 1602 4498 numquam
1629 4402 1756 4477 dedisti

266 4523 348 4593 mihi
379 4523 510 4598 badum
549 4532 586 4594 ut
620 4543 699 4594 curn
733 4523 852 4594 amicis
878 4523 966 4594 meis
999 4525 1174 4618 epularer:
1214 4517 1242 4563 ³⁰
1257 4526 1323 4599 sed
1348 4535 1536 4620 postquam
1562 4521 1650 4594 filius
1677 4531 1755 4592 tuus

265 4639 321 4712 hic
346 4643 404 4735 qui
430 4642 613 4715 devoravit
638 4640 864 4713 substantiam
891 4661 991 4714 suam
1018 4663 1097 4713 cum
1123 4645 1362 4716 meretricibus
1388 4645 1490 4728 veuit
1518 4641 1675 4716 occidisti
1709 4639 1756 4710 illi

264 4760 407 4832 vitulum
433 4763 636 4854 saginatum.
686 4751 710 4798 ³⁴
724 4757 770 4830 At
802 4761 879 4853 ipse
911 4759 999 4832 dixit
1028 4761 1075 4832 illi
1107 4761 1194 4846 Filii,
1229 4770 1265 4832 tu
1296 4782 1438 4854 semper
1472 4783 1608 4833 mecum
1636 4781 1692 4845 es,
1721 4767 1756 4828 et

265 4881 380 4950 omnia
406 4901 486 4952 mea
511 4891 571 4954 tua
597 4889 691 4952 sunt:
734 4869 761 4916 ³²
778 4879 909 4972 epulari
936 4889 1051 4951 autem
1079 4887 1116 4950 et
1140 4879 1297 4971 gaudere
1323 4881 1517 4980 oportebat,
1545 4880 1625 4974 qula
1650 4881 1755 4952 irater

265 5007 343 5069 tuus
369 4999 426 5070 bic
451 5009 608 5072 mortuus
635 5007 711 5070 erat
736 5007 771 5069 ct
797 4996 930 5082 revixit
956 4999 1108 5091 perierat
1134 5007 1171 5068 et
1195 4998 1355 5071 inventus
1380 5007 1445 5070 est.

869 5115 938 5199 XV,
967 5119 989 5187 a
1021 5151 1065 5167 -
1096 5119 1155 5190 32.
