4254 6130
357 333 454 460 'ull
824 393 932 454 LIBER
957 389 1107 454 AG'IUUII
1134 391 1411 456 APOSTOLOIIUII

381 598 464 669 lavit
490 599 611 691 plagas
638 617 776 679 eorum,
811 605 845 665 et
877 596 1069 694 baptizatus
1103 606 1158 692 est
1191 597 1266 690 ipse
1293 607 1329 669 et
1356 598 1468 669 omnis
1495 594 1620 668 domus
1646 597 1720 666 eius
1747 597 1858 667 conti-

381 740 469 790 nuo:
512 705 540 754 33
557 737 704 808 cumque
730 714 954 808 perduxisset
980 737 1043 787 eos
1069 717 1103 787 in
1130 715 1272 788 domum
1299 739 1409 803 suam,
1439 717 1601 810 adposuit
1626 717 1676 788 eis
1702 739 1858 788 mansam

382 848 417 909 et
442 837 587 908 laetatus
614 845 668 907 est
695 856 773 906 cum
800 835 891 904 omni
918 835 1026 907 domo
1052 857 1115 909 sua
1142 837 1289 909 credens
1315 836 1394 908 deo.
1437 830 1517 908 ³⁵Et
1544 859 1622 909 cum
1650 837 1725 908 dies
1750 839 1860 908 lactus

382 967 491 1041 esset,
531 956 696 1026 miserunt
737 955 955 1048 magistratus
1001 957 1140 1028 lictores
1179 957 1333 1030 dicentes
1371 957 1535 1028 Dimittite
1574 956 1745 1031 homines
1774 959 1858 1029 illos.

380 1071 407 1115 ³⁶
424 1077 593 1148 Nuntiavit
619 1084 734 1146 autem
762 1084 878 1146 custos
905 1077 1055 1148 carceris
1080 1079 1189 1148 verba
1216 1077 1304 1148 baec
1331 1077 1454 1162 Paulo,
1482 1079 1561 1171 quia
1589 1078 1756 1150 miserunt
1782 1101 1859 1149 ma-

381 1198 541 1290 gistratus
567 1206 603 1266 ut
629 1194 860 1266 dimittamini:
886 1217 976 1266 nuno
1002 1197 1103 1288 igitur
1129 1207 1296 1268 exeuntes
1323 1198 1368 1268 ite
1395 1197 1429 1267 in
1455 1219 1552 1291 pace.
1606 1191 1769 1270 3'Pardus
1796 1220 1859 1270 au-

381 1327 451 1388 tem
478 1317 566 1388 dixit
591 1316 643 1387 eis
670 1316 799 1388 Caesos
826 1337 890 1387 nos
916 1317 1052 1408 publice
1078 1317 1296 1388 indemnatos
1322 1317 1479 1388 homiues
1506 1319 1677 1390 Romanos
1695 1319 1860 1390 miserunt

381 1439 413 1508 in
441 1457 633 1522 carcerem,
668 1431 703 1507 et
735 1457 825 1508 nune
857 1435 1061 1536 abscondite
1091 1457 1155 1508 nos
1189 1437 1338 1508 eiciunt‘l
1371 1437 1448 1508 Non
1481 1437 1545 1526 ita,
1570 1438 1635 1510 sed
1659 1440 1799 1510 veniant
1824 1449 1859 1509 et

381 1559 445 1652 ipsi
471 1579 537 1628 nos
564 1557 696 1627 eiciant.
747 1548 774 1593 33
791 1555 1037 1628 Nuntiavemnt
1062 1567 1176 1626 autem
1200 1557 1456 1650 magistratibus
1473 1557 1610 1628 lictores
1628 1559 1737 1630 verba
1755 1559 1857 1630 baec:

380 1679 631 1770 timueruntque
657 1676 774 1749 audito
802 1675 895 1767 quod
920 1676 1064 1746 Romani
1091 1686 1222 1760 essent,
1272 1669 1300 1714 33
1312 1687 1348 1748 et
1373 1678 1550 1749 venientes
1577 1677 1754 1772 deprecati
1781 1677 1858 1750 sunt

381 1821 453 1883 eos,
482 1810 517 1870 et
543 1797 731 1896 educentes
758 1796 927 1888 rogabant
954 1805 1051 1866 utet
1082 1797 1332 1889 egrederentur
1365 1773 1509 1868 urbem..
1549 1788 1576 1834 ⁴⁰
1592 1799 1768 1870 Exeuntes
1794 1821 1856 1870 au-

380 1930 450 1990 tem
478 1919 524 1990 de
550 1939 692 1989 carcere
718 1917 919 1988 introiemnt
952 1915 998 1986 ad
1031 1916 1189 2008 Lydiam,
1218 1926 1253 1988 et
1285 1919 1367 1990 visis
1401 1919 1560 1991 tratribus
1589 1919 1755 1992 consolati
1781 1929 1858 1990 sunt

382 2061 455 2122 eos,
484 2049 519 2109 et
545 2039 689 2131 proiecti
713 2029 803 2108 sunt.

1071 2313 1165 2382 XVII.

457 2511 571 2590 ⁴Cum
598 2527 711 2590 autem
729 2518 1026 2611 perambulassent
1042 2517 1237 2612 Amfipolim
1256 2528 1291 2588 et
1307 2517 1533 2612 Apolloniam,
1560 2529 1729 2590 venerunt
1746 2521 1856 2591 Thes-

381 2638 587 2722 salonicam,
622 2637 682 2709 ubi
715 2647 791 2708 erat
823 2659 1005 2732 synagoga
1037 2639 1252 2710 Iudaeorum.
1309 2630 1537 2711 'Secundum
1571 2640 1855 2712 consuetudinem

381 2767 494 2829 autem
529 2757 653 2830 Paulus
685 2758 835 2830 introivit
870 2757 915 2830 ad
949 2781 1030 2844 eos,
1063 2769 1099 2830 et
1129 2781 1193 2853 per
1227 2757 1372 2830 sabbata
1404 2760 1468 2830 trIa
1502 2759 1698 2831 disserebat
1732 2760 1782 2831 eis
1809 2761 1856 2832 de

381 2877 570 2970 scripturis,
614 2870 852 2972 ³adaperiens
887 2889 922 2950 et
954 2880 1129 2950 insinuans
1156 2880 1236 2971 qula
1271 2879 1438 2950 Christum
1466 2881 1616 2973 oportuit
1640 2880 1711 2973 pati
1736 2890 1772 2952 et
1797 2901 1851 2952 re-

380 3020 525 3092 surgere
558 3021 579 3069 a
614 2999 772 3084 mortuis,
807 3009 843 3070 et
875 2999 954 3092 quia
986 2999 1042 3076 hic
1076 3009 1131 3070 est
1163 2999 1316 3071 Christus
1348 3001 1441 3070 Iesus
1468 3021 1571 3092 quem
1597 3021 1665 3092 ego
1693 3001 1856 3072 adnuntio

380 3119 491 3191 vobis.
544 3107 616 3190 *Et
641 3119 781 3212 quidam
808 3141 854 3191 ex
882 3120 932 3190 eis
958 3120 1179 3193 crediderunt
1205 3131 1240 3190 et
1267 3119 1416 3192 adiuncti
1450 3130 1528 3191 sunt
1553 3119 1660 3192 Paulo
1694 3130 1730 3192 et
1756 3121 1855 3206 Silae,

380 3249 415 3310 et
441 3239 487 3312 de
514 3240 705 3312 colentibus
731 3241 982 3334 gentilibusque
1008 3239 1185 3312 multitudo
1219 3261 1344 3332 magna
1377 3249 1411 3310 et
1444 3241 1604 3311 mulieres
1628 3241 1762 3312 nobiles
1788 3261 1856 3312 uon

379 3381 524 3452 paucae.
576 3353 763 3432 ⁵Zelantes
797 3370 911 3431 autem
942 3359 1059 3431 ludaei
1092 3360 1385 3452 adsumentesque
1420 3358 1466 3430 de
1498 3361 1603 3453 vulgo
1628 3361 1722 3432 viros
1748 3383 1855 3454 quos-

380 3480 460 3551 dam
488 3483 599 3552 malos
627 3490 663 3552 et
688 3482 789 3553 turba
814 3482 903 3552 lacta
929 3481 1186 3552 concitaverunt
1212 3480 1399 3564 civitatem,
1436 3490 1472 3550 et
1503 3479 1711 3552 adsistentes
1737 3481 1854 3554 domui

379 3601 510 3672 Iasonis
536 3601 751 3694 quaerebant
776 3603 840 3673 eos
865 3601 1060 3694 producere
1085 3601 1120 3671 in
1146 3601 1329 3693 populum;
1373 3590 1435 3670 ⁶et
1460 3621 1539 3671 cum
1557 3621 1626 3672 non
1645 3601 1855 3672 invenissent

380 3743 453 3806 eos,
482 3721 662 3793 trahebant
677 3723 835 3793 Iasonem
854 3731 890 3792 et
907 3721 1077 3812 quosdam
1096 3721 1218 3792 fratres
1236 3721 1281 3792 ad
1299 3719 1473 3814 principes
1491 3719 1644 3804 civitatis
1670 3721 1856 3796 clamantes

380 3840 541 3932 quoniam
568 3841 602 3912 bi
629 3842 687 3934 qui
717 3843 839 3912 urbem
871 3839 1042 3911 concitant
1075 3855 1110 3911 et
1141 3841 1208 3912 huo
1239 3848 1422 3921 venerunt,
1473 3833 1593 3932 qquos
1623 3842 1775 3934 suscepit
1800 3841 1854 3912 Ia-

380 3981 457 4030 son:
485 3969 519 4030 et
545 3960 580 4031 hi
606 3981 728 4033 omnes
754 3969 872 4032 contra
899 3959 1039 4032 decreta
1066 3959 1223 4032 Caesaris
1255 3961 1396 4046 iaciunt,
1423 3980 1543 4052 regem
1571 3959 1676 4031 alium‘
1701 3959 1854 4032 dicentes

380 4102 461 4152 esse
487 4082 609 4153 Iesum.
663 4071 957 4152 ⁸Concitaverunt
982 4090 1095 4151 autem
1122 4081 1261 4173 plebem
1288 4091 1323 4151 et
1341 4079 1512 4174 principes
1539 4079 1683 4152 civitatis
1709 4080 1855 4153 audien-

379 4211 432 4272 tes
471 4201 574 4286 baeo,
629 4194 696 4272 ⁹et
727 4210 873 4294 accepto
915 4200 997 4271 satis
1030 4201 1074 4270 ab
1096 4201 1231 4271 'Iasone
1265 4209 1301 4271 et
1339 4223 1358 4270 a
1394 4201 1518 4271 ceteris
1552 4197 1753 4272 dimiserunt
1782 4223 1854 4273 eos.

377 4313 402 4358 ⁴⁰
418 4317 555 4394 Fratres
585 4339 668 4392 vero
697 4320 876 4393 confestim
901 4341 965 4413 per
990 4330 1127 4392 noctem
1154 4320 1355 4392 dimiserunt
1380 4320 1518 4391 Paulum
1546 4329 1582 4390 et
1607 4320 1710 4394 Silam
1737 4321 1770 4392 in
1788 4323 1855 4393 Be-

375 4465 515 4516 roeam:
552 4437 646 4511 'oum
682 4439 917 4524 advenIssent,
950 4439 984 4510 in
1022 4441 1236 4533 'synagogam
1269 4440 1474 4512 ludaeorum
1508 4439 1716 4512 introierunt.
1774 4433 1796 4478 ⁴¹
1817 4443 1855 4512 ili

380 4574 494 4635 autem
527 4570 625 4633 erant
656 4560 844 4632 nobiliores
875 4581 996 4630 eorum
1031 4559 1088 4652 qui
1122 4570 1200 4630 sunt
1234 4561 1492 4643 Thessalonice,
1533 4560 1591 4652 qui
1632 4571 1856 4654 susceperunt

379 4685 525 4756 verbum
551 4703 629 4753 oum
656 4682 749 4752 omni
775 4679 947 4764 aviditate,
975 4679 1101 4751 cotidie
1128 4687 1318 4751 scrutantes
1344 4677 1548 4771 scripturas,
1575 4679 1603 4750 si
1631 4680 1719 4754 haec
1744 4681 1790 4752 ita
1817 4703 1855 4752 se

379 4806 557 4878 haberent.
610 4793 636 4840 33
652 4803 694 4872 Et
720 4802 812 4874 multi
840 4801 979 4892 quidem
1006 4799 1226 4872 crediderunt
1252 4821 1298 4871 ex
1325 4799 1386 4882 eis,
1414 4809 1449 4869 et
1475 4800 1648 4891 gentilium
1676 4801 1854 4873 mulierum

379 4925 601 4997 honestarum
629 4933 664 4994 et
690 4923 751 4993 viri
778 4944 847 4993 uon
873 4921 981 5014 pauci.
1035 4912 1060 4956 ¹³
1078 4921 1167 4992 Cum‘
1189 4929 1302 4992 autem
1330 4921 1575 5012 cognovissent
1608 4921 1642 4992 in
1669 4922 1854 4994 Thessalo-

380 5045 454 5118 nica
481 5043 597 5116 ludaei
617 5043 704 5136 'quia
730 5051 764 5114 et
792 5037 967 5114 'Beroeae
994 5041 1228 5134 praedicatum
1255 5049 1309 5111 est
1334 5061 1355 5108 a
1381 5039 1487 5111 Paulo
1513 5041 1658 5112 verbum
1685 5042 1757 5127 dei,
1792 5063 1855 5112 ve-

379 5175 502 5238 nerumt
528 5174 562 5236 et
588 5165 652 5234 illio
680 5173 941 5236 commoventes
969 5172 1003 5232 et
1028 5161 1204 5232 turbantes
1230 5159 1486 5233 multitudinem.
1532 5147 1557 5196 33
1570 5163 1759 5256 Statimque
1777 5173 1856 5232 tunr

902 5283 982 5366 XVI,
1012 5281 1057 5352 3l
1090 5323 1134 5335 -
1163 5281 1256 5362 XVII,
1288 5279 1342 5351 II.
