4146 6120
710 413 890 477 EPISTULA
915 411 968 476 lo
996 411 1212 474 TlMOl'llEUll
1239 411 1270 472 ll.

248 529 451 540 -u—---..-—-
786 523 1051 533 ..-.---——--—

969 653 1005 722 ll.

325 857 455 935 1)))Τιι
482 883 579 956 ergo,
607 859 652 932 fili
678 861 734 944 mi,
762 861 958 930 confortare
985 860 1020 928 in
1046 853 1211 950 'gratiam
1239 875 1329 948 quae
1355 865 1409 924 est
1429 855 1465 924 in
1488 854 1622 926 Clnisto
1641 853 1727 940 lesu,

246 979 311 1055 ²et
338 1005 429 1076 quae
455 983 626 1056 audistis
651 1003 708 1052 me
734 999 799 1074 per
825 980 953 1050 multos
979 987 1102 1060 testes,
1128 977 1217 1048 haec
1243 974 1450 1047 commenda
1476 973 1635 1045 fidelibus
1663 975 1729 1046 ho-

248 1104 414 1189 minibus,
447 1105 507 1197 qui
537 1101 655 1176 idonei
688 1111 787 1173 erunt
817 1108 852 1170 et
878 1099 966 1170 alios
993 1097 1132 1169 dooere.
1185 1089 1353 1168 ³Labora
1379 1096 1467 1167 sicut
1491 1096 1606 1166 bonus
1633 1096 1731 1168 miles

249 1224 372 1295 Christi
397 1225 484 1296 lesu.
535 1215 600 1270 “⁵³
618 1223 729 1293 Nemo
764 1221 910 1292 militans
945 1218 1015 1289 deo
1047 1217 1198 1310 implicat
1230 1239 1270 1289 se
1302 1216 1451 1309 negotiis
1485 1215 1730 1300 saecularibus

250 1355 286 1414 nt
325 1345 357 1414 ei
396 1346 531 1437 placeat
571 1344 625 1416 cui
666 1364 705 1414 se
746 1339 916 1435 probabit.
975 1330 1093 1408 ⁵Nam
1129 1347 1163 1408 et
1198 1337 1255 1430 qui
1289 1345 1399 1408 certat
1432 1336 1466 1406 in
1499 1355 1627 1428 agone,
1661 1357 1733 1407 non
1802 1371 1813 1394 ·

250 1473 434 1536 coronatur
468 1465 531 1536 nisi
566 1460 735 1555 'legitime
770 1459 960 1533 certaverit.
1019 1447 1080 1503 ⁶<⁰l
1097 1449 1329 1536 Laborantem
1364 1457 1554 1550 agricolam
1595 1467 1734 1549 oportet

249 1586 397 1678 primum
429 1585 475 1657 de
509 1584 672 1655 fructibus
709 1583 877 1676 accipere.
936 1573 1127 1668 ⁷lntellege
1162 1597 1251 1670 quae
1284 1577 1382 1650 dico:
1422 1577 1520 1650 dabit
1551 1575 1642 1647 enim
1673 1576 1733 1648 tibi

251 1706 411 1777 dominus
445 1706 479 1776 in
512 1703 671 1775 omnibus
704 1703 921 1774 intellectum.
973 1690 1033 1745 Μ)
1051 1699 1185 1772 Memor
1217 1708 1294 1770 esto
1327 1700 1439 1770 lesum
1474 1697 1645 1768 Christum
1674 1719 1733 1767 re-

250 1826 446 1897 surrexisse
482 1847 502 1896 a
536 1825 680 1894 mortuis
715 1845 763 1894 ex
796 1823 928 1894 semine
960 1819 1088 1904 David,
1130 1819 1321 1890 secundum
1357 1817 1574 1910 evangelium
1608 1839 1734 1898 meum,

250 1936 315 2014 ⁹in
342 1965 412 2036 quo
438 1945 558 2018 laboro
585 1963 698 2036 usque
724 1941 771 2014 ad
796 1943 931 2014 vincula
957 1940 1054 2034 quasi
1081 1941 1171 2012 male
1199 1961 1364 2033 operans,
1399 1938 1466 2010 sed
1498 1937 1646 2008 verbum
1677 1937 1735 2008 dei

250 2085 322 2136 non
355 2073 409 2134 est
441 2065 623 2158 alligatum.
677 2055 702 2100 ¹⁰
718 2063 801 2135 ldeo
836 2061 951 2133 omnia
985 2061 1137 2132 sustineo
1171 2070 1314 2155 propter
1348 2061 1498 2142 electos,
1533 2067 1571 2128 ut
1602 2067 1637 2128 et
1669 2059 1735 2150 ipsi
1772 2129 1774 2134 ,

252 2184 401 2255 salutem
441 2193 697 2278 consequantur
738 2205 828 2277 quae
870 2191 925 2252 est
962 2181 997 2250 in
1031 2181 1165 2253 Christo
1198 2183 1275 2252 lesu
1314 2203 1393 2251 curn
1432 2177 1542 2271 gloria
1585 2179 1735 2250 caelesti.

252 2297 274 2340 ¹¹
291 2297 327 2352 (8)
345 2304 470 2376 Fidelis
497 2327 623 2377 sermo.
677 2304 766 2376 Nam
794 2303 821 2374 si
850 2303 1043 2390 conmortpi
1069 2287 1218 2387 sumus,
1232 2311 1267 2372 et
1294 2299 1536 2372 convivemus:
1576 2288 1603 2334 ¹²
1619 2297 1649 2367 si
1675 2319 1735 2368 su·
1769 2307 1773 2318 ·

253 2425 430 2509 stinemus,
458 2434 494 2495 et
519 2425 824 2517 conregnavimus:
851 2422 881 2492 si
906 2421 1124 2512 negabimus,
1152 2431 1189 2492 et
1213 2421 1269 2492 ille
1295 2421 1435 2512 negavit
1459 2439 1541 2490 nos:
1581 2409 1735 2489 13εἰιιοιι

253 2545 436 2631 credimus,
464 2546 520 2616 ille
545 2545 658 2630 fidelis
684 2551 809 2626 manet,
837 2561 968 2634 negare
994 2561 1033 2612 se
1060 2542 1171 2634 ipsum
1199 2562 1269 2612 non
1294 2549 1418 2633 potest.
1472 2531 1497 2590 ¹2⁴
1515 2539 1610 2610 llaec
1636 2560 1735 2608 com·

253 2688 358 2738 mone
384 2663 571 2737 testificans
598 2687 716 2737 coram
749 2663 901 2734 domino.
953 2659 1029 2732 Noli
1055 2661 1173 2732 verbis
1199 2659 1422 2744 contendere,
1456 2658 1503 2730 ad
1536 2657 1617 2728 nihil
1643 2658 1734 2754 utile²

255 2787 301 2858 ad
328 2783 610 2858 'subversionem
637 2784 856 2868 audientium.
904 2773 930 2818 ⁴⁵
943 2781 1091 2852 Sollicite
1118 2801 1200 2851 cura
1227 2779 1400 2871 teipsum
1427 2778 1644 2872 prohabilem
1669 2799 1736 2850 ex-

254 2907 374 2977 hibere
401 2906 485 2990 deo,
513 2906 710 3000 operarium
736 2901 1024 2986 inconfusibilem,
1049 2910 1145 2972 recte
1172 2909 1374 2970 tractantem
1399 2900 1546 2970 verbum
1572 2898 1736 2970 veritatis.

254 3016 327 3072 Μ)
346 3027 492 3096 Prolana
528 3035 642 3096 autem
675 3023 883 3114 inaniloquia
915 3021 1047 3092 devita:
1083 3021 1222 3090 multum
1257 3020 1348 3090 enim
1382 3018 1561 3111 proficient
1592 3019 1638 3090 ad
1670 3019 1736 3088 im-

255 3145 436 3236 pietatem,
478 3135 503 3179 ’Ἰ
520 3153 555 3212 et
589 3163 706 3214 sermo
741 3163 863 3213 eorum
896 3149 933 3210 ut
965 3161 1090 3210 cancer
1125 3139 1240 3231 serpit.
1292 3137 1347 3208 Ex
1374 3139 1498 3229 quinus
1525 3147 1580 3207 est
1605 3139 1736 3231 Hyme-

255 3285 342 3334 neus
377 3271 412 3333 et
443 3263 611 3346 Philetus,
655 3252 757 3352 18ιιιιι
782 3283 803 3330 a
829 3259 973 3330 veritate
1007 3259 1226 3342 exciderunt,
1263 3258 1416 3329 dicentes
1449 3259 1735 3328 resurrectionem

256 3383 324 3455 iam
356 3385 500 3468 iactam,
534 3392 570 3452 et
601 3380 803 3452 subvertunt
834 3379 1051 3472 quorundam
1078 3377 1193 3450 fidem.
1246 3367 1334 3424 Μ’)
1353 3377 1424 3448 Sed
1450 3377 1586 3448 firmum
1604 3375 1736 3448 'lunda-

256 3513 409 3576 mentnm
442 3501 499 3573 dei
532 3503 641 3586 stetit,
676 3501 810 3572 habens
843 3501 1054 3592 signaculum
1086 3499 1155 3570 hoo
1181 3497 1350 3590 Cognovit
1381 3497 1543 3571 dominus
1573 3498 1737 3590 quisunt

257 3626 342 3709 eius,
369 3633 404 3694 et
420 3619 584 3692 Discedat
608 3619 652 3690 ab
675 3621 850 3714 iniquitate
879 3620 991 3692 omnis
1017 3619 1074 3711 qui
1099 3619 1253 3690 nominat
1277 3640 1404 3690 nomeu
1430 3617 1568 3690 domini.
1607 3608 1737 3688 '⁰4¹¹lln

257 3767 384 3838 magna
411 3752 526 3814 autem
553 3740 660 3812 domo
686 3765 767 3840 non·
791 3743 902 3812 solum
937 3735 1033 3810 'sunt
1064 3762 1150 3812 vasa
1183 3760 1288 3809 aurea
1321 3748 1356 3808 et
1388 3747 1569 3830 argentea,
1607 3737 1670 3812 sed
1703 3749 1738 3808 et

256 3865 370 3958 lignea
396 3874 431 3934 et
457 3861 585 3947 fictilia,
621 3871 655 3930 et
686 3859 858 3952 quaedam
892 3861 1031 3953 quidem
1065 3861 1098 3930 in
1130 3861 1315 3942 honorem,
1350 3858 1523 3950 quaedam
1557 3868 1672 3930 autem
1704 3859 1737 3928 in

258 3986 518 4058 contumeliam:
557 3974 580 4019 ²¹
601 3981 630 4052 si
657 3979 732 4072 quis
759 3999 844 4069 ergo
872 3980 1089 4052 mundaverit
1114 4002 1153 4050 se
1181 3979 1225 4050 ab
1253 3979 1342 4062 istis,
1379 3979 1443 4048 erit
1474 4003 1539 4052 vas
1564 3980 1598 4049 in
1624 3979 1737 4050 hono-

256 4127 332 4178 rem
364 4104 611 4176 sanctilicatum
647 4111 681 4171 et
720 4099 799 4170 utile
839 4099 998 4184 domino,
1040 4100 1086 4170 ad
1127 4121 1229 4170 omne
1272 4121 1361 4192 opus
1399 4099 1530 4170 bonum
1572 4109 1736 4192 paratum.

257 4213 343 4270 Μ’)
361 4225 521 4296 luvenilia
549 4233 663 4296 autem
691 4219 864 4292 desideria
890 4221 986 4314 luge,
1014 4231 1150 4292 scotare
1176 4239 1261 4290 vero
1288 4219 1465 4302 iustitiam,
1498 4219 1620 4304 fidem,
1648 4219 1754 4290 cad·

258 4353 373 4426 tatem,
400 4367 524 4436 paoem
552 4365 630 4415 cum
658 4343 709 4412 his
737 4342 793 4434 qui
819 4341 982 4414 invocant
1008 4339 1184 4412 dominum
1208 4341 1254 4412 de
1278 4339 1385 4412 corde
1409 4361 1507 4433 puro.
1547 4328 1632 4384 Μ’)
1647 4341 1736 4412 Stul-

257 4471 311 4533 tas
345 4473 460 4534 autem
494 4474 529 4533 et
555 4463 637 4534 ‘sine
672 4461 851 4554 disciplina
884 4461 1105 4554 quaestiones
1140 4461 1271 4546 devita,
1313 4461 1425 4532 sciens
1457 4460 1538 4552 quia
1571 4447 1762 4552 generant

257 4583 351 4654 lites:
389 4570 567 4654 2‘servum
595 4589 710 4652 autem
737 4581 866 4652 domini
891 4604 961 4653 non
988 4592 1126 4676 oportet
1150 4582 1296 4674 litigare,
1325 4579 1390 4652 sed
1415 4589 1632 4652 mansuetum
1659 4601 1738 4652 asse
1870 4615 1876 4627 ·

201 4705 213 4792 j
259 4701 305 4774 ad
333 4723 463 4787 omnes,
491 4701 685 4786 docibilem,
713 4701 917 4794 patientem,
956 4693 983 4738 ¹⁵
1000 4725 1078 4774 cum
1106 4695 1296 4774 'modestia
1324 4700 1565 4794 corripientem
1592 4702 1737 4793 eosqui

258 4821 434 4902 resistunt,
468 4841 513 4892 ne
540 4820 679 4912 quaudo
707 4821 767 4892 det
793 4821 856 4894 illis
882 4821 970 4894 deus
995 4823 1239 4915 paenitentiam
1265 4821 1312 4894 ad
1338 4819 1618 4911 cognoscendam
1644 4821 1737 4894 veri-

259 4949 381 5026 tatem,
420 4932 494 5012 ’θοι
520 4941 724 5035 resipiscant
751 4965 772 5014 ιι
798 4941 927 5027 diaboli
952 4942 1093 5034 laqueis,
1121 4965 1142 5012 a
1169 4963 1238 5034 quo
1265 4941 1355 5035 capti
1381 4950 1537 5012 tenentur
1565 4942 1610 5012 ad
1631 4942 1738 5035 ipsius

258 5063 477 5134 voluntatem.
526 5125 530 5132 .

877 5183 911 5266 ll,
943 5185 955 5250 l
993 5221 1037 5232 —
1067 5185 1126 5258 26.
