4146 6120
723 383 983 449 APOCALYPSlS
1009 383 1187 448 IOHANNIS
1621 379 1695 448 399

207 591 356 662 ludaeos
383 593 463 661 esse
492 599 526 660 et
552 611 620 659 non
648 599 735 674 sunt,
764 589 828 660 sed
856 591 1081 660 mentiuntur:
1119 609 1203 659 cccc
1238 588 1360 658 laciam
1394 587 1469 657 illos
1496 595 1533 656 ut
1558 584 1697 654 veniant

209 721 244 780 et
270 709 418 782 adorent
453 720 531 780 antc
565 707 676 801 pedes
713 719 813 794 tuos,
850 720 885 778 et
913 711 1021 780 scient
1049 708 1128 800 quia
1155 729 1223 799 ego
1250 707 1356 777 dilexi
1383 716 1426 776 te.
1481 697 1506 742 ⁴⁰
1524 703 1697 788 Quoniam

209 831 356 900 servasti
385 829 536 900 verbum
560 829 745 922 patientiae
773 849 882 912 meae,
912 839 947 898 et
974 850 1042 921 ego
1072 839 1105 898 tc
1133 827 1283 898 servabo
1311 827 1355 895 ab
1384 826 1469 895 hora
1489 823 1697 894 temtationis

209 969 300 1039 quae
332 957 477 1019 vcntura
514 957 569 1018 est
603 948 638 1016 in
678 948 799 1018 orbem
835 947 1034 1018 universum
1077 959 1238 1018 temtarc'
1263 945 1457 1018 habitantes
1490 944 1524 1014 in
1557 955 1697 1013 terram.

209 1060 230 1102 ¹¹
246 1068 355 1137 Venio
382 1068 465 1139 cito:
501 1078 581 1138 tene
608 1067 705 1159 quod
732 1068 858 1150 habes,
886 1077 923 1138 ut
949 1089 1054 1138 nemo
1082 1067 1225 1158 accipiat
1253 1085 1419 1137 coronam
1447 1072 1550 1134 tuam.
1594 1055 1619 1100 ⁴²
1634 1062 1699 1145 Qui

209 1188 337 1271 vicerit,
366 1188 488 1260 laciam
517 1185 629 1257 'illuni
657 1188 850 1256 columnam
878 1187 1068 1279 intemplo
1096 1186 1151 1256 dei
1179 1188 1265 1270 mci,
1297 1195 1332 1254 et
1366 1186 1459 1254 lorus
1492 1203 1561 1252 non
1595 1201 1699 1272 egre-

210 1307 322 1376 dietur
350 1307 514 1398 amplius;
542 1317 577 1376 et
596 1306 745 1391 scribam
772 1327 877 1398 super
905 1327 983 1376 enm
1010 1327 1138 1376 nomen
1166 1305 1223 1374 dci
1250 1304 1319 1373 mei
1346 1313 1381 1374 et
1407 1323 1537 1374 nomen
1555 1299 1699 1370 civitatis

210 1426 266 1496 dei
294 1426 371 1509 mei,
399 1447 512 1497 novae
540 1425 763 1510 Hierusalem,
791 1447 882 1517 quae
909 1424 1091 1497 descendit
1118 1422 1164 1495 de
1191 1425 1290 1494 caelo
1318 1445 1339 1492 a
1366 1422 1436 1494 deo
1463 1441 1554 1505 meo,
1582 1431 1617 1490 ct
1634 1441 1696 1490 no-

212 1567 290 1616 men
317 1549 432 1615 meum
460 1567 599 1615 novum.
653 1535 678 1580 ⁴³
697 1546 761 1628 Qui
789 1545 895 1616 babet
920 1564 1050 1626 aurem,
1079 1543 1197 1616 audiat
1228 1542 1311 1636 quid
1344 1541 1485 1636 spiritus
1519 1540 1611 1612 dicat
1638 1561 1700 1610 ec-

211 1665 333 1734 clesiis.
387 1652 412 1698 ¹⁴
429 1663 471 1733 Et
497 1664 622 1754 angelo
650 1662 834 1733 Laodiciae
860 1662 1032 1734 ecclesiae
1058 1662 1173 1732 scribe
1199 1663 1294 1734 llaec
1328 1661 1410 1733 dicit
1440 1659 1569 1744 Amen,
1605 1661 1703 1731 testis

211 1783 323 1854 fidelis
359 1792 394 1852 ct
423 1805 543 1868 verus,
582 1783 640 1874 qui
681 1791 734 1852 est
768 1781 970 1875 principium
1004 1789 1185 1852 creaturae
1219 1781 1285 1852 dei.
1338 1773 1460 1852 ⁴⁵Scio
1493 1801 1603 1874 opera
1634 1789 1702 1863 tua,

212 1902 291 1993 quia
317 1922 433 1992 neque
461 1901 603 1994 frigidus
631 1923 670 1972 es
697 1923 812 1992 neque
839 1900 979 1972 calidus.
1025 1901 1157 1970 Utinam
1184 1899 1327 1992 frigidus
1353 1921 1455 1971 esses
1483 1910 1541 1972 aut
1559 1900 1701 1972 calidus.

211 2013 237 2056 ’ὅ
250 2021 320 2092 Sed
347 2021 427 2113 quia
455 2018 592 2112 tepidus
620 2043 660 2092 es
687 2031 722 2090 et
748 2042 814 2091 nec
840 2021 983 2112 frigidus
1011 2041 1076 2090 nec
1103 2019 1252 2102 calidus,
1288 2020 1450 2114 incipiam
1477 2029 1511 2090 te
1538 2041 1703 2091 evomere

212 2163 259 2210 cx
286 2161 348 2209 ore
375 2160 465 2210 meo.
518 2131 646 2224 ¹⁷Quia
674 2137 787 2210 ‘dices
818 2139 913 2232 quod
946 2139 1045 2210 dives
1080 2161 1156 2210 sum
1191 2149 1227 2208 ct
1258 2140 1485 2232 locupletatus
1513 2150 1549 2210 et
1582 2140 1705 2211 nullius

212 2281 313 2351 egeo,
342 2269 377 2330 et
402 2259 518 2329 nescis
544 2259 625 2351 quia
661 2269 696 2329 tu
729 2281 768 2330 es
802 2259 909 2330 miser
941 2269 976 2328 et
1002 2255 1185 2329 ‘mirabilis
1220 2268 1255 2328 et
1288 2280 1425 2351 paupcr,
1456 2269 1491 2330 ct
1517 2255 1642 2330 'cecus
1669 2271 1705 2330 ct

211 2379 341 2462 nudus,
388 2369 413 2414 ⁴⁸
431 2377 565 2449 suadeo
593 2379 652 2448 tibi
679 2399 799 2450 emere
826 2402 847 2450 a
873 2401 930 2450 me
958 2400 1076 2450 aarum
1104 2378 1245 2470 ignitum
1272 2379 1457 2470 probatum
1485 2389 1523 2450 ut
1548 2380 1706 2472 locuples

212 2497 284 2582 fiac,
313 2507 348 2568 et
376 2496 588 2568 vestimentis
614 2499 701 2569 albis
728 2497 880 2569 induaris
907 2507 942 2569 et
968 2519 1038 2570 non
1065 2507 1233 2591 appareat
1259 2497 1413 2569 conlusio
1432 2499 1596 2571 nuditatis
1615 2509 1704 2582 tuae,

212 2627 248 2688 et
278 2616 421 2710 collyrio
454 2617 581 2708 inunge
617 2619 738 2689 oculos
770 2627 849 2688 tuos
883 2627 920 2687 ut
952 2619 1084 2692 videas.
1136 2609 1162 2653 ⁴⁹
1179 2617 1254 2708 Ego
1289 2637 1380 2709 quos
1407 2639 1502 2702 amo,
1532 2639 1640 2710 arguo
1668 2629 1704 2688 ct

212 2735 363 2826 castigo:
391 2737 569 2808 aemulare
597 2758 683 2828 ergo
711 2747 746 2808 et
773 2738 1015 2830 paenitentiam
1052 2760 1128 2832 age.
1181 2729 1207 2774 ²⁰
1225 2737 1316 2807 Ecce
1352 2747 1407 2808 sto
1442 2737 1487 2808 ad
1515 2738 1641 2809 ostium
1669 2749 1705 2808 ct

213 2855 330 2944 pulso:
366 2857 395 2923 si
430 2855 507 2946 quis
542 2857 690 2927 audierit
720 2878 846 2927 vocem
879 2881 994 2930 meam
1029 2871 1065 2929 ct
1099 2857 1273 2951 aperuerit
1298 2835 1450 2938 ianuam,
1480 2857 1630 2926 introibo
1658 2857 1704 2927 ad

213 2971 306 3040 illum
333 2983 368 3042 et
394 2975 529 3044 cenabo
557 2995 634 3044 cnm
663 2975 719 3044 illo
747 2977 882 3067 etipse
910 2999 1057 3048 mecum.
1110 2969 1132 3015 ²¹
1154 2977 1220 3060 Qui
1247 2975 1374 3056 vicerit,
1403 2975 1496 3045 dabo
1525 2975 1557 3042 ci
1576 2974 1703 3044 sedere

215 3101 351 3160 mecum
387 3090 421 3160 in
459 3092 583 3162 throno
618 3114 716 3176 mec,
751 3095 839 3164 sicut
871 3105 906 3164 et
938 3117 1006 3186 ego
1043 3097 1106 3164 vici
1140 3107 1175 3164 ct
1208 3094 1285 3164 sedi
1319 3113 1396 3162 cum
1431 3103 1529 3184 patre
1562 3112 1643 3161 meo
1670 3093 1703 3161 in

214 3207 337 3279 throno
365 3209 448 3279 eius.
501 3203 527 3248 ²²
546 3213 611 3296 Qui
638 3212 744 3282 babet
772 3234 900 3296 aurem,
930 3213 1047 3284 audiat
1073 3213 1156 3304 quid
1183 3212 1320 3304 spiritus
1348 3211 1442 3284 dicat
1468 3209 1633 3281 ecclesiis.

926 3491 976 3558 lV.

289 3683 404 3760 *Post
439 3691 525 3761 hacc
551 3692 638 3776 vidi,
675 3704 710 3762 et
737 3715 820 3764 ecce
855 3696 979 3764 ostium
1016 3705 1173 3788 apertum
1210 3695 1243 3764 in
1280 3695 1397 3778 caelo,
1432 3703 1467 3763 et
1492 3717 1565 3765 vox
1592 3696 1702 3787 prima

213 3831 315 3900 quam
344 3811 460 3882 audivi
487 3821 660 3904 tamquam
690 3811 793 3882 tubae
821 3814 992 3905 loquentis
1019 3837 1172 3898 mecum,
1208 3813 1328 3885 dicens
1356 3813 1520 3884 Ascende
1556 3813 1640 3896 buc,
1667 3825 1702 3883 et

213 3931 395 4002 ostendam
424 3931 485 4001 tihi
511 3953 600 4024 quae
632 3941 772 4024 oportet
805 3932 879 4003 fieri
915 3945 996 4026 post
1027 3934 1124 4004 haec.
1177 3927 1326 4005 ²Statim
1362 3935 1408 4004 fui
1439 3935 1473 4003 in
1506 3934 1640 4025 spiritu:
1668 3945 1703 4002 et

214 4069 298 4120 cccc
326 4051 423 4121 sedis
448 4052 562 4142 posita
589 4060 663 4121 erat
689 4052 723 4120 in
750 4055 857 4138 cae10,
886 4064 921 4123 et
947 4074 1053 4145 super
1080 4053 1201 4124 sedem
1230 4054 1374 4139 sedens,
1420 4046 1487 4122 ³ct
1513 4053 1571 4144 qui
1597 4052 1703 4124 sedc-

214 4167 274 4236 bat
301 4169 417 4238 similis
444 4179 518 4239 erat
544 4173 699 4263 aspectui
734 4173 858 4266 lapidis
890 4172 1033 4264 iaspidis
1061 4183 1096 4242 et
1123 4174 1266 4258 sardini,
1300 4185 1335 4244 et
1367 4174 1425 4243 iris
1460 4181 1534 4242 erat
1568 4173 1602 4241 in
1636 4173 1704 4241 cir-

214 4285 305 4355 cuitu
340 4287 434 4357 sedis
462 4288 580 4358 similis
606 4291 748 4362 visionis
777 4287 1046 4384 'zmaragdinae
1099 4283 1168 4362 *Et
1201 4295 1235 4363 in
1276 4292 1416 4363 circuitu
1454 4292 1550 4362 sedis
1584 4291 1705 4364 sedilia

212 4404 327 4494 viginti
356 4417 525 4496 quattuor,
554 4417 587 4476 et
615 4431 720 4501 super
749 4411 892 4482 thronos
920 4411 1037 4503 viginti
1064 4421 1224 4502 quattuor
1251 4413 1406 4483 seniores
1434 4411 1608 4495 sedentes,
1637 4412 1703 4480 cir-

214 4523 439 4595 cumamictos
477 4527 692 4597 vestimentis
731 4530 830 4614 albis,
874 4541 909 4601 et
949 4532 981 4600 in
1016 4531 1185 4622 capitibus
1219 4553 1341 4604 eorum
1382 4550 1531 4601 coronas
1569 4551 1703 4602 aureas.

213 4635 286 4712 5Et
313 4643 358 4713 de
385 4645 509 4716 throno
537 4647 730 4738 procedunt
756 4650 889 4741 fulgora
917 4659 952 4720 et
977 4671 1086 4720 voces
1114 4659 1150 4720 et
1175 4651 1334 4722 tonitrua.
1387 4651 1429 4719 Et
1454 4659 1589 4742 septem
1615 4650 1704 4719 lam-

215 4762 326 4855 pades
358 4764 521 4836 ardentes
555 4776 634 4835 ante
667 4767 840 4852 thronum,
877 4790 967 4861 quae
1001 4779 1089 4838 sunt.
1112 4779 1247 4861 septem
1275 4768 1413 4861 spiritus
1441 4768 1507 4838 dci.
1560 4760 1574 4804 ⁶
1603 4769 1645 4839 Et
1671 4770 1706 4838 in

213 4893 403 4975 conspectu
439 4885 533 4955 sedis
566 4895 743 4977 tamquam
782 4909 878 4957 mare
915 4888 1059 4958 vitreum
1096 4887 1206 4958 simile
1241 4885 1419 4980 crystallo:
1454 4896 1490 4957 et
1521 4888 1555 4956 in
1587 4885 1704 4958 medio

213 5001 308 5073 sedis
335 5013 370 5072 et
396 5003 430 5074 in
458 5005 600 5076 circuitu
632 5007 726 5078 sedis
758 5015 920 5099 quattuor
955 5007 1114 5076 animalia
1148 5009 1249 5100 plena
1282 5007 1390 5077 oculis
1426 5017 1505 5077 ante
1538 5017 1573 5076 et
1599 5015 1702 5076 retro.

211 5114 284 5192 7Εῑ
311 5123 436 5194 animal
470 5125 617 5217 primum
651 5127 762 5196 simile
796 5125 902 5208 leoni,
939 5135 973 5196 ct
1008 5127 1197 5238 secundum
1231 5126 1356 5198 animal
1384 5128 1493 5198 simile
1520 5127 1643 5208 vitula,
1672 5135 1706 5196 et

789 5246 837 5329 111,
869 5249 914 5316 t0
946 5285 991 5298 --
1022 5247 1070 5331 lV,
1100 5243 1132 5319 7.
