4254 6130
732 395 839 457 LIBER
866 391 1018 457 ACTUUM
1045 389 1326 454 APOSTOLORUM
1701 383 1777 466 227

285 599 447 692 quoniam
482 618 597 690 neque
632 598 664 668 in
696 598 810 688 legem
845 594 1052 668 ludaeorum
1080 614 1195 684 neque
1229 592 1262 662 in
1291 595 1457 686 templum
1485 615 1599 686 neque
1626 596 1660 665 in
1688 597 1776 668 Cae-

286 741 399 790 sarem
435 717 617 810 quiequam
655 715 807 808 peccavi,
861 705 1014 784 ⁹Festus
1042 723 1171 784 autem·
1187 711 1308 782 voleus
1334 712 1472 785 ludaeis
1499 714 1644 805 gratiam
1672 737 1778 809 prae-

285 849 379 910 stare
408 833 589 928 respondit
620 833 726 906 Paulo
755 843 790 905 el
821 832 908 904 dixit
933 833 992 902 Vis
1019 832 1261 924 Hierosolyma
1297 831 1491 903 ascendere
1519 841 1554 904 et
1580 834 1626 904 ibi
1653 833 1699 905 de
1727 835 1779 904 his
1818 921 1825 932 .

287 957 429 1029 iudicari
462 954 559 1047 ‘apud
585 955 667 1024 me‘l
718 943 743 988 ¹⁰
759 951 852 1022 Dixit
879 959 1005 1022 antem'
1021 951 1149 1022 Paulus
1177 948 1231 1020 Ad
1260 949 1408 1022 tribunal
1436 951 1594 1023 Caesaris
1620 945 1691 1037 sto,
1721 954 1779 1024 ubi
1856 1015 1861 1028 .

285 1099 342 1146 me
371 1083 509 1168 oportet
535 1071 692 1146 iudicari:
718 1070 867 1142 ludaeos
894 1093 963 1142 non
988 1070 1100 1153 nocui,
1130 1069 1217 1139 sicut
1244 1079 1279 1138 tu
1305 1071 1430 1142 melius
1456 1072 1555 1142 nosti.
1591 1063 1612 1106 ”
1628 1072 1661 1140 Si
1687 1074 1778 1143 enim

287 1181 389 1266 nocui
417 1203 476 1266 aut
503 1192 644 1286 dignum
672 1197 784 1260 morte
812 1191 941 1284 aliquid
967 1189 1053 1272 leci,
1070 1209 1139 1258 nou
1167 1209 1293 1260 recuso
1322 1190 1427 1272 mori;
1456 1191 1484 1260 si
1513 1210 1596 1260 vero
1623 1190 1703 1260 nibil
1723 1199 1781 1262 e'st

286 1317 407 1387 eorum
435 1334 526 1406 quae
553 1312 607 1383 isti
637 1295 808 1381 vaccusant
833 1331 907 1393 me,
943 1329 1046 1380 nemo
1074 1317 1273 1400 potestme
1299 1309 1365 1378 illis
1393 1309 1534 1380 donare.
1564 1309 1778 1382 'Caesarem

286 1433 432 1527 appello.
486 1423 512 1468 ”
530 1430 624 1500 Tune
651 1429 785 1500 Festus
801 1450 877 1500 cum
906 1427 1049 1498 consilio
1078 1428 1212 1498 lo'outus
1239 1425 1421 1521 respondit
1448 1427 1633 1499 Caesarem
1653 1431 1777 1523 appel-

284 1553 370 1636 lasti,
400 1551 445 1624 ad
474 1551 659 1622 Caesarem
687 1547 762 1618 ibis.
816 1539 841 1584 ¹³
858 1548 901 1618 Et
927 1569 1005 1620 cum
1034 1545 1111 1616 dies
1138 1545 1267 1639 aliquot
1285 1547 1448 1618 transacti
1466 1555 1593 1631 essent,
1621 1545 1778 1642 Agrippa

285 1694 348 1743 ren
384 1682 419 1742 et
454 1670 598 1742 Beruioe
634 1665 892 1740 descenderunt
919 1666 1126 1736 Caesaream
1162 1667 1208 1738 ad
1245 1665 1463 1739 salutandum
1489 1667 1638 1737 Festum.
1692 1657 1718 1704 ”
1735 1669 1778 1740 El

285 1813 364 1862 cum
398 1789 474 1862 dies
507 1789 637 1881 aliquot
670 1785 719 1856 ibi
748 1785 1029 1869 demorarentur,
1043 1791 1047 1796 '
1062 1783 1185 1858 Festus
1211 1787 1288 1880 regi
1313 1783 1476 1856 indicavit
1502 1785 1548 1858 de
1576 1785 1692 1871 Paulo,
1720 1787 1776 1859 di-

286 1913 369 1980 cens
393 1909 452 1978 Vir
480 1906 620 1999 quidam
648 1915 704 1976 est
730 1903 916 1976 derelictus
943 1925 964 1974 a
990 1903 1103 1976 Felice
1123 1904 1280 1988 uinctus,
1326 1896 1352 1940 ¹⁵
1369 1903 1416 1976 de
1442 1926 1523 1996 quo,
1551 1927 1630 1976 cum
1658 1927 1776 1978 essem

284 2027 560 2122 Hierosolymis,
579 2018 766 2098 'adierunt'
782 2045 839 2094 me
867 2023 1040 2116 principes
1067 2025 1290 2097 sacerdotum
1319 2033 1353 2094 el
1380 2023 1538 2118 seniores
1554 2023 1774 2112 ludaeorum,

285 2147 501 2240 postulantes
527 2145 700 2218 adversus
726 2143 819 2214 illum
847 2143 1144 2228 damnationem·
1168 2134 1194 2178 ”
1212 2143 1259 2214 ad
1285 2163 1376 2235 quos
1404 2141 1571 2236 respondi
1597 2144 1677 2234 quia
1704 2166 1775 2218 non

285 2275 339 2337 est
374 2264 592 2337 consuetudo
625 2263 791 2334 Romanis
807 2283 810 2291 ·
827 2262 960 2334 donare
983 2261 1143 2354 'aliquem
1177 2263 1353 2333 bominem
1388 2261 1483 2354 p'rius
1518 2283 1622 2354 quam
1658 2263 1773 2356 isqui

285 2395 469 2456 accusatur
502 2393 706 2476 praesentes
743 2381 870 2454 babeat
887 2383 1127 2452 'accusatores
1159 2382 1345 2474 locumque
1381 2379 1591 2454 defendendi
1627 2383 1774 2476 accipiat

285 2505 330 2576 ad
358 2503 531 2576 abluenda
556 2503 709 2574 crimina.
764 2494 789 2536 ”
807 2501 891 2572 Cum
920 2521 1005 2592 ergo
1038 2500 1106 2572 buc
1133 2502 1377 2586 convenissent
1404 2501 1489 2571 sine'
1505 2501 1571 2572 ulla
1599 2499 1772 2587 dilatione,

283 2625 441 2716 sequenti
476 2622 534 2694 die
569 2621 698 2694 sedens
733 2641 796 2713 pro
833 2619 991 2690 tribunali
1027 2620 1109 2691 iussi
1145 2619 1272 2692 adduci
1309 2620 1433 2705 virum;
1478 2611 1568 2690 ⁴⁸da
1596 2641 1772 2712 quocum

284 2743 460 2814 stetissent
487 2751 710 2813 accusatores
738 2740 862 2810 nullam
893 2760 1034 2810 causam
1062 2739 1267 2812 deserebant
1293 2740 1339 2813 de
1366 2738 1497 2832 quibus'
1518 2759 1587 2831 ego
1615 2742 1771 2834 suspica-

282 2862 347 2930 bar
373 2862 512 2944 malam,
558 2851 584 2896 ⁴⁹
601 2859 825 2951 quaestiones
851 2863 937 2930 v'ero
965 2858 1135 2951 quasdam
1164 2860 1209 2932 de
1237 2881 1300 2932 sua
1327 2857 1570 2952 superstitione
1598 2859 1773 2932 habebant

282 2979 452 3050 adversus
479 3001 559 3051 eum
587 2989 622 3049 et
649 2979 695 3050 de
721 2977 874 3070 quodam
901 2979 978 3050 lesu
1005 2979 1177 3063 defuncto,
1205 3000 1308 3071 quem
1337 2975 1545 3050 adfirmabat
1571 2977 1695 3050 Paulus
1718 2983 1771 3050 vi-

281 3119 375 3168 vere.
428 3091 455 3136 ²⁰
472 3099 630 3168 [lesitans
658 3105 772 3168 autem
800 3119 868 3189 ego
896 3097 942 3168 de
969 3097 1167 3170 huiusmodi
1193 3097 1398 3190 quaestione
1426 3094 1586 3166 dicebam
1600 3077 1641 3168 'si
1670 3100 1772 3170 vellet

214 3287 218 3298 ,
282 3217 332 3286 ire
364 3216 606 3309 Hierosolyma
639 3226 683 3286 et'
708 3215 753 3286 ibi
786 3215 927 3288 iudicari
960 3217 1021 3318 de'
1042 3217 1124 3288 istis.
1176 3208 1199 3252 ”
1218 3217 1328 3288 ΡιιιιΙο
1364 3223 1478 3286 autem
1512 3216 1708 3308 appellante
1734 3228 1771 3288 ut

283 3343 481 3406 servaretur
507 3333 553 3406 ad
579 3332 724 3426 Augusti
751 3334 994 3426 cognitionem,
1023 3335 1104 3408 iussi
1132 3337 1266 3407 servari
1293 3354 1376 3418 eum
1400 3331 1514 3404 donec
1531 3333 1661 3406 mittam
1690 3358 1770 3408 enm

284 3453 330 3524 ad
358 3455 553 3524 Caesarem.
605 3445 632 3488 ’²
649 3453 803 3546 Agrippa
818 3461 823 3468 '
839 3464 954 3526 autem
990 3455 1036 3528 ad
1051 3456 1202 3526 'Festum
1230 3454 1397 3526 Volebam
1431 3452 1567 3545 etipse
1594 3454 1770 3528 hominem

284 3573 412 3644 audire.
468 3573 568 3658 Cras,
604 3572 726 3664 inquit,
761 3572 884 3644 audies
919 3595 1008 3644 eum.
1061 3565 1218 3644 ”Altera
1253 3581 1368 3644 autem
1408 3569 1466 3642 die
1502 3591 1579 3642 cum
1615 3577 1770 3648 venissel

281 3691 434 3786 Agrippa
469 3703 504 3762 et
537 3692 681 3763 Bernioe
717 3713 795 3762 cum
829 3693 933 3763 multa
972 3693 1159 3764 ambitione
1196 3703 1231 3763 et
1264 3691 1461 3764 introissent
1487 3691 1527 3762 'in
1562 3687 1767 3766 auditorium

235 3887 242 3890 ,
283 3819 360 3882 oum
388 3811 531 3883 tribunis
558 3821 593 3881 et
618 3811 701 3882 viris
727 3809 970 3904 principalibus
997 3811 1151 3896 civitatis,
1180 3821 1216 3882 et
1240 3812 1380 3884 iubente
1406 3809 1509 3882 Festo
1527 3809 1697 3884 adductus
1716 3825 1770 3884 est

283 3929 417 4002 Paulus.
470 3922 497 3968 ²*
513 3932 556 4002 Et
582 3931 669 4003 dixit
694 3931 817 4000 Festus
844 3929 998 4024 Agrippa
1026 3951 1090 4002 rex
1117 3941 1153 4000 et
1180 3929 1387 4021 omnesqui
1414 3929 1512 4000 simul
1546 3929 1682 4004 adestis·
1702 3955 1782 4006 no-·

282 4050 414 4121 bisonm
442 4050 515 4134 viri,
543 4049 669 4122 videtis
695 4049 787 4121 hunc
813 4049 859 4120 de
886 4072 956 4142 quo
984 4051 1095 4122 omnis
1113 4050 1294 4122 multitudo
1320 4047 1770 4144 ludaeorum'interpellavit

283 4191 339 4240 me
365 4170 614 4263 Hierosolymis
640 4180 763 4262 petens
791 4180 826 4240 ot
852 4169 907 4240 bic
933 4169 1121 4240 clamantes
1146 4191 1217 4240 non
1244 4175 1407 4260 oportere
1434 4175 1512 4238 eum
1544 4169 1663 4238 vivere
1685 4193 1768 4240 am-

281 4288 379 4380 plius.
433 4280 460 4324 ⁹³⁵
476 4289 552 4379 Ego
585 4293 671 4360 vero
711 4289 866 4382 comperi
902 4287 982 4358 nihil
1017 4287 1158 4379 dignum
1191 4309 1271 4358 eum
1303 4296 1415 4357 morte
1449 4286 1646 4371 admisisse,
1672 4289 1768 4379 ipso

283 4415 397 4478 autem
433 4407 501 4479 hoc
539 4407 734 4499 appellante
772 4408 818 4480 ad
852 4406 1044 4499 Augustum
1061 4433 1063 4440 ’
1079 4406 1225 4480 iudicavi
1256 4405 1401 4476 mittere.
1453 4396 1479 4442 ”
1495 4407 1546 4476 De
1566 4423 1651 4496 'quo
1685 4405 1769 4497 quid

283 4535 412 4597 certum
441 4525 589 4596 scribam
619 4526 760 4598 domino
787 4531 857 4596 uon
884 4525 1016 4597 babeo:
1044 4531 1189 4618 propter
1216 4523 1310 4616 quo'd
1337 4524 1488 4615 produxi
1523 4531 1602 4594 eum
1631 4522 1676 4594 ad
1704 4545 1768 4596 vos

283 4654 317 4714 et
353 4645 504 4716 maxime
541 4645 587 4716 ad
621 4655 671 4730 te,
695 4665 770 4715 ¹ren
805 4643 974 4736 Agrippa,
1001 4647 1047 4714 'ut
1081 4641 1348 4738 interrogatione
1382 4643 1470 4714 lacta
1502 4642 1650 4714 babeam
1685 4643 1767 4734 quid

281 4763 447 4834 scribam:
500 4755 526 4799 ²⁷
545 4764 618 4834 sine
652 4765 785 4836 ratione
818 4763 907 4834 enim
944 4764 1024 4834 mibi
1055 4762 1191 4834 videtur
1225 4760 1360 4830 mittere
1393 4761 1542 4834 vinctum
1575 4771 1611 4832 et
1643 4773 1766 4834 causas

277 4882 350 4952 eius
376 4903 445 4954 uon
472 4881 675 4974 siguificare.
1315 4888 1319 4896 '
1600 4903 1603 4909 ·

861 4999 959 5082 xxv,
989 5003 1010 5068 o
1042 4945 1175 5072 -sn
