4146 6120
305 361 307 371 ⁴
408 383 482 462 378
970 387 1151 451 uersuum
1176 387 1286 450 rsrnr
1313 391 1332 450 r

409 617 514 689 quam
547 593 592 664 ab
626 613 670 663 eo
704 590 819 661 missis
853 590 898 661 ad
936 591 1125 664 vindictam
1165 592 1358 676 malorum,
1398 589 1538 662 laudem
1577 611 1664 663 vero
1704 591 1880 674 bonorum;

409 709 437 752 ⁴⁵
454 714 536 807 quia
568 713 618 784 sic
652 719 705 781 est
740 710 899 782 voluutas
932 709 1006 796 dei,
1041 722 1078 782 ut
1109 711 1368 782 benefacientes
1403 709 1645 782 obmutescere
1679 710 1806 780 faciatis
1834 711 1882 778 iu-

411 833 631 928 prudeutium
657 829 836 900 homiuum
861 829 1111 922 ignorantiam,
1150 821 1178 866 ⁴⁸
1194 831 1293 923 quasi
1318 829 1427 915 liberi,
1455 841 1490 902 et
1514 851 1586 900 uon
1612 831 1712 922 quasi
1737 830 1884 900 velamen

413 955 581 1024 babentes
613 949 764 1020 malitiae
798 949 1009 1034 libertatem,
1046 949 1111 1021 sed
1144 949 1231 1020 sicut
1264 951 1358 1021 servi
1392 949 1458 1020 dei.
1511 941 1536 984 ¹⁷
1555 949 1684 1020 Omnes
1718 947 1883 1030 honorate,

412 1072 658 1148 fraternitatem
684 1068 832 1160 diligite,
860 1067 964 1139 deum
992 1069 1123 1152 timete,
1150 1089 1272 1160 regem
1298 1068 1534 1140 honorificate.
1586 1059 1613 1104 ¹⁸
1630 1068 1743 1151 Servi,
1770 1064 1886 1137 subditi

413 1190 567 1262 inomni
594 1188 716 1258 timore
743 1187 900 1272 dominis,
927 1207 998 1258 nou
1025 1189 1154 1259 tautum
1180 1189 1282 1259 bouis
1309 1197 1344 1259 et
1368 1188 1548 1272 modestis,
1576 1187 1761 1259 sedetiam
1779 1185 1886 1256 disco

412 1310 463 1381 lis.
515 1301 648 1379 ⁴⁹Haec
681 1317 736 1378 est
768 1307 859 1376 enim
891 1307 1017 1400 gratia,
1052 1307 1081 1376 si
1111 1316 1254 1400 propter
1280 1307 1526 1379 conscientiam
1552 1307 1610 1379 dei
1636 1308 1779 1378 sustinet
1802 1301 1887 1396 'quis

413 1428 564 1500 tristitias
590 1426 725 1521 patiens
752 1425 883 1496 iniuste.
935 1417 1077 1511 ”Quae
1105 1427 1195 1496 euim
1223 1427 1431 1519 gloriaest,
1467 1427 1496 1497 si
1528 1436 1716 1520 peccantes
1742 1436 1777 1496 et
1801 1423 1887 1494 cola-

414 1547 541 1642 phizati
567 1545 742 1617 suffertis?
795 1546 866 1617 Sed
893 1545 921 1615 si
946 1545 1039 1616 bene
1064 1546 1231 1616 facientes
1259 1556 1295 1616 et
1321 1547 1490 1640 patientes
1517 1548 1708 1632 susbnetis,
1734 1545 1819 1616 baec
1841 1541 1889 1612 'est

416 1667 527 1759 gratia
553 1664 647 1758 apud
673 1663 789 1736 deum.
840 1655 864 1700 ²⁴
883 1665 920 1734 ln
946 1664 1015 1734 hoc
1040 1663 1132 1734 euim
1158 1665 1273 1736 vocali
1300 1666 1399 1751 estis,
1428 1666 1508 1758 quria
1535 1675 1571 1736 et
1597 1665 1751 1736 Christus
1775 1682 1889 1758 passus

417 1796 471 1857 est
502 1807 567 1878 pro
602 1785 720 1866 vobis,
755 1783 952 1875 relinquens
984 1783 1086 1854 vobis
1120 1785 1317 1878 exemplum
1352 1793 1388 1856 ut
1421 1785 1612 1877 sequamini
1644 1784 1791 1876 vestigia
1815 1781 1889 1860 eins,

416 1898 443 1944 ¹²
460 1905 518 1997 qui
544 1913 724 1998 peccatum
761 1924 830 1976 nou
862 1903 959 1986 fecit,
986 1905 1060 1972 'nec
1094 1903 1196 1975 dolus
1218 1904 1390 1975 ‘inventus
1423 1913 1477 1976 est
1508 1905 1542 1973 iu
1574 1924 1637 1975 ore
1670 1903 1763 1986 eius,
1800 1889 1826 1937 ²³
1841 1897 1892 1990 qui

418 2045 496 2096 cum
530 2021 795 2094 malediceretur
825 2043 896 2093 uon
928 2021 1175 2108 maledicebat,
1211 2044 1290 2094 cum
1323 2033 1500 2118 pateretur
1525 2043 1594 2094 uon
1621 2020 1891 2101 comminabatur,

418 2143 579 2217 tradebat
614 2149 729 2214 antem
765 2161 804 2212 se
837 2139 999 2212 iudicanti
1031 2141 1172 2227 iniuste,
1210 2131 1238 2180 ²⁴
1255 2143 1312 2234 qui
1344 2152 1488 2235 peccata
1521 2151 1641 2214 nostra
1667 2142 1743 2236 ipse
1768 2136 1893 2234 pertulit

418 2265 452 2335 iu
479 2282 629 2355 corpore
655 2282 719 2333 suo
746 2281 811 2354 per
837 2260 980 2352 lignum,
1006 2268 1043 2330 ut
1069 2260 1223 2353 peccatis
1249 2262 1373 2333 mortui
1399 2261 1547 2333 iustitiae
1572 2262 1782 2345 viveremus,
1809 2256 1894 2328 cruos

417 2384 527 2455 livore
549 2375 663 2453 'sanan
690 2379 791 2451 estis:
830 2371 857 2416 ²⁵
870 2379 975 2450 eratis
1001 2379 1091 2450 euim
1119 2380 1206 2450 sicut
1232 2401 1318 2452 oves
1345 2391 1516 2467 errantes,
1544 2381 1608 2454 sed
1636 2379 1796 2453 conversi
1820 2375 1894 2447 estis

419 2523 511 2573 nunc
537 2499 582 2571 ad
608 2507 787 2592 pastorem
814 2509 849 2569 et
875 2498 1078 2591 episcopum
1106 2499 1295 2572 animarum
1321 2509 1525 2572 vestrarum.

1135 2778 1184 2848 lll.

498 2971 573 3028 '⁰⁰’
592 2979 750 3052 Similiter
776 2991 811 3052 et
838 2981 999 3054 mulieres
1025 2981 1184 3055 subditae
1211 2985 1278 3054 siut
1304 2984 1375 3055 suis
1409 2985 1508 3072 viris,
1544 2997 1581 3056 ut
1614 2995 1650 3054 et
1682 2984 1711 3056 si
1746 2981 1805 3074 qui
1837 2995 1898 3046 11011

422 3100 566 3172 creduut
592 3099 713 3186 verbo,
741 3122 805 3194 per
831 3102 1017 3174 mulierum
1039 3104 1340 3175 conversationem
1368 3104 1441 3174 siue
1459 3106 1569 3176 verbo
1586 3101 1771 3186 lucrifiant,
1798 3092 1898 3168 'con-

421 3219 615 3292 siderautes
640 3221 675 3290 in
701 3210 825 3292 timore
852 3232 984 3294 castam
1012 3224 1312 3298 conversationem
1338 3233 1500 3295 vestram.
1558 3215 1745 3310 ³Quarum
1772 3219 1900 3290 sitnon

422 3338 636 3411 extrinsecus
663 3339 862 3432 capillatura
888 3352 947 3413 aut
973 3341 1196 3414 circumdatio
1223 3337 1296 3414 auri
1327 3353 1386 3414 aut
1407 3341 1595 3414 indumenti
1623 3342 1900 3414 vestimentorum

422 3459 548 3544 cultus,
587 3449 684 3530 ‘sed
711 3460 768 3551 qui
795 3460 1020 3534 absconditus
1046 3462 1163 3534 cordis
1190 3473 1243 3534 est
1269 3463 1375 3534 homo
1402 3464 1435 3534 in
1461 3462 1780 3556 incorruptibilitate
1807 3451 1901 3550 quieti

402 3583 457 3648 'et
483 3577 632 3649 modesti
657 3578 805 3670 spiritus,
834 3579 930 3671 quod
956 3590 1011 3651 est
1036 3581 1072 3651 in
1097 3593 1287 3675 conspectu
1313 3582 1370 3654 dei
1396 3583 1567 3675 locuplex.
1611 3574 1707 3651 ⁵Sic'
1727 3580 1820 3652 euim
1846 3572 1901 3646 ali-

422 3697 562 3789 quando
590 3707 625 3767 et
651 3709 791 3769 amotae
818 3697 979 3770 mulieres
1007 3713 1188 3793 sperantes
1214 3701 1248 3772 iu
1275 3701 1418 3774 domiuo
1445 3701 1616 3773 ornabant
1642 3721 1696 3784 se,
1733 3698 1900 3771 subiectae

422 3815 570 3910 propriis
597 3815 697 3902 viris,
737 3806 851 3888 ⁶sicut
877 3819 980 3890 Sarra
1008 3819 1220 3892 oboediebat
1246 3819 1425 3906 Abrahae,
1454 3819 1633 3893 dominum
1660 3841 1743 3890 eum
1770 3833 1902 3892 vocans

423 3937 520 4007 cuius
555 3933 640 4006 estis
674 3933 764 4006 filiae
798 3934 889 4007 bene
920 3937 1086 4010 facientes
1113 3949 1148 4010 et
1174 3963 1244 4012 uou
1277 3941 1437 4012 timentes
1464 3940 1565 4011 ullam
1584 3961 1588 3968 ·
1605 3938 1903 4033 perturbationem.

422 4043 495 4099 Νι)
514 4053 582 4125 Viri
609 4053 777 4138 similiter,
805 4055 1045 4128 cohabitantes
1072 4059 1263 4132 secuudum
1290 4048 1468 4132 scientiam
1495 4059 1595 4151 quasi
1621 4057 1799 4128 infirmiori
1825 4071 1903 4124 vaso

423 4172 596 4256 muliebri,
638 4171 859 4266 inpertientes
893 4175 1062 4247 honorem
1096 4187 1272 4270 tamquam
1305 4188 1341 4249 et
1373 4177 1606 4250 coheredibus
1641 4177 1778 4270 gratiae
1811 4174 1905 4250 vine,

423 4301 460 4361 ut
484 4311 538 4361 ne
570 4291 800 4384 impediantur
832 4294 1006 4366 orationes
1039 4304 1169 4366 vetrae.
1221 4284 1288 4366 8lu
1320 4297 1390 4368 fide
1424 4307 1538 4369 autem
1573 4317 1695 4369 omues
1721 4296 1906 4370 unanimes.

423 4411 670 4503 conpatientes
697 4411 914 4484 fraternitatis
941 4423 1125 4498 amatores,
1152 4415 1405 4501 misericordes,
1433 4415 1596 4502 humiles,
1635 4410 1736 4487 ⁹u0n
1758 4412 1907 4486 redden-

422 4539 477 4600 tes
504 4531 630 4600 malum
658 4549 722 4622 pro
749 4531 841 4601 malo
868 4533 923 4602 vel
951 4531 1169 4603 maledictum
1198 4555 1262 4626 pro
1291 4534 1485 4620 maledicto,
1514 4535 1622 4607 sede
1647 4531 1908 4606 contrariobe·

422 4648 641 4733 aedicantes,
677 4649 757 4741 quia
790 4650 824 4719 iu
857 4650 924 4721 hoc
956 4652 1071 4723 vocati
1098 4652 1182 4722 estis
1208 4662 1245 4723 ut
1271 4649 1551 4725 benedictionem
1577 4653 1772 4726 hereditate
1801 4647 1908 4744 possi-

423 4768 543 4840 deatis.
596 4760 702 4852 ⁴⁰Qui
730 4769 821 4838 onim
848 4770 921 4839 vult
946 4769 1052 4840 vitam
1080 4769 1223 4862 diligere
1251 4781 1286 4840 et
1312 4770 1432 4842 videre
1459 4772 1535 4844 dies
1561 4773 1691 4858 bonos,
1726 4760 1911 4842 coherceat
1951 4753 1954 4758 ’

423 4887 574 4977 linguam
600 4907 700 4958 suam
728 4907 749 4956 a
774 4887 866 4958 malo
895 4898 929 4958 et
955 4888 1046 4958 labia
1073 4889 1148 4960 eius
1180 4909 1225 4958 ne
1256 4889 1438 4980 loquantur
1470 4891 1607 4974 dolum,
1652 4885 1674 4926 ⁴⁴
1695 4890 1849 4962 declinet
1874 4877 1911 4950 'a

423 5005 517 5074 malo
550 5015 585 5076 et
614 5005 717 5076 faciat
748 5005 897 5091 bouum,
933 5007 1079 5098 inquirat
1113 5027 1237 5100 pacem
1271 5019 1307 5077 et
1341 5019 1505 5100 sequatur
1540 5031 1638 5096 eam,
1678 5003 1801 5100 ''quia
1828 5002 1912 5076 oculi

425 5113 556 5193 domini
583 5145 688 5216 super
715 5123 823 5196 iustos
851 5133 886 5206 et
912 5145 1014 5195 aures
1041 5124 1115 5195 eius
1141 5127 1174 5195 iu
1201 5146 1349 5218 praeces
1376 5147 1514 5212 eorum,
1551 5129 1663 5200 vultus
1695 5137 1815 5199 autem
1850 5122 1913 5194 do-

991 5243 1027 5328 ll,
1057 5246 1103 5312 lb
1133 5283 1181 5295 —
1209 5245 1257 5326 lll,
1289 5247 1344 5319 ta.
