4220 6124
358 340 431 424 276
817 347 997 415 merum
1021 347 1074 414 an
1101 351 1326 416 conmmos
1351 353 1372 414 a

358 555 551 629 cessariora
567 565 670 641 sunt,
713 548 740 596 ’³
756 563 791 626 et
817 576 905 649 quae
931 563 1091 649 putamus
1115 553 1357 648 ignorabiliora
1383 553 1542 660 membra
1564 573 1645 628 esse
1662 553 1828 648 eorporis,

218 761 220 771 Ι
358 677 411 750 his
436 677 605 749 honorem
631 667 917 748 abundantiorem
942 674 1203 763 circumdamus,
1229 686 1381 770 atquae
1407 674 1589 748 inhonesta
1605 683 1684 747 sunt
1699 682 1829 759 nostra,

358 798 644 872 abundantiorem
668 795 883 868 honestatem
908 795 1050 882 habent,
1092 786 1278 870 ”honesta
1304 805 1419 868 autem
1435 805 1555 870 nostra
1577 795 1698 868 nullius
1715 803 1830 886 egent.

360 915 432 989 Sed
457 915 544 989 deus
569 917 775 1010 temperavit
800 937 936 1009 corpus,
962 915 996 988 ei
1021 915 1075 988 cui
1100 916 1222 990 deerat
1248 916 1537 990 abundantiorem
1561 912 1745 988 tribuendo
1762 913 1831 988 ho-

360 1057 496 1121 norem,
539 1027 615 1108 5ut
638 1056 710 1108 non
735 1035 780 1106 sit
804 1035 954 1110 schisma
978 1036 1014 1108 in
1039 1057 1196 1132 corpore,
1223 1037 1288 1110 sed
1312 1036 1350 1110 id
1374 1037 1487 1132 ipsum
1512 1056 1578 1129 pro
1594 1033 1741 1106 invicem
1758 1034 1831 1106 sol-

361 1155 451 1228 licita
477 1148 562 1228 'sint
586 1155 752 1228 membra.
802 1147 829 1194 ²⁵
844 1157 888 1228 llt
912 1156 942 1228 si
966 1156 1050 1250 quid
1073 1158 1200 1250 patitur
1223 1179 1328 1230 unum
1353 1157 1566 1241 membrum,
1594 1151 1833 1248 conpatiuntur

364 1276 479 1350 omnia
495 1275 669 1362 membra;
687 1275 761 1348 sive
777 1275 941 1370 gloriatur
955 1283 1061 1348 unum
1078 1277 1280 1364 membrum,
1299 1275 1519 1370 congaudent
1536 1275 1651 1348 omnia
1662 1274 1831 1348 membra.

362 1387 471 1468 ”Vos
497 1405 612 1470 autem
629 1396 712 1468 estis
738 1417 863 1490 corpus
881 1395 1000 1468 Christi
1026 1407 1062 1469 et
1086 1397 1243 1470 membra
1269 1397 1315 1470 de
1340 1397 1510 1470 membro.
1552 1388 1833 1490 ”acquestum

262 1497 265 1506 ’
363 1515 502 1610 quidem
533 1517 648 1611 posuit
680 1515 768 1590 deus
799 1517 834 1588 in
867 1517 1012 1589 ecclesia
1046 1518 1193 1612 primum
1224 1519 1419 1612 apostolos,
1452 1517 1607 1590 secundo
1632 1514 1833 1611 prophetas,

364 1637 463 1708 tertio
491 1635 669 1723 doctores,
697 1635 824 1709 deinde
849 1638 1008 1722 virtutes,
1035 1631 1135 1710 'exin
1161 1631 1294 1731 ’gratia
1324 1637 1553 1723 curationum,
1585 1635 1833 1731 opitulationes,

363 1757 649 1850 gubernationes,
681 1777 810 1851 genera
836 1757 1036 1851 linguarum.
1086 1748 1296 1852 ”Numquid
1323 1779 1445 1830 omnes
1471 1757 1643 1851 apostoli‘l
1668 1755 1835 1848 numquid
1959 1783 1966 1794 ·

365 1898 487 1950 omnes
504 1877 722 1971 prophetae?
748 1877 913 1972 numquid
931 1897 1052 1950 omnes
1070 1875 1257 1950 doctores?
1300 1869 1327 1917 ³⁰
1342 1877 1508 1972 numquid
1525 1897 1647 1950 omnes
1662 1877 1833 1952 virtutes?

362 1997 528 2094 numquid
554 2019 676 2070 omnes
702 1999 847 2090 gratiam
872 1998 1001 2072 habent
1027 1997 1264 2070 curationum?
1289 1997 1456 2091 numquid
1486 2017 1608 2070 omues
1633 1997 1755 2091 linguis
1780 1999 1834 2069 lo-

364 2121 536 2213 quuntur?
570 2118 735 2212 numquid
766 2140 887 2192 omnes
918 2120 1227 2212 interpraetentur?
1275 2111 1298 2156 ³¹
1318 2117 1545 2190 Aemulamini
1577 2127 1694 2190 autem
1726 2119 1834 2191 caris-

364 2249 457 2314 mata
482 2238 625 2312 maiora.
668 2227 718 2286 ‘⁰¹‘
731 2239 774 2312 Et
799 2239 913 2314 adhuc
938 2238 1217 2312 excellentiorem
1243 2238 1334 2311 viam
1361 2238 1462 2312 vohis
1488 2238 1700 2311 demonstro.

1060 2511 1139 2586 XIII.

441 2711 507 2791 'Si
531 2718 654 2812 linguis
672 2717 855 2794 ¹hominurn
879 2719 1002 2814 loquar
1027 2729 1063 2792 et
1088 2719 1299 2814 angelorum,
1324 2719 1503 2793 caritatem
1529 2729 1643 2792 autem
1676 2740 1747 2792 non
1771 2717 1835 2790 ha·

367 2839 481 2926 boam,
506 2840 616 2914 faetus
641 2863 717 2914 sum
743 2837 866 2914 ‘volut‘
881 2861 942 2912 aes
957 2845 1096 2914 'sonans
1122 2849 1181 2913 aut
1205 2839 1402 2935 cymbalum
1427 2839 1582 2912 tinniens.
1624 2831 1692 2911 ’llt
1717 2839 1747 2913 si
1771 2837 1836 2912 ha-

366 2959 488 3034 buero
503 2959 721 3056 prophetiam
747 2961 963 3033 at'noverim
987 2961 1154 3056 mysteria
1186 2961 1301 3033 omnia
1326 2956 1389 3034 ’et
1416 2979 1555 3032 omnem
1586 2959 1775 3046 edendam,
1802 2965 1838 3030 et

368 3079 524 3152 habuero
557 3103 695 3154 omnem
726 3080 831 3156 fidem
862 3081 909 3154 ita
941 3090 979 3154 ut
1009 3091 1145 3154 montes
1177 3081 1743 3168 transieram,ca1itatemautcm
1767 3099 1838 3150 non

367 3199 533 3288 habuero,
558 3201 640 3272 nihil
663 3223 749 3274 sum.
799 3195 873 3274 ³Et
897 3201 927 3274 si
952 3201 1158 3278 distribuero
1176 3201 1219 3282 ,in
1245 3201 1342 3274 cihoa
1367 3222 1559 3298 pauperum
1585 3221 1706 3274 omnes
1730 3199 1838 3272 facul·

298 3373 308 3412 a
369 3329 459 3394 tates
484 3343 592 3408 meas,
620 3332 656 3394 et
680 3323 710 3394 si
734 3321 910 3396 tradidero
936 3341 1063 3417 corpus
1089 3343 1206 3396 meum
1231 3331 1270 3394 ut
1295 3321 1426 3409 ardeat,
1444 3322 1620 3396 canutam
1638 3329 1840 3395 autemnon

370 3439 541 3528 habuero,
571 3441 651 3514 nihil
682 3442 765 3514 mihi
793 3441 947 3538 prodest
998 3431 1156 3518 ‘Ganos
1187 3441 1321 3537 patiens
1354 3452 1417 3529 est,
1449 3442 1600 3536 benigna
1627 3450 1689 3527 est,
1716 3440 1839 3512 caritas

368 3581 439 3632 nnn
473 3562 679 3649 aemulatur,
711 3584 780 3636 non
815 3563 886 3658 agit
918 3585 1118 3659 perperam,
1151 3583 1223 3636 non
1254 3561 1403 3650 inflatur,
1446 3556 1544 3636 ⁶non
1569 3573 1622 3635 est
1647 3561 1839 3644 ambitiosa,

369 3701 440 3752 nnn
463 3683 596 3775 queant
621 3703 711 3778 quae
736 3699 812 3756 aaa*
825 3693 913 3771 sunt,
939 3705 1010 3756 non
1025 3684 1188 3770 inuitabo,
1213 3703 1283 3755 non
1302 3683 1431 3776 cogitat
1446 3685 1591 3770 malum,
1634 3675 1735 3754 ⁶non
1751 3703 1839 3774 gau·

370 3799 431 3874 det
456 3803 804 3898 supar'iniquitatem,
831 3804 1027 3897 congaudet
1051 3813 1166 3878 autem
1191 3803 1340 3890 veritati,
1389 3795 1536 3876 'omnia
1567 3802 1697 3888 suffen,
1725 3800 1840 3874 omnia

372 3919 494 4008 credit,
530 3924 646 3996 omnia
671 3933 804 4018 sperat,
838 3925 954 3998 omnia
985 3925 1137 3998 susdoet.
1188 3915 1349 3996 ⁸Caritas
1374 3945 1562 4019 numquam
1587 3921 1740 3996 excedit:
1766 3919 1839 3992 sive

370 4041 582 4136 prophetiae,
609 4044 880 4118 evacuabuntur:
906 4045 981 4118 sive
1005 4043 1151 4138 linguae,
1178 4044 1377 4116 cessabunt:
1405 4043 1479 4116 sive
1506 4043 1657 4130 emenda,
1681 4041 1838 4114 destrue-

371 4169 434 4234 tur.
476 4154 561 4236 ⁹Ex
592 4173 691 4258 parto
725 4164 815 4236 enim
846 4165 1088 4258 cognoscimus
1125 4172 1161 4234 et
1196 4185 1243 4236 ex
1273 4171 1373 4259 parte
1406 4163 1670 4258 prophetamus:
1719 4155 1747 4200 ⁴⁰
1763 4183 1841 4234 cum
1877 4247 1883 4258 ¹

372 4291 487 4355 autem
510 4283 643 4356 venerit
660 4283 755 4377 quod
780 4285 970 4380 perlectum
987 4294 1049 4371 est,
1076 4285 1297 4373 evacuabitur
1315 4283 1411 4376 quod
1437 4292 1600 4378 exparte
1617 4293 1680 4356 est
1718 4275 1742 4320 ⁴¹
1758 4283 1842 4355 Cum

373 4422 488 4476 essem
513 4405 693 4499 parvulus,
725 4403 894 4498 loquebar
919 4414 957 4477 ut
980 4405 1153 4500 parvulus,
1181 4405 1360 4499 sapiebam
1385 4414 1424 4477 ut
1446 4405 1619 4499 parvulus,
1646 4403 1843 4498 cogitabam

372 4531 410 4594 ut
433 4525 613 4618 parvulus:
640 4524 779 4617 quaudo
805 4525 915 4596 lacbrs
940 4546 1017 4598 sum
1041 4525 1103 4611 vir,
1131 4526 1299 4599 evacuavi
1324 4547 1414 4619 quae
1440 4535 1538 4598 crant
1561 4524 1703 4619 parvuli.
1741 4515 1768 4562 ⁴¹
1784 4523 1842 4594 Vi-

373 4642 496 4716 demus
527 4666 618 4716 nunc
649 4666 714 4739 per
745 4645 922 4741 speculum
953 4648 989 4719 in
1020 4647 1229 4740 aenigmate,
1263 4655 1343 4718 hmo
1376 4655 1491 4719 autem
1515 4645 1603 4718 facie
1628 4645 1675 4718 ad
1700 4642 1841 4718 taciem:

373 4786 463 4838 nunc
487 4769 665 4860 cognosco
689 4788 736 4840 ex
761 4776 876 4862 parte,
910 4776 989 4840 tunc
1014 4777 1130 4840 autem
1156 4781 1380 4861 cognoscam·
1401 4769 1488 4840 sicut
1513 4774 1549 4837 et
1573 4765 1729 4860 cognitus
1756 4785 1842 4836 sum.

273 4881 276 4893 '
374 4876 400 4922 ¹³
414 4885 513 4960 Nunc
538 4897 651 4962 autem
677 4899 794 4964 manet
818 4887 907 4964 fidas
932 4909 1015 4985 spes
1041 4887 1188 4974 caritas,
1207 4887 1271 4960 tria
1297 4887 1398 4962 haec:
1429 4887 1538 4961 maior
1564 4897 1695 4962 autem*
1711 4885 1763 4959 his
1790 4893 1843 4958 est

375 5007 507 5080 caritas.

404 5121 410 5136 '
900 5131 967 5216 ΧΠ,
994 5133 1042 5206 23
1068 5169 1120 5186 -
1145 5129 1225 5216 Xlll,
1254 5131 1310 5201 l3.
