4220 6124
865 1248 1014 1324 INCIPIT
1041 1253 1347 1328 ARGUIIIENTUM.

466 1495 500 1596 P
503 1533 558 1596 ost
584 1535 695 1598 aetam
731 1528 974 1620 paenitentiam
1007 1533 1273 1604 consolatoriam
1306 1531 1424 1602 scribit
1456 1533 1506 1602 eis
1538 1553 1559 1604 a
1593 1527 1782 1614 Troadae'‚
1812 1541 1844 1600 ct

362 1644 575 1730 conlaudans
601 1646 756 1718 hortatur
783 1648 828 1720 ad
855 1651 1007 1722 meliora.

1018 1786 1190 1850 EXPLICIT

567 2039 776 2112 INCIPIUNT
805 2041 1014 2141 carnum
1041 2043 1101 2115 AD
1128 2043 1384 2117 CORINTHIOS
1412 2046 1646 2119 SECUNDAE.

466 2265 487 2334 I.
515 2265 566 2336 De
592 2265 811 2359 passionibus
837 2276 873 2336 et
899 2267 1200 2340 consolationibus.

389 2454 391 2463 ,
448 2385 483 2454 II.
510 2387 563 2456 De
590 2385 806 2458 tribulatione
823 2385 951 2479 ingenti
968 2387 1062 2458 Pauli
1079 2397 1346 2483 ceterorumque
1371 2390 1405 2460 in
1422 2389 1516 2462 Asin:
1545 2401 1582 2462 et
1608 2384 1722 2482 ’quod
1739 2410 1842 2459 nemo

514 2505 549 2575 in
576 2527 615 2576 se
641 2504 803 2578 fiduciam
830 2507 961 2579 habere
987 2507 1117 2580 debeat
1142 2505 1207 2579 sed
1232 2509 1266 2578 in
1292 2508 1374 2580 deo.

438 2627 487 2696 Ill.
513 2627 566 2696 De
593 2636 710 2698 mutua
736 2626 939 2720 gloriatione
966 2637 1163 2700 sanctorum
1190 2628 1224 2699 in
1250 2628 1307 2702 dic
1334 2628 1472 2702 domini.

420 2746 481 2816 IIII.
516 2745 569 2816 De
597 2748 758 2840 apostolo
784 2747 890 2818 deum
916 2757 1064 2821 testante
1091 2749 1187 2842 quod
1214 2749 1400 2822 adventum
1427 2771 1527 2822 suum
1554 2747 1734 2822 Corinthiis
1760 2769 1843 2840 par·

516 2853 629 2939 condo
655 2866 792 2940 distulit.

447 2986 484 3055 V.
512 2986 564 3056 De
591 2979 799 3060 ‘differentia
833 2989 1004 3075 tristitiae,
1041 3000 1076 3060 et
1110 2990 1259 3082 apostoli
1298 2989 1510 3082 obiurgantis
1550 2988 1750 3083 peccamina
1791 2981 1845 3058 'et

516 3107 725 3180 remittentis.

434 3225 484 3296 VI.
510 3227 563 3298 Dc
589 3229 732 3314 sanctIs,
766 3227 861 3322 quod
892 3230 958 3300 siut
997 3229 1136 3302 salvatis
1168 3229 1258 3302 odor
1291 3231 1384 3302 vitae
1417 3229 1592 3314 invitam,
1620 3227 1843 3322 pereuntibus

513 3369 599 3419 vero
627 3347 717 3421 odor
743 3349 862 3420 mortis
888 3349 922 3420 in
948 3359 1112 3422 mortem:
1139 3350 1247 3422 etde
1274 3349 1544 3422 adulterantibus
1571 3348 1717 3420 verbum
1744 3347 1810 3419 dei.

425 3465 489 3537 VII.
516 3469 568 3539 De
595 3468 749 3562 epletulis
775 3468 1080 3542 commendaticiis.

389 3585 488 3657 ·VIII.
514 3589 567 3659 De
601 3587 739 3661 duobus
773 3590 988 3662 testamentis
1026 3600 1063 3662 et
1092 3591 1227 3685 utrique
1253 3585 1466 3664 'distantiaez
1501 3599 1536 3658 et
1567 3587 1663 3679 quod
1697 3589 1757 3660 ubi
1789 3598 1843 3658 est

513 3708 650 3802 spiritus
677 3707 820 3790 domini,
847 3710 894 3780 ibi
920 3710 964 3781 sit
989 3720 1025 3781 et
1050 3711 1199 3782 libertas.

429 3827 481 3898 III
511 3829 561 3898 De
587 3828 840 3902 ambulantibus
866 3829 900 3901 iu
926 3829 1052 3902 astutia
1076 3841 1112 3904 et
1137 3829 1406 3902 adulterantibus
1432 3827 1578 3900 verbum
1605 3826 1671 3897 dei.

446 3947 485 4018 X.
512 3949 564 4018 De
591 3948 660 4020 deo
686 3949 783 4020 istius
809 3951 937 4021 saecrdi
963 3971 1103 4024 sensum
1128 3947 1313 4021 infidelium
1340 3943 1616 4032 'excaecantem
1643 3955 1677 4016 et
1703 3943 1840 4016 dedc-

515 4067 608 4139 mino
635 4068 768 4141 Christo
795 4068 891 4163 quod
916 4070 1032 4163 imago
1060 4081 1114 4143 cst
1140 4070 1206 4144 dei.

429 4187 483 4258 XI.
510 4188 563 4259 De
589 4189 811 4282 passionibus
838 4199 873 4262 et
900 4190 1079 4262 tolerantia
1104 4189 1305 4284 passionum
1332 4199 1367 4259 et
1392 4189 1511 4281 gloria.

418 4308 485 4380 XII.
512 4309 564 4378 De
591 4307 816 4381 dissolutione
841 4311 968 4382 terreni
995 4309 1152 4404 corporis
1179 4331 1222 4381 ac
1248 4308 1442 4403 praesentis
1469 4317 1504 4378 et
1529 4303 1770 4378 aedificatione
1796 4327 1842 4376 ex

517 4427 586 4499 deo
613 4449 703 4522 quae
729 4439 783 4502 est
809 4430 1020 4524 sempiterna
1044 4430 1079 4501 in
1105 4429 1220 4502 caeIIs.

402 4547 483 4619 XIII.
511 4549 563 4618 lle
589 4549 867 4642 peregrinatione
893 4561 1091 4622 sanctorum
1117 4571 1138 4621 a
1164 4549 1305 4622 domino
1332 4546 1497 4640 quamdiu
1521 4556 1608 4618 'sunt
1633 4547 1668 4617 in
1694 4567 1842 4640 corpore

515 4661 570 4738 'ct
595 4669 791 4762 praesentia
818 4669 913 4764 apud
946 4669 1123 4743 dominum
1156 4691 1234 4740 cum
1261 4668 1436 4741 excedunt
1461 4687 1627 4761 corpore:
1661 4666 1706 4740 de
1733 4668 1842 4738 mani—

515 4788 696 4862 festatione
723 4789 875 4862 omnium
902 4801 982 4862 ante
1008 4791 1154 4862 tribunal
1182 4788 1304 4860 Christi
1328 4789 1407 4860 lesu
1432 4786 1570 4860 domini.

396 4907 488 4978 XIIII.
515 4909 567 4980 De
594 4911 754 5004 apostolo
782 4909 951 4984 suadente
977 4909 1182 4982 nominibus.

413 5027 482 5098 XV.
509 5029 562 5099 De
589 5031 641 5101 eIs
667 5031 724 5124 qui
750 5031 785 5102 in
809 5031 897 5104 leole
923 5041 958 5102 et
983 5053 1054 5102 non
1079 5031 1114 5102 iu
1140 5030 1248 5102 corde
1274 5027 1470 5122 gloriantur.

405 5149 487 5222 XVI.
513 5151 566 5220 De
592 5151 779 5224 abolitione
804 5162 960 5223 veterum
987 5160 1022 5222 et
1046 5149 1271 5222 renovatione
1298 5157 1551 5233 creaturae-et
1567 5147 1843 5220 reconcdiatione

513 5281 632 5344 nostra
659 5271 835 5344 addeum
861 5293 926 5367 per
952 5271 1128 5344 dominum
1154 5279 1307 5342 nostrum
1334 5269 1447 5342 Iesum
1474 5267 1653 5341 Christum.
