4242 6118
359 391 430 464 ⁴02
780 393 1018 460 EVANGELlUll
1045 394 1245 458 SECUNDUM
1271 391 1396 458 nuchul

356 599 536 672 benedixit
562 597 666 672 doum
694 608 730 672 et
754 597 848 680 dixit,
883 589 909 636 ²⁹
925 597 1023 670 Nunc
1047 597 1187 674 dimittis
1217 619 1359 670 servum
1385 609 1495 682 tuum,
1524 597 1679 680 domine,
1707 615 1833 668 secuu-

357 719 441 792 dum
466 719 612 792 verbum
638 729 733 794 tuum
759 718 793 790 in
819 739 925 811 paee,
976 709 1004 756 ³⁰
1021 717 1102 810 quia
1133 719 1294 792 viderunt
1327 718 1418 792 oculi
1451 717 1519 790 mei
1553 717 1702 790 salutare
1727 724 1832 800 tuum,

355 830 379 876 ³⁸
400 838 495 931 quod
521 838 650 932 parasti
677 849 756 912 ante
782 839 906 910 faciem
932 837 1083 912 omnium
1109 839 1332 932 populorum,
1384 831 1411 876 ³²
1428 839 1542 912 lumen
1576 835 1623 910 ad
1648 835 1833 910 revelatio·-

357 979 436 1030 nem
470 957 621 1052 gentium
654 969 690 1032 et
722 949 866 1050 gloriam
897 958 1008 1052 plebis
1041 969 1122 1032 tuae
1154 958 1292 1030 lsrabel.
1343 951 1370 996 ³³
1385 957 1428 1032 m
1459 967 1535 1031 erat
1568 967 1668 1052 pater
1700 956 1773 1030 eius
1799 965 1834 1030 et

356 1087 469 1152 mater
495 1078 657 1152 mirantes
684 1099 789 1172 super
819 1078 990 1171 hisquae
1024 1077 1227 1152 dicebantur
1259 1077 1306 1150 de
1339 1077 1406 1148 illo.
1459 1066 1486 1114 ³⁵
1500 1079 1544 1154 Et
1568 1076 1747 1150 benedixit
1771 1075 1834 1150 illis

357 1199 519 1292 Symeon,
546 1209 582 1270 et
608 1197 694 1270 dixit
725 1197 772 1270 ad
804 1198 944 1270 Mariam
972 1208 1117 1272 matrem
1151 1197 1225 1272 eius
1254 1199 1347 1272 Ecce
1378 1199 1513 1291 positus
1545 1205 1600 1272 est
1624 1196 1678 1270 hic
1703 1197 1738 1268 in
1763 1195 1833 1270 rui-

356 1338 436 1390 nam
462 1329 499 1390 et
523 1319 812 1390 resurrectionem
839 1319 1022 1392 multorum
1048 1319 1082 1392 in
1107 1319 1235 1392 lsrahel
1262 1329 1297 1394 et
1322 1318 1357 1392 in
1382 1318 1516 1411 signum
1543 1319 1598 1392 cui
1615 1316 1833 1391 contradice-

358 1449 425 1512 tur:
469 1430 496 1478 ³⁵
513 1447 548 1510 et
573 1449 667 1514 tuam
693 1437 801 1532 ipsius
827 1437 975 1514 animam
1000 1439 1219 1534 pertransibit
1244 1439 1388 1532 gladius,
1415 1448 1452 1510 ut
1469 1439 1664 1510 revelentur
1681 1459 1727 1512 ex
1743 1437 1833 1524 mul-

358 1558 399 1628 tis
425 1559 590 1632 cordibus
616 1557 851 1652 cogitationes.
903 1549 929 1594 ³⁶
944 1559 987 1630 llt
1012 1571 1087 1632 erat
1112 1557 1211 1630 Anna
1238 1559 1472 1653 prophetissa,
1500 1557 1568 1632 lilia
1593 1558 1761 1642 Phanuel,
1788 1557 1834 1630 de

358 1677 447 1750 tribu
472 1677 577 1752 Aser:
604 1680 693 1754 haec
718 1678 997 1772 processeratis
1031 1663 1160 1753 diebus'
1181 1680 1295 1754 multis
1328 1689 1364 1752 et
1396 1679 1532 1750 uixerat
1563 1699 1641 1768 cum
1668 1677 1742 1750 viro
1769 1685 1834 1750 suo

357 1799 454 1870 annis
481 1809 616 1893 septem
643 1821 664 1870 a
689 1798 881 1891 virginitate
908 1821 987 1886 sua,
1031 1793 1111 1872 ³²et
1136 1801 1223 1872 haec
1249 1799 1488 1891 viduamque
1523 1797 1570 1870 ad
1596 1820 1706 1870 annos
1733 1807 1833 1872 octo-

357 1917 449 2008 ginta
476 1929 644 2012 quattuor,
673 1937 762 2010 quae
790 1941 856 1992 non
893 1919 1098 1996 discedebat
1129 1920 1176 1994 de
1202 1921 1329 2013 templo
1364 1917 1496 1990 ieiuniis
1523 1927 1558 1990 et
1584 1917 1833 1996 obsecrationi-

340 2038 422 2124 ⁸bus
449 2040 606 2112 serviens
638 2051 741 2110 nocte
767 2061 810 2112 ac
841 2040 907 2112 die.
959 2031 1039 2114 38Εῑ
1071 2041 1159 2114 haec
1190 2040 1264 2133 ipsa
1300 2040 1387 2112 hora
1413 2037 1662 2130 superveniens
1690 2039 1833 2114 confite-

356 2159 458 2230 batur
484 2158 624 2232 domino
643 2167 679 2230 et
704 2159 910 2251 loquebatur
928 2159 974 2232 de
1000 2159 1056 2234 illo
1076 2160 1235 2234 omnibus
1253 2159 1311 2252 qui
1334 2159 1568 2252 expectabant
1585 2159 1833 2232 redemtionem

357 2278 581 2352 hierusalem.
632 2269 712 2352 ³⁹llt
737 2287 775 2350 ut
799 2281 1017 2372 perfecerunt
1042 2281 1157 2354 omnia
1183 2279 1374 2352 secundum
1400 2279 1515 2370 legem
1538 2278 1676 2368 domini,
1703 2281 1833 2352 reversi

358 2399 497 2472 suntin
524 2399 709 2472 Galilaeam
735 2399 770 2472 in
796 2400 967 2474 civitatem
994 2421 1093 2472 suam
1119 2399 1300 2472 Nazareth.
1352 2389 1379 2438 ⁸⁰
1395 2399 1484 2472 Puer
1510 2408 1626 2472 autem
1653 2401 1834 2474 crescebat

357 2529 392 2592 et
419 2519 675 2592 confortabatur
706 2519 828 2612 plenus
862 2520 1044 2614 sapientia,
1080 2529 1115 2591 et
1145 2521 1254 2612 gaha
1281 2519 1339 2592 dei
1372 2528 1447 2592 erat
1471 2519 1506 2590 in
1530 2519 1597 2594 illo.
1649 2509 1716 2592 “Et
1740 2521 1834 2594 ibant

356 2647 519 2732 parentes
547 2637 621 2712 eius
646 2659 710 2731 per
735 2661 857 2712 omnes
891 2663 1001 2713 annos
1033 2642 1069 2712 in
1093 2641 1309 2714 Hierusalem
1343 2640 1376 2712 in
1403 2639 1461 2712 die
1487 2640 1645 2714 sollemni
1671 2641 1833 2734 paschae.

356 2746 383 2794 ⁴²
399 2759 442 2830 Et
467 2781 546 2832 cum
571 2761 681 2832 lactus
714 2769 811 2832 esset
837 2779 1002 2832 annorum
1038 2761 1239 2846 duodecim,
1267 2759 1534 2834 ascendentibus
1561 2759 1624 2834 illis
1649 2761 1683 2834 in
1709 2763 1833 2834 Hiero-

358 2879 530 2972 solymam
557 2879 747 2954 seoundum
775 2881 1058 2954 consuetudinem
1085 2882 1154 2956 diei
1180 2882 1272 2968 sesti,
1317 2869 1343 2919 *³
1360 2881 1676 2974 consummatisque
1710 2881 1833 2954 diebus

358 3021 436 3070 cum
468 2998 636 3086 redirent,
670 3000 835 3074 remansit
866 3022 953 3094 puer
984 3002 1081 3074 lesus
1114 3001 1148 3074 in
1181 3002 1411 3081 Hierusalem,
1440 3011 1475 3072 et
1499 3023 1569 3072 non
1596 3011 1834 3092 cognoverunt

357 3130 520 3210 parentes
554 3119 638 3192 eius.
689 3108 718 3156 ⁴*
732 3121 975 3194 Existimantes
1008 3133 1124 3196 autem
1159 3123 1251 3196 illum
1287 3144 1369 3194 esse
1403 3120 1639 3205 incomitata,
1669 3132 1835 3194 venerunt

358 3239 421 3312 iter
447 3240 533 3325 diei,
562 3250 597 3312 et
621 3242 843 3334 requirebant
867 3263 948 3314 eum
974 3241 1061 3314 inter
1088 3255 1256 3336 cognatos
1291 3256 1326 3316 et
1355 3252 1475 3326 notos,
1525 3231 1601 3314 “et
1632 3263 1703 3314 non
1734 3243 1831 3314 inve-

357 3359 491 3432 nientes
517 3361 670 3454 regressi
704 3372 783 3434 sunt
814 3362 848 3434 in
881 3361 1094 3434 hierusalem
1129 3365 1343 3456 requirentes
1377 3384 1465 3438 eum.
1517 3352 1544 3398 ⁴⁶
1560 3362 1602 3434 Et
1626 3361 1752 3436 sactum
1780 3373 1836 3436 est

358 3491 437 3573 post
472 3481 621 3554 triduum
654 3482 856 3556 invenerunt
889 3483 980 3554 illum
1014 3482 1204 3577 intemplo
1232 3483 1412 3558 sedentem
1439 3482 1473 3552 in
1498 3482 1615 3556 medio
1642 3483 1833 3568 doctorum,

359 3600 554 3672 audientem
581 3602 657 3674 illos
685 3613 720 3674 et
744 3603 1026 3695 interrogantem:
1065 3592 1091 3642 ⁴⁷
1106 3591 1167 3652 (θ’)
1182 3606 1368 3698 stupebant
1393 3613 1508 3676 autem
1537 3623 1658 3676 omnes
1677 3605 1833 3696 quicum

357 3721 545 3794 audiebant
579 3744 684 3815 super
718 3723 899 3816 prudentia
930 3733 965 3796 et
999 3725 1178 3816 responsis
1209 3725 1292 3813 eius,
1343 3714 1429 3796 “Et
1466 3721 1625 3796 videntes
1665 3725 1834 3798 ammirati

359 3851 452 3925 sunt,
493 3833 572 3887 (Μ)
589 3852 625 3912 et
651 3843 737 3916 dixit
762 3853 872 3918 mater
898 3843 973 3915 eius
1008 3843 1055 3916 ad
1088 3845 1180 3918 illum
1214 3845 1301 3930 Filii,
1330 3844 1413 3937 quid
1446 3845 1556 3916 iecisti
1588 3844 1715 3916 nobis?
1749 3865 1834 3920 ecce

358 3971 458 4053 pater
485 3969 562 4032 tuus
589 3972 623 4034 et
650 3985 718 4056 ego
745 3963 903 4038 dolentes
931 3966 1184 4058 quaerebamus
1212 3976 1256 4038 te.
1308 3957 1334 4004 *⁹
1350 3966 1393 4039 Et
1420 3964 1466 4038 ait
1492 3963 1537 4036 ad
1562 3965 1638 4038 illos
1666 3963 1756 4050 Quid
1781 3973 1835 4036 est

359 4081 455 4174 quod
480 4105 538 4154 me
565 4083 816 4176 quaerebatis?
843 4085 1050 4158 nesciebatis
1078 4087 1157 4178 quia
1183 4086 1217 4158 in
1238 4085 1289 4158 bis
1308 4106 1399 4178 quae
1416 4084 1523 4178 patris
1541 4085 1611 4157 mei
1628 4094 1708 4158 sunt
1726 4106 1833 4178 opor-

359 4211 408 4274 tet
433 4224 490 4276 me
517 4207 623 4276 esse?
671 4194 752 4278 ⁵⁰Et
777 4205 843 4298 ipsi
876 4227 946 4278 non
978 4205 1217 4278 intellexerunt
1249 4205 1395 4278 verbum
1423 4205 1518 4297 quod
1549 4207 1683 4278 locutus
1708 4213 1763 4278 est
1787 4203 1835 4278 ad

359 4322 444 4395 illos.
488 4315 510 4360 ⁵¹
530 4323 573 4396 Et
601 4323 772 4399 discendit
805 4348 883 4398 cum
915 4325 965 4398 eis
998 4335 1034 4396 et
1064 4325 1157 4398 venit
1188 4325 1375 4410 Nazareth,
1409 4337 1445 4398 et
1470 4335 1544 4398 erat
1570 4325 1729 4400 subditus
1755 4326 1833 4398 illis:

359 4453 395 4513 et
419 4453 531 4516 mater
556 4444 630 4516 eins
657 4445 889 4518 conserbabat
914 4447 1028 4520 omnia
1054 4447 1162 4520 verba
1188 4446 1277 4519 haec
1307 4435 1342 4519 in
1367 4447 1475 4518 corde
1501 4469 1576 4520 suo.
1627 4438 1653 4484 ⁵¹
1670 4449 1713 4518 Et
1737 4449 1834 4520 lesus

361 4563 564 4654 proficiebat
590 4565 756 4660 sapientia
783 4575 896 4640 aetate
922 4577 958 4640 et
983 4566 1092 4660 gratia
1118 4567 1211 4660 apud
1237 4566 1342 4640 deum
1368 4576 1403 4638 et
1428 4567 1596 4640 homines.

1069 4774 1117 4846 ΙΙΙ.

437 4914 525 4970 ’(Μό
544 4925 642 4998 Anno
679 4935 792 4998 autem
826 4927 1081 5019 quintodecimo
1115 4926 1248 5020 imperii
1281 4927 1406 5000 Tiberii
1433 4931 1601 5014 Caesaris,
1629 4938 1835 5022 procurante
1870 4964 1875 4972 ·

361 5043 482 5114 Pontio
515 5045 622 5118 Pilato
655 5047 833 5132 iudaeam,
867 5049 1038 5120 tetrarcha
1072 5056 1186 5120 autem
1214 5048 1386 5122 Galilaeae
1413 5051 1561 5136 Herode,
1589 5049 1744 5143 Philippo
1771 5069 1835 5118 au-

362 5173 431 5234 tem
459 5166 561 5240 tratre
596 5167 669 5240 eius
705 5169 876 5242 tetrarcha
909 5171 1040 5242 lturea'e
1075 5177 1110 5238 et
1141 5151 1389 5244 Trachonitidis
1423 5172 1591 5280 regionis,
1628 5180 1663 5244 et
1688 5168 1836 5264 Lysania

812 5287 815 5294 ¹
941 5289 974 5360 ll.
1003 5293 1050 5364 29
1082 5329 1126 5340 ·-
1154 5290 1263 5376 ΠΗ.
