4102 6128
385 375 450 420 xxlt

383 459 464 467 ...-
830 455 920 464 φ*-

983 353 1264 456 11101ὶΕ601ίΕΝΑ

384 558 568 631 discedere
595 555 753 627 codicem
780 563 900 624 notare
927 553 1081 626 debehat
1107 557 1336 648 praetermisit
1365 578 1407 628 ae
1438 556 1641 649 saepissime
1668 559 1856 631 correctio-

385 702 447 750 nes
473 699 536 772 pro
563 675 694 770 primae
729 697 849 745 manus
885 675 1052 768 scriptura
1079 674 1214 762 habuit,
1241 677 1287 747 ita
1312 677 1405 749 haud
1431 698 1510 748 raro
1537 677 1702 748 lectiones
1728 680 1857 750 codicis

386 799 576 893 peculiares
602 797 658 866 vel
684 794 794 866 minus
821 807 981 865 accurate
1008 796 1063 882 vel
1091 815 1233 888 prorsus
1261 797 1350 867 male
1377 797 1493 880 attulit,
1508 790 1575 868 'vel
1605 797 1706 868 etiam
1726 808 1855 869 temere

385 919 489 990 finxit.
544 915 706 1002 Quodne
734 916 846 1007 inique
874 915 1021 986 anobis
1049 913 1115 986 dici
1143 915 1309 1001 videatur,
1338 935 1544 1010 quamquam
1572 919 1600 988 si
1629 920 1724 989 cuius
1750 919 1855 990 inter·

384 1043 427 1112 sit
458 1037 551 1110 haud
583 1035 716 1108 difficile
750 1035 815 1106 erit
852 1056 942 1127 quae
974 1034 1098 1105 Flecldi
1131 1046 1208 1106 sunt
1223 1057 1312 1111 ,cum
1338 1037 1464 1111 uostris
1490 1059 1703 1131 comparare,
1731 1037 1855 1130 aliquid

384 1160 622 1253 exemplorum
653 1155 865 1226 afferendum
899 1155 970 1224 erit.
1023 1154 1126 1226 Plane
1161 1156 1335 1248 praeteriit
1361 1158 1456 1250 quod
1487 1158 1534 1228 ltlt
1563 1161 1619 1239 to,
1651 1161 1705 1232 12.
1733 1158 1768 1228 16
1794 1181 1855 1230 66-

384 1281 461 1352 6166
488 1278 589 1350 deest
615 1275 770 1350 dicentes
796 1274 871 1346 Pax
896 1273 975 1344 huic
1002 1273 1127 1360 domui,
1155 1275 1236 1346 item
1263 1276 1357 1368 quod
1388 1277 1474 1348 Rom
1505 1281 1560 1362 t3,
1589 1281 1623 1349 9.
1654 1277 1755 1350 deest
1779 1279 1855 1349 Non

381 1401 503 1472 lalsum
530 1397 760 1468 testimonium
787 1395 896 1467 dices.
922 1395 1061 1479 116169,
1090 1397 1148 1470 25.
1175 1405 1273 1467 66161
1298 1395 1426 1468 deesse
1452 1407 1495 1482 et,
1522 1397 1589 1469 sed
1607 1398 1732 1469 desunt
1747 1398 1855 1468 verba

382 1530 416 1592 61
443 1541 511 1590 666
538 1517 697 1587 dilectam
725 1515 883 1586 dilectam
914 1517 926 1582 1
962 1515 1009 1586 Co
1032 1518 1089 1599 15,
1120 1518 1175 1585 16.
1204 1516 1309 1586 hahet
1335 1516 1548 1599 „versiculus
1566 1525 1658 1586 totus
1676 1516 1854 1600 omissus,“

290 1631 291 1640 ¹
382 1640 445 1712 sed
472 1647 601 1709 tantum
628 1635 770 1708 dimidia
797 1635 872 1706 eius
899 1654 980 1725 pars
1008 1634 1138 1706 omissa
1164 1643 1217 1705 est
1281 1635 1407 1706 Contra
1431 1635 1496 1706 Act
1515 1639 1547 1720 8,
1569 1631 1626 1708 37.
1654 1647 1747 1707 totus
1772 1658 1854 1706 ver-

381 1784 440 1833 sus
467 1781 488 1829 6
513 1757 624 1850 prima
650 1778 754 1826 manu
780 1755 896 1838 deest;
922 1753 1076 1825 Fleclrius
1102 1763 1198 1826 notat
1224 1753 1351 1826 deesse
1379 1763 1509 1826 autem:
1545 1756 1626 1826 item
1653 1753 1717 1824 hot
1746 1757 1801 1835 18,
1821 1758 1852 1825 3.

382 1890 473 1952 totus
498 1897 624 1947 versus
657 1874 814 1968 aprima
848 1895 950 1944 manu
977 1875 1093 1959 deest,
1121 1874 1186 1945 sed
1210 1874 1346 1944 Fleckio
1379 1874 1469 1946 duee
1496 1873 1570 1944 eius
1596 1874 1807 1946 differentiae
1834 1897 1854 1945 a

383 1997 528 2092 vulgatis
563 1995 757 2067 laudantur:
794 1995 874 2064 item
908 1992 974 2064 Act
1000 1991 1058 2079 21,
1087 1997 1163 2064 666.
1191 2014 1262 2063 666
1287 1992 1372 2064 vidit
1398 1993 1467 2065 duo
1494 1995 1567 2066 lere
1593 1994 1746 2087 integros
1772 2015 1852 2064 ver-

317 2169 319 2174 ·
383 2142 441 2191 sus
459 2115 602 2211 aprima
620 2136 724 2186 manu
742 2113 879 2185 deesse.
906 2113 1060 2185 Pessime
1078 2136 1163 2185 vero
1182 2114 1338 2184 tractavit
1354 2113 1466 2184 locum
1486 2114 1551 2184 Act
1565 2117 1597 2199 6,
1620 2119 1675 2186 10.
1690 2115 1748 2186 uhi
1766 2114 1853 2184 haec

381 2247 475 2310 notat
501 2237 578 2330 „qui
604 2235 809 2327 loquebatur
835 2233 930 2327 quod
947 2235 1118 2327 redargue
1145 2233 1290 2326 ’111666
1317 2232 1376 2324 (616
1394 2254 1471 2304 6616
1489 2233 1557 2305 hoe
1574 2233 1714 2328 signo).“
1742 2235 1851 2320 Quem

380 2363 494 2432 locum
520 2355 614 2458 vide
628 2377 733 2452 supra
757 2377 836 2448 pag.
864 2355 931 2425 XV.

474 2479 580 2548 Plane
605 2474 701 2547 finxit
726 2475 890 2546 lectiones
916 2475 1040 2568 quihus
1066 2475 1151 2546 locis
1179 2473 1295 2545 codex
1322 2494 1399 2543 cum
1425 2474 1564 2566 vulgata
1589 2475 1677 2546 lacit.
1704 2474 1791 2544 Rom
1820 2473 1851 2558 1,

384 2603 439 2672 10.
468 2621 532 2684 „an
560 2599 663 2668 etiam
689 2595 723 2666 in
747 2595 948 2688 praeputio“
977 2593 1087 2680 1,16.
1116 2593 1249 2679 ,,6161“
1278 2586 1310 2676 7,
1330 2593 1362 2661 3.
1390 2593 1521 2676 „soluta
1547 2601 1623 2666 est“
1651 2598 1663 2663 1
1699 2588 1851 2679 1611.

381 2718 606 2807 „scribsistis“
639 2715 770 2808 Philipp
798 2717 837 2797 3,
868 2717 924 2786 19.
958 2713 1177 2800 „confusione
1212 2713 1504 2786 66161612Τί16
1534 2717 1565 2799 1,
1596 2717 1652 2784 13.
1686 2716 1852 2800 „formam

244 2862 249 2874 ’
380 2841 511 2912 habes“
545 2837 659 2920 1166,
687 2838 746 2910 23.
774 2834 970 2920 ‚,etdah0“
1006 2837 1038 2920 6,
1068 2833 1125 2906 le.
1161 2829 1484 2918 ,11116166161“,7,
1516 2838 1744 2906 1661611616
1774 2856 1851 2905 mo-

379 2961 483 3031 riatur
508 2958 554 3030 Lc
580 2958 613 3039 2,
643 2957 674 3024 1.
700 2954 849 3039 „exivit‘
879 2959 935 3040 15,
963 2958 1021 3030 21.
1049 2962 1105 3039 „et
1129 2953 1197 3022 iam
1223 2973 1292 3023 uon
1317 2956 1424 3022 sum“.
1458 2951 1566 3035 Quale
1592 2975 1677 3026 vero
1705 2955 1773 3027 hoc
1800 2965 1853 3025 est

379 3079 476 3172 quod
509 3077 555 3150 ad
585 3069 827 3159 1166111,7.
863 3086 961 3147 66161
998 3095 1065 3160 „ex
1101 3072 1225 3144 cecatis
1259 3068 1334 3164 (pro
1369 3072 1546 3142 excaecati
1579 3073 1665 3166 6661)
1677 3079 1712 3160 “,
1746 3098 1850 3168 quum

379 3198 533 3270 1661616
559 3195 681 3266 codice
714 3194 758 3265 sit
792 3196 947 3266 excecati
972 3205 1058 3266 sunt.
1109 3193 1239 3264 Rursus
1267 3211 1374 3286 saepe
1401 3191 1528 3286 aliquid
1562 3192 1607 3264 de
1632 3195 1773 3286 vulgata
1798 3196 1850 3265 le-

380 3321 491 3390 ctione
526 3315 560 3387 in
592 3315 714 3387 codice
747 3313 874 3386 deesse
910 3314 991 3386 dicit
1025 3314 1119 3407 quod
1150 3335 1220 3384 non
1247 3311 1361 3398 deest,
1388 3313 1453 3389 6161
1477 3311 1573 3404 quod
1598 3315 1728 3406 passim
1755 3315 1851 3386 aliter

379 3440 527 3534 positum
555 3447 617 3507 661.
669 3433 871 3531 Huiusmodi
902 3445 980 3506 sunt
1009 3431 1157 3517 116161,
1187 3435 1243 3508 12.
1277 3434 1385 3504 nostri
1414 3432 1576 3505 Abrahae
1604 3437 1636 3519 8,
1665 3439 1705 3506 5.·
1725 3456 1848 3506 secun-

379 3560 461 3631 dum
485 3557 649 3651 spiritum
681 3558 737 3641 12,
767 3559 799 3626 8.
838 3556 872 3624 16
908 3559 921 3624 1
956 3555 1004 3627 Co
1034 3559 1091 3641 10,
1119 3557 1180 3629 28.
1214 3565 1268 3626 661
1301 3553 1432 3648 Philipp
1461 3553 1492 3639 1,
1524 3557 1554 3624 1.
1588 3555 1698 3647 mam's
1729 3558 1741 3624 1
1777 3555 1847 3626 Tim
1915 3561 1920 3568 '

381 3684 413 3764 1,
442 3681 499 3752 12.
532 3676 578 3746 161
608 3675 741 3760 Μ125,
769 3673 827 3745 ll.
862 3684 897 3746 te
927 3675 981 3746 1116
1010 3678 1066 3761 12,
1095 3676 1127 3745 6.
1163 3673 1267 3746 filium
1296 3673 1352 3760 11,
1380 3670 1439 3749 27.
1473 3697 1595 3746 omnes
1630 3678 1686 3760 15,
1715 3673 1773 3746 13.
1805 3676 1848 3746 ab

379 3801 484 3882 168,
512 3790 570 3867 27.
597 3805 641 3866 61.
698 3795 883 3880 Quomodo
919 3795 1068 3888 denique
1101 3794 1198 3886 ipsas
1224 3795 1384 3887 proprias
1411 3795 1542 3866 codicis
1567 3796 1732 3868 lectiones
1759 3805 1847 3866 attu-

378 3919 461 4003 lerit,
489 3916 617 3988 clarum
643 3915 707 3984 erit
732 3935 778 3986 ex
805 3915 857 3986 his
884 3915 1049 4009 epistulae
1077 3913 1122 3984 ad
1147 3913 1321 3984 Romanos
1346 3915 1441 3986 locis.
1471 3917 1528 4000 l3,
1557 3920 1614 3986 11.
1642 3915 1759 3987 codex
1784 3915 1846 3986 ha-

376 4040 437 4110 bet
469 4037 641 4107 *flectetur
675 4057 779 4106 omne
811 4058 919 4128 genn,
946 4033 1124 4105 “flectent
1157 4053 1279 4104 omnes
1305 4055 1404 4126 genu.
1456 4036 1509 4106 De
1540 4036 1664 4128 quihus
1690 4034 1847 4106 omnibus

378 4157 530 4229 Flecldus
557 4156 692 4242 ,1166161
718 4155 764 4248 lat
788 4156 923 4250 syllaba
947 4179 987 4226 ur
1012 4177 1113 4226 erasa
1139 4149 1234 4243 est).“
1275 4152 1330 4240 11,
1361 4157 1417 4226 111.
1444 4165 1541 4228 66161
1566 4157 1726 4242 „tratrem
1751 4163 1845 4225 tuum

377 4279 504 4350 innon
530 4275 773 4348 manducando
802 4274 880 4370 (hoc
905 4274 1075 4345 invenitur
1101 4275 1145 4346 ad
1171 4295 1294 4345 vocem
1321 4275 1459 4346 fratrem
1478 4285 1573 4347 tuum
1595 4274 1751 4348 secundo
1768 4275 1846 4346 loco

376 4394 565 4491 positum)“.
617 4395 662 4466 At
693 4395 803 4488 prima
834 4416 956 4465 manus
989 4393 1069 4464 nihil
1103 4416 1245 4487 prorsus
1280 4393 1390 4492 addit¹
1406 4395 1452 4468 ad
1484 4397 1624 4468 lratrem
1650 4405 1761 4480 tuum;
1787 4415 1846 4466 se-

378 4517 489 4590 cunda
516 4537 602 4588 vero
628 4515 744 4608 priore
769 4516 847 4586 loco
874 4513 971 4586 addit
995 4516 1029 4586 in
1055 4535 1124 4586 non
1140 4514 1390 4598 manducando
1419 4515 1579 4588 61161616
1595 4513 1844 4587 manducando.

378 4633 410 4710 7.
441 4641 497 4709 15.
525 4635 623 4706 611611
649 4634 798 4720 „honum
826 4635 921 4726 quod
947 4635 1026 4705 volo
1054 4635 1120 4706 hoe
1147 4656 1214 4728 ago
1241 4635 1304 4706 sed
1331 4636 1456 4705 malum
1484 4635 1616 4726 quod‘:
1651 4647 1687 4707 61
1717 4637 1843 4708 honum

376 4832 678 4848 -n——d—-—-———-·

376 4937 563 5000 hmiatinum
584 4937 758 5014 transierat,
781 4938 896 5018 quippe
919 4956 1011 5017 quem
1034 4956 1073 4998 ex
1095 4938 1174 4998 notis
1195 4935 1309 4997 Flechii
1331 4953 1391 4996 nou
1414 4933 1591 5016 discrepare
1613 4937 1734 5000 viderit.
1755 4937 1841 4999 Eius-

377 5037 461 5100 modi
483 5057 606 5101 errores
627 5037 709 5102 haud
730 5037 790 5100 levi
812 5047 965 5100 momento
986 5039 1017 5100 in
1039 5037 1102 5100 sola
1124 5038 1300 5119 apocalypsi
1321 5037 1378 5099 hos
1399 5057 1458 5100 sex
1479 5041 1592 5102 notavi.
1616 5043 1644 5118 3,
1669 5041 1716 5101 18.
1745 5039 1846 5102 omisit

377 5143 532 5219 611115.
558 5131 660 5204 omisit
686 5149 805 5222 partem
835 5140 882 5219 10,
907 5142 955 5201 lt).
982 5141 1084 5204 omisit
1111 5141 1211 5222 angeli
1242 5143 1290 5220 l8,
1318 5145 1346 5202 6.
1375 5139 1470 5203 habet
1496 5140 1555 5202 illis
1582 5161 1639 5222 pro
1671 5143 1712 5204 illi
1742 5144 1791 5220 21,
1816 5144 1843 5202 3.

376 5243 478 5305 6161611
498 5241 546 5322 de,
568 5245 640 5306 item
662 5264 690 5305 v.
716 5247 744 5305 1.
767 5261 869 5324 neque
891 5243 1014 5304 clamor.
