4102 6128
319 283 322 288 ’
363 333 467 382 xxvm
963 305 1244 384 rnomcounua

1198 421 1467 432 -.-.--------
1476 425 1497 431 --
1508 425 1549 432 .-.s
1576 426 1671 432 ἡ--.
1679 427 1840 436 —.--——-

363 521 416 593 Fit
440 542 526 592 vero
553 519 658 592 etiam
690 529 728 591 ut
762 521 933 614 singulare
966 535 1070 618 atque
1103 523 1147 598 ab
1182 533 1296 597 aetate
1320 523 1478 598 Romana
1507 525 1750 601 alienissimum
1777 527 1843 602 ha-

362 643 486 714 beatur
512 640 608 734 quod
635 639 679 712 ab
705 641 860 734 ipsorum
886 641 1101 736 antiquorum
1128 645 1361 716 Romanorum
1379 647 1514 741 scriptis
1537 648 1675 720 minime
1702 649 1843 724 abesset

363 761 427 832 nisi
452 760 549 834 scioli
575 761 731 834 homines
757 751 861 833 me'dii
888 763 966 834 aevi
991 785 1039 834 ex
1065 763 1243 838 codicibus
1270 765 1341 836 suis
1367 765 1449 838 illud
1475 769 1638 840 exsulare
1653 767 1841 842 iussissent.

459 882 558 966 Quae
589 903 694 974 quum
727 881 774 952 ita
807 881 890 966 sint,
926 883 1087 976 quicquid
1122 885 1434 978 antiquissimorum
1470 898 1770 962 monumentorum
1796 891 1842 964 ad

257 1099 262 1110 .
363 1011 481 1074 nostra
513 1022 625 1094 usque
660 1011 816 1095 tempora
845 1003 1018 1096 pervenit,
1049 1025 1120 1076 non
1153 1005 1367 1078 adsensum
1400 1015 1554 1080 nostrum
1581 1010 1841 1102 grammaticum

364 1131 422 1196 aut
453 1121 500 1193 ad
532 1121 787 1194 Ciceronianam
821 1143 912 1214 quae
946 1123 1080 1196 videtur
1115 1125 1396 1203 consuetudinem
1431 1125 1652 1200 iudicandum
1679 1137 1750 1214 est,
1778 1131 1841 1202 sed

364 1243 457 1316 omni
491 1241 605 1314 studio
640 1223 959 1337 circumspecteque
993 1244 1278 1331 examinandum,
1311 1255 1348 1318 ut
1373 1265 1463 1338 quae
1488 1269 1553 1341 per
1578 1249 1676 1341 plura
1703 1251 1841 1322 saecula

363 1363 558 1437 bominibus
583 1363 712 1448 latinis,
746 1385 817 1435 non
848 1363 1014 1436 mediocri
1038 1365 1102 1436 illis
1129 1365 1268 1458 quidem
1294 1365 1454 1458 ingenio,
1482 1368 1568 1440 ratio
1594 1369 1761 1462 placuerit
1786 1369 1839 1442 di-

363 1505 509 1569 scamus,
537 1482 687 1575 indeque
714 1483 760 1556 ad
795 1505 838 1556 ea
865 1505 956 1577 quae
981 1493 1124 1577 propter
1157 1484 1331 1558 delectum
1364 1497 1666 1560 monumentorum
1691 1489 1839 1562 idoneo-

362 1629 436 1677 rum
462 1605 636 1677 nescimus
664 1615 763 1676 caute
790 1603 1045 1676 concludamus.

455 1725 544 1798 Prae
570 1726 644 1798 aliis
671 1726 729 1818 qui
753 1733 873 1796 nostra
899 1719 1012 1796 aetat'e
1038 1725 1106 1796 hoc
1132 1723 1319 1800 litterarum
1345 1748 1456 1818 genus
1483 1730 1710 1800 excoluerunt
1726 1730 1837 1800 nomi-

361 1847 497 1919 nandus
524 1857 578 1918 est
602 1847 719 1917 Frano.
747 1845 811 1916 los.
838 1845 1033 1938 lllonesqui
1058 1865 1169 1938 nuper
1195 1846 1318 1918 missas
1343 1848 1465 1920 latinas
1479 1857 1515 1920 et
1531 1869 1687 1941 graecas,
1716 1869 1830 1941 quem-

362 1967 553 2040 admodum
580 1989 600 2038 a
627 1964 783 2038 secundo
808 1964 889 2036 inde
915 1965 1055 2036 saeculo
1073 1987 1184 2057 usque
1210 1966 1256 2037 ad
1273 1976 1410 2038 sextum
1435 1968 1469 2040 in
1486 1969 1624 2063 publico
1641 1991 1707 2042 usu
1732 1979 1837 2054 erant,

363 2110 410 2160 ex
435 2087 579 2160 vetustis
604 2086 814 2158 membranis
840 2085 928 2156 eruit
954 2085 1126 2178 docteque
1152 2079 1368 2178 illustravit⁴).

456 2208 635 2279 Missurum
661 2209 802 2278 istarum
830 2227 935 2298 quum
961 2204 1104 2276 similem
1130 2215 1287 2278 naturam
1314 2207 1540 2301 capitulorum
1566 2209 1698 2282 indices
1724 2209 1759 2280 in
1776 2231 1837 2280 co·

363 2328 442 2400 dice
467 2337 587 2401 nostro
614 2327 773 2411 habeant,
799 2335 871 2397 tum
898 2347 964 2396 nec
989 2324 1023 2398 in
1048 2325 1125 2418 ipso
1153 2346 1254 2396 sacro
1280 2335 1378 2398 textu
1396 2327 1603 2420 reliquisque
1622 2329 1837 2402 additamen-

300 2468 303 2478 ·
362 2450 405 2522 tis
431 2448 555 2522 desunt
581 2469 673 2542 quae
698 2447 822 2519 utiliter
847 2445 1077 2518 adhibeantur
1103 2443 1150 2516 ad
1175 2445 1372 2520 latinitatem
1404 2449 1558 2541 priorum
1590 2471 1624 2544 p.
1652 2449 1728 2520 Chr.
1756 2469 1836 2520 sae-

362 2570 516 2652 culomm
552 2578 711 2640 accurate
750 2560 1040 2660 cognoscendam.
1101 2564 1139 2636 Id
1179 2565 1275 2658 quod
1308 2569 1478 2662 exemplis
1517 2568 1648 2662 aliquot
1686 2570 1838 2664 probare

361 2691 461 2764 lacile
487 2689 559 2762 erit.
612 2687 762 2762 Aderam
788 2696 902 2758 autem
927 2685 1074 2780 primum
1101 2685 1272 2759 eiusmodi
1298 2707 1388 2780 quae
1413 2689 1564 2782 probent
1590 2711 1681 2782 quae
1707 2690 1837 2762 codicis

361 2813 468 2884 nostri
495 2808 806 2903 orthographia
833 2807 893 2892 sit,
921 2828 942 2877 a
975 2806 1069 2877 libris
1096 2806 1274 2900 impressis
1306 2807 1480 2903 plerisque
1515 2810 1598 2880 satis
1624 2809 1835 2904 discrepans.

360 2934 385 3006 b
412 2942 448 3004 et
474 2955 495 3003 v
520 2929 716 3025 promiscue
742 2937 930 3022 ponuntur:
956 2927 1123 3012 brabium,
1151 2925 1328 3000 beneficiis
1354 2949 1418 3023 pro
1444 2930 1574 3014 venel,
1603 2931 1745 3017 corbos,
1774 2953 1835 3002 an-

512 3049 707 3144 gariabant,
732 3049 914 3122 vocaveris
942 3045 1016 3140 (pro
1043 3044 1166 3140 beris)
1192 3039 1276 3139 etcff)

360 3175 385 3246 b
412 3181 494 3266 etp
520 3171 607 3242 inter
632 3191 672 3242 sc
698 3176 967 3240 commutantur:
995 3167 1126 3253 scribsi,
1154 3167 1270 3253 nubta,
1298 3168 1508 3262 optulerunt,
1537 3169 1703 3263 optinere.

361 3316 463 3389 cpro
482 3315 528 3386 qu
544 3290 696 3386 ponitur:
724 3287 859 3374 cotidie,
887 3287 1086 3373 cotidianus,
1114 3299 1283 3374 secuntur,
1302 3290 1532 3360 sterculinum.
1558 3290 1643 3361 ltem
1661 3313 1682 3362 c
1698 3312 1763 3384 pro
1783 3290 1834 3376 cb,

511 3429 699 3503 rursusque
725 3407 768 3480 cb
794 3429 859 3503 pro
887 3429 923 3478 c:
951 3408 1120 3502 clamyde,
1147 3409 1346 3494 simulacra,
1372 3409 1616 3490 lllachedonia,
1644 3411 1834 3512 sepulchra.

512 3533 595 3604 Item
622 3551 642 3601 c
666 3551 730 3623 pro
757 3551 796 3621 g:
823 3528 1025 3614 tricesimus,
1052 3551 1240 3623 rursusque
1265 3551 1290 3622 g
1314 3552 1379 3623 pro
1406 3553 1442 3602 c:
1469 3529 1655 3622 galliculas.
1706 3533 1789 3604 ltem
1816 3553 1835 3600 c

481 3673 577 3752 ,pro
603 3659 632 3721 t:
659 3648 840 3733 solacium,
867 3648 1035 3735 Porcium,
1062 3649 1333 3722 contionabatur.

361 3774 447 3849 det
472 3783 485 3844 t
510 3771 705 3866 promiscue
744 3767 965 3842 adhibentur:
1006 3769 1120 3842 adhuc
1153 3771 1270 3854 athuc,
1305 3779 1388 3862 aput
1418 3769 1528 3864 apud,
1566 3770 1681 3864 adque
1722 3779 1834 3864 atque,

513 3891 604 3964 aliud
621 3891 710 3976 aliut,
736 3889 1022 3983 quadriduanum.

359 4013 600 4108 lsaepissime
633 4033 698 4106 pro
730 4011 778 4105 ph
811 4010 950 4103 legitur:
978 4011 1122 4103 prolata,¹
1149 4007 1384 4104 philosofiam,
1412 4011 1561 4094 orfanos
1588 4011 1738 4096 Elesum,
1763 4011 1833 4082 Eu-

511 4137 606 4218 frate,
640 4119 800 4204 Farisaei.
853 4131 982 4202 Rursus
1006 4131 1054 4223 ph
1084 4151 1149 4223 pro
1180 4131 1207 4202 l:
1241 4129 1399 4214 Phalum,
1437 4129 1706 4226 Ephairoditum.
1750 4132 1832 4204 ltem

515 4257 532 4325 l
553 4273 617 4348 pro
644 4251 684 4322 ff:
710 4249 935 4322 insultatione.

359 4401 383 4470 g
408 4399 472 4472 pro
499 4376 543 4448 ch
569 4383 637 4444 est:
664 4371 855 4464 didragma.
899 4371 981 4442 ltem
1008 4390 1073 4462 pro
1100 4391 1162 4461 gu:
1190 4381 1377 4464 ungentum
1406 4371 1536 4464 (contra
1570 4381 1623 4442 est
1648 4369 1832 4466 intinguat).

508 4494 722 4589 anbcatur:
750 4490 917 4582 suggillet.

358 4619 380 4690 b
407 4616 611 4712 saepissime
641 4611 780 4704 syllabis
815 4611 890 4684 sive
921 4610 1040 4703 primis
1073 4609 1147 4682 sive
1180 4611 1304 4683 mediis
1335 4609 1551 4703 praeligitur:
1587 4609 1735 4697 harena,
1770 4610 1833 4682 ha-

509 4735 700 4816 rundinem,
726 4730 779 4802 bis
808 4729 883 4826 (pro
899 4729 947 4825 is),
975 4729 1161 4816 holeribus,
1189 4730 1462 4814 habundantius;
1489 4729 1739 4816 nihilhominus,
1768 4753 1831 4802 ex-

423 4953 450 5029 l)
472 4951 665 5014 Lateinische
677 4950 742 5014 und
755 4951 943 5032 griechische
954 4953 1074 5016 lllesscn
1087 4969 1145 5015 aus
1158 4951 1231 5016 dem
1242 4953 1376 5014 aweiten
1393 4950 1442 5013 bis
1457 4951 1602 5040 sachstep
1618 4951 1832 5014 Jabrhundcrt.

357 5053 620 5134 llerausgegeben
636 5073 697 5116 von
714 5054 810 5116 Franz
827 5055 941 5138 loseph
956 5057 1053 5118 hlona
1074 5055 1128 5117 hlit
1146 5055 1232 5118 einer
1255 5054 1450 5117 Schrilttalel.
1472 5055 1630 5117 Franolurt
1647 5073 1675 5116 a.
1687 5055 1724 5115 hl.
1742 5056 1832 5116 ⁴850.

418 5152 448 5238 ἲ)
469 5157 587 5218 Passim
610 5175 649 5219 ea
670 5159 866 5220 commutatio
894 5159 926 5220 in
954 5159 1120 5221 editionem
1146 5156 1369 5220 Clementinam
1396 5157 1545 5218 transisse
1567 5155 1703 5237 videtur,
1733 5165 1767 5219 ut
1790 5157 1830 5218 llt

357 5263 385 5340 l,
408 5263 436 5322 6.
459 5259 618 5322 mandavit
639 5261 713 5320 Rom
736 5264 766 5335 8,
788 5261 837 5321 32.
858 5260 994 5322 donavit.
