4102 6128
953 439 1235 504 PROLEGOMENA

1077 681 1115 753 V.

457 891 568 974 Quam
594 889 702 960 modo
729 888 902 980 tetigimus
929 885 1154 973 traditionem,
1183 889 1386 981 Gregorium
1411 889 1570 982 Magnum
1589 887 1747 959 codicem
1772 907 1838 956 no-

362 1017 470 1080 strum
504 1027 670 1080 exarasse
702 1029 805 1080 mann
837 1031 915 1102 sua,
951 1007 997 1080 de
1029 1031 1073 1080 eu
1105 1009 1226 1102 paucis
1260 1029 1351 1080 nunc
1385 1009 1602 1080 referendum
1630 1007 1703 1078 erit
1754 1006 1840 1076 Hinc

363 1128 454 1202 euim
481 1130 586 1201 multa
600 1151 675 1222 per
702 1131 841 1201 saecula
867 1124 998 1202 tautam
1031 1129 1148 1202 codex
1173 1109 1363 1200 Amiatinus
1397 1129 1633 1200 celebritatem
1660 1135 1839 1198 assecutus

363 1259 480 1322 estut
511 1251 584 1320 iure
615 1249 809 1342 meritoque
842 1251 876 1320 in
910 1250 1009 1322 huius
1041 1249 1200 1322 editionis
1226 1249 1323 1322 titulo
1356 1250 1498 1321 codex
1524 1246 1839 1318 celeberrimus

362 1381 577 1464 nuncupatus
601 1370 770 1442 videatur.

455 1506 736 1600 Antiquissimum
771 1507 845 1594 eius
876 1507 1066 1582 traditionis
1097 1508 1327 1580 testimonium
1365 1507 1410 1579 ab
1441 1525 1531 1576 auno
1565 1504 1695 1578 domini
1730 1505 1838 1574 ⁴036.

361 1637 522 1720 repetere
548 1628 636 1700 licet.
688 1629 843 1700 Debetur
868 1628 904 1700 id
930 1621 1132 1721 Ughellio⁴),
1167 1629 1225 1722 qui
1255 1649 1359 1720 quum
1393 1647 1483 1698 auno
1514 1626 1621 1696 tout.
1653 1625 1688 1694 iu
1714 1644 1838 1694 mona-

362 1748 467 1820 sterio
497 1747 669 1820 Amiatino
702 1748 829 1820 chartis
862 1748 1033 1822 historicis
1066 1748 1305 1821 exscribendis
1335 1756 1477 1820 vacaret
1508 1744 1685 1817 monachis
1719 1754 1839 1816 auctor

360 1869 421 1939 luit
453 1877 491 1939 ut
522 1879 677 1962 cryptam
713 1869 788 1940 sive
823 1868 1006 1940 ecclesiam
1041 1871 1300 1942 subterraneam
1336 1868 1545 1962 inquirentes
1579 1887 1683 1958 quum
1718 1864 1839 1936 multas

360 1989 532 2081 pretiosas
564 1989 725 2082 reliquias
760 1989 826 2059 sub
862 1987 1055 2062 Winizzone
1087 1991 1214 2062 abbate
1248 2007 1338 2061 anno
1368 1991 1476 2060 4036.
1508 1987 1542 2058 in
1568 1985 1686 2079 templi
1712 2006 1838 2056 conse-

362 2109 516 2180 cratione
542 2108 589 2178 ibi
613 2108 826 2194 reconditas,
855 2119 926 2180 tum
952 2121 1213 2182 mouumentum
1238 2110 1430 2182 invenirent
1453 2108 1487 2178 in
1514 2127 1583 2199 quo
1608 2105 1659 2178 sic
1675 2106 1838 2198 scriptum

363 2221 425 2300 est.
470 2229 690 2314 „innomine
717 2227 856 2300 domini.
882 2229 1003 2301 Amen.
1030 2230 1130 2302 Auno
1158 2229 1287 2301 domini
1314 2229 1495 2300 millesimo
1521 2226 1665 2298 XXXVI.
1692 2225 1762 2298 ind.
1788 2226 1838 2295 lv.

361 2358 520 2442 tempore
550 2349 741 2420 beatissimi
773 2371 889 2444 papae
922 2349 1099 2420 Benedicti
1135 2350 1180 2422 de
1207 2350 1369 2434 Tuscula,
1402 2371 1448 2420 ex
1474 2357 1573 2442 patre
1597 2345 1776 2432 Alberico,
1805 2355 1840 2416 et

361 2587 452 2682 plum
487 2589 555 2660 boc
589 2589 634 2661 ad
666 2590 835 2661 honorem
873 2593 912 2660 D.
940 2591 1127 2662 Salvatoris
1159 2601 1194 2660 et
1226 2589 1354 2661 beatae
1379 2589 1508 2661 Mariae
1534 2611 1673 2683 semper
1698 2586 1840 2680 virginis

361 2721 396 2780 et
429 2710 612 2782 multorum
645 2719 843 2782 sauctorum
875 2733 1021 2803 quorum
1054 2711 1194 2783 nomina
1229 2710 1396 2804 suut'per
1423 2709 1556 2804 singula
1581 2709 1714 2793 altaria,
1749 2729 1840 2802 quac

362 2831 576 2902 continentur
609 2829 643 2901 iu
678 2829 746 2901 hoc
772 2829 910 2924 scripto.
962 2829 1019 2902 Ad
1053 2832 1148 2902 cuius
1174 2825 1470 2904 consecrationem
1495 2831 1628 2900 fuerant
1654 2829 1780 2901 decem
1807 2837 1841 2898 et

362 2961 442 3022 octo
468 2951 556 3022 inter
584 2943 769 3044 episcopos
796 2967 831 3021 ct
846 2949 1059 3052 cardinales,
1086 2952 1174 3022 inter
1200 2975 1288 3044 quos
1315 2951 1374 3022 fuit
1406 2947 1615 3023 venerabilis
1647 2947 1842 3044 patriarcba

361 3063 556 3164 Aquezon¹)
590 3093 668 3142 cum
705 3071 869 3143 comitatu
902 3071 1102 3151 clericorum
1135 3082 1171 3142 et
1202 3073 1345 3144 aliorum
1371 3073 1542 3144 bonorum
1575 3069 1748 3141 uirorum“
1776 3079 1841 3140 etc.

361 3191 577 3262 Enumeratis
609 3213 715 3286 porro
750 3191 901 3286 reliquiis
935 3191 1024 3264 haec
1056 3191 1229 3264 adduntur
1269 3203 1325 3277 „et
1357 3181 1537 3262 nonnullas
1564 3190 1649 3260 alias
1675 3187 1840 3262 bonorifi-

362 3312 577 3383 centissimas
604 3321 638 3382 et
665 3311 926 3384 colendissimas
952 3313 1113 3406 reliquias
1139 3309 1345 3382 infinitorum
1377 3333 1468 3406 pene
1500 3319 1714 3394 sauctorum,
1750 3331 1841 3402 quae

362 3455 497 3504 summa
529 3454 607 3504 cum
644 3431 823 3504 affectione
857 3431 893 3502 iu
920 3433 1067 3505 armario
1094 3432 1162 3504 loci
1188 3453 1366 3505 sacrorum
1395 3431 1469 3502 sive
1496 3430 1652 3500 sacristia
1677 3427 1840 3501 recondi-

361 3563 419 3624 tae
446 3563 532 3636 sunt,
559 3573 693 3622 necnon
711 3553 816 3624 Vetus
834 3553 1039 3646 Novumque
1058 3551 1315 3624 Testamentum
1334 3574 1397 3622 seu
1422 3549 1608 3622 bibliam
1634 3549 1840 3643 scriptam

362 3673 560 3743 manibus
586 3671 838 3744 beatissimi
863 3671 1096 3766 pontilicis
1124 3671 1362 3766 Gregorii.“

454 3811 525 3882 lam
551 3811 607 3882 illa
632 3810 733 3902 igitur
758 3819 882 3896 aetate,
910 3811 930 3880 i.
957 3833 987 3880 e.
1015 3811 1153 3882 saeculo
1180 3810 1382 3895 undecimo,
1416 3810 1519 3902 plane
1552 3828 1622 3879 uon
1648 3807 1840 3880 dubitatum

363 3952 443 4002 csse
467 3930 604 4002 uidetur
631 3931 713 4024 quin
740 3929 925 4022 Gregorius
950 3931 1095 4022 Magnus
1121 3929 1226 4000 biblia
1250 3929 1422 4002 Amiatina
1446 3930 1522 4022 ipse
1548 3927 1733 4022 scripserit.
1767 3928 1838 3998 Ne-

363 4073 431 4144 que
463 4053 560 4124 aliter
590 4061 644 4122 est
677 4050 825 4122 saccudis
860 4050 1052 4122 subsecutis
1085 4051 1219 4121 lactum.
1272 4051 1411 4138 Testis.
1432 4059 1486 4120 est
1522 4047 1676 4142 Angelus
1714 4048 1838 4130 liocca,

362 4172 645 4266 Augustinianus,
680 4171 912 4242 bibliothecae
939 4169 1122 4242 Vaticauae
1149 4170 1324 4264 mendam
1351 4181 1483 4254 custos,
1518 4170 1575 4262 qui
1601 4170 1636 4240 iu
1662 4189 1726 4238 sua
1751 4169 1838 4258 Apo-

363 4293 471 4362 stolica
510 4297 663 4364 Vaticana
697 4293 878 4362 bibliotheca
902 4287 1000 4362 Rom.
1031 4293 1138 4360 rost.
1165 4313 1244 4384 pag.
1273 4285 1331 4364 47.
1359 4291 1447 4364 haec
1473 4290 1588 4362 habet.
1623 4289 1839 4374 „Latinorum

362 4412 545 4484 bibliorum
579 4413 762 4505 exemplar
793 4411 827 4484 in
859 4411 1131 4484 Cistercieusium
1164 4397 1374 4485 monasterio
1412 4411 1538 4482 montis
1573 4409 1730 4482 Amiatae
1765 4407 1839 4500 agri

363 4533 527 4606 Senensis
559 4533 766 4616 custoditur,
802 4541 909 4604 toturn
942 4531 1139 4604 maiusculis
1171 4533 1289 4604 litteris
1320 4541 1517 4616 exaratum,
1546 4531 1634 4602 sicut
1659 4528 1839 4622 antiquitus

363 4653 457 4746 apud
482 4651 657 4726 Romanos
683 4653 786 4725 scribi
813 4651 958 4722 solebat.
1009 4652 1048 4724 ld
1075 4654 1170 4747 quod
1196 4652 1429 4748 antiquitatem
1455 4649 1546 4720 illam
1572 4650 1744 4736 redolens,
1772 4649 1838 4719 cir-

363 4771 447 4844 citer
478 4773 546 4844 iam
582 4775 673 4846 mille
705 4797 725 4846 a
761 4773 836 4844 Chr.
869 4797 900 4844 u.
935 4795 1043 4846 annos
1077 4775 1291 4846 existimatur
1322 4772 1500 4864 scriptum:
1539 4793 1620 4844 nam
1652 4759 1839 4864 tempore&

360 4947 659 4960 —n-a-fi-n--z—-n

449 5048 475 5124 l)
499 5049 543 5110 ct.
565 5049 627 5110 ltal.
650 5067 738 5110 sacra
761 5049 807 5108 lll.
831 5067 860 5128 p.
885 5047 955 5108 623.
981 5081 983 5084 ·

448 5151 477 5226 ἓ)
498 5149 531 5212 id
552 5159 600 5212 est
620 5147 836 5231 Aquileiensis

449 5253 476 5330 3)
499 5253 636 5332 Cautius,
658 5263 763 5336 utpote
786 5253 895 5316 doctus
916 5253 1118 5314 bibliothecae
1140 5253 1334 5332 praelectus,
1357 5249 1491 5313 malebat
1512 5258 1636 5332 tempus
1659 5267 1751 5331 quarn
1775 5267 1840 5308 ma-

333 5365 336 5370 '
364 5375 436 5418 nuru
458 5356 595 5438 Gregorii
618 5355 729 5417 dicero.
