<?xml version="1.0" encoding="UTF-8"?>
<!DOCTYPE html PUBLIC "-//W3C//DTD XHTML 1.0 Transitional//EN"
    "http://www.w3.org/TR/xhtml1/DTD/xhtml1-transitional.dtd">
<html xmlns="http://www.w3.org/1999/xhtml" xml:lang="en" lang="en">
 <head>
  <title>
</title>
<meta http-equiv="Content-Type" content="text/html;charset=utf-8" />
  <meta name='ocr-system' content='tesseract 3.04.00' />
  <meta name='ocr-capabilities' content='ocr_page ocr_carea ocr_par ocr_line ocrx_word'/>
</head>
<body>
  <div class='ocr_page' id='page_1' title='image "./novumtestamentu02tiscgoog_0237.png"; bbox 0 0 4254 6130; ppageno 0'>
   <div class='ocr_carea' id='block_1_1' title="bbox 388 371 1430 439">
    <p class='ocr_par' dir='ltr' id='par_1_1' title="bbox 388 371 1430 439">
     <span class='ocr_line' id='line_1_1' title="bbox 388 371 1430 439; baseline -0.001 -1"><span class='ocrx_word' id='word_1_1' title='bbox 388 371 460 439; x_wconf 72' lang='grc'><strong>186</strong></span> <span class='ocrx_word' id='word_1_2' title='bbox 834 373 944 436; x_wconf 80' lang='lat' dir='ltr'>LIBER</span> <span class='ocrx_word' id='word_1_3' title='bbox 969 371 1123 436; x_wconf 86' lang='lat' dir='ltr'><strong>ACTUUII</strong></span> <span class='ocrx_word' id='word_1_4' title='bbox 1148 371 1430 437; x_wconf 81' lang='lat' dir='ltr'>APOSTOLOIIUII</span> 
     </span>
    </p>
   </div>
   <div class='ocr_carea' id='block_1_2' title="bbox 1434 479 1867 492">
    <p class='ocr_par' dir='ltr' id='par_1_2' title="bbox 1434 479 1867 492">
     <span class='ocr_line' id='line_1_2' title="bbox 1434 479 1867 492; baseline 0.012 -5"><span class='ocrx_word' id='word_1_5' title='bbox 1434 479 1867 492; x_wconf 55' lang='grc' dir='ltr'><strong>Μ..</strong></span> 
     </span>
    </p>
   </div>
   <div class='ocr_carea' id='block_1_3' title="bbox 349 571 1872 1023">
    <p class='ocr_par' dir='ltr' id='par_1_3' title="bbox 349 571 1513 671">
     <span class='ocr_line' id='line_1_3' title="bbox 349 571 1513 671; baseline 0.003 -30"><span class='ocrx_word' id='word_1_6' title='bbox 349 577 352 588; x_wconf 90' lang='grc'><strong>’</strong></span> <span class='ocrx_word' id='word_1_7' title='bbox 413 571 556 642; x_wconf 78' lang='lat' dir='ltr'>XXXIII.</span> <span class='ocrx_word' id='word_1_8' title='bbox 584 571 646 643; x_wconf 88' lang='lat' dir='ltr'><strong>Ubi</strong></span> <span class='ocrx_word' id='word_1_9' title='bbox 675 573 817 664; x_wconf 84' lang='lat' dir='ltr'><strong>augelus</strong></span> <span class='ocrx_word' id='word_1_10' title='bbox 844 573 981 646; x_wconf 89' lang='lat' dir='ltr'><strong>Petrum</strong></span> <span class='ocrx_word' id='word_1_11' title='bbox 1011 573 1057 646; x_wconf 90' lang='lat' dir='ltr'><strong>dc</strong></span> <span class='ocrx_word' id='word_1_12' title='bbox 1084 595 1225 646; x_wconf 85' lang='lat' dir='ltr'><strong>carcere</strong></span> <span class='ocrx_word' id='word_1_13' title='bbox 1252 574 1420 671; x_wconf 85' lang='lat' dir='ltr'><strong>producit.</strong></span> <span class='ocrx_word' id='word_1_14' title='bbox 1512 609 1513 618; x_wconf 70' lang='lat'><strong>.</strong></span> 
     </span>
    </p>

    <p class='ocr_par' dir='ltr' id='par_1_4' title="bbox 404 690 1872 904">
     <span class='ocr_line' id='line_1_4' title="bbox 404 690 1723 783; baseline 0.004 -23"><span class='ocrx_word' id='word_1_15' title='bbox 404 691 557 760; x_wconf 90' lang='lat' dir='ltr'>XXXIIII.</span> <span class='ocrx_word' id='word_1_16' title='bbox 587 690 649 759; x_wconf 91' lang='lat' dir='ltr'><strong>Ubi</strong></span> <span class='ocrx_word' id='word_1_17' title='bbox 677 691 865 782; x_wconf 91' lang='lat' dir='ltr'><strong>perturbati</strong></span> <span class='ocrx_word' id='word_1_18' title='bbox 897 691 1021 761; x_wconf 84' lang='lat' dir='ltr'><strong>milites</strong></span> <span class='ocrx_word' id='word_1_19' title='bbox 1049 692 1212 783; x_wconf 84' lang='lat' dir='ltr'><strong>quidnam</strong></span> <span class='ocrx_word' id='word_1_20' title='bbox 1240 694 1285 766; x_wconf 93' lang='lat' dir='ltr'><strong>de</strong></span> <span class='ocrx_word' id='word_1_21' title='bbox 1313 693 1415 763; x_wconf 91' lang='lat' dir='ltr'><strong>Petro</strong></span> <span class='ocrx_word' id='word_1_22' title='bbox 1442 694 1568 764; x_wconf 89' lang='lat' dir='ltr'><strong>iactum</strong></span> <span class='ocrx_word' id='word_1_23' title='bbox 1595 694 1723 765; x_wconf 83' lang='lat' dir='ltr'><strong>luisset.</strong></span> 
     </span>
     <span class='ocr_line' id='line_1_5' title="bbox 423 807 1872 904; baseline 0.006 -28"><span class='ocrx_word' id='word_1_24' title='bbox 423 809 553 878; x_wconf 90' lang='lat' dir='ltr'>XXXV.</span> <span class='ocrx_word' id='word_1_25' title='bbox 582 807 644 877; x_wconf 92' lang='lat' dir='ltr'><strong>Ubi</strong></span> <span class='ocrx_word' id='word_1_26' title='bbox 677 807 710 876; x_wconf 93' lang='lat' dir='ltr'><strong>in</strong></span> <span class='ocrx_word' id='word_1_27' title='bbox 744 809 893 880; x_wconf 84' lang='lat' dir='ltr'><strong>ecclesia</strong></span> <span class='ocrx_word' id='word_1_28' title='bbox 928 829 1019 900; x_wconf 90' lang='lat' dir='ltr'><strong>quae</strong></span> <span class='ocrx_word' id='word_1_29' title='bbox 1053 820 1128 882; x_wconf 87' lang='lat' dir='ltr'><strong>erat</strong></span> <span class='ocrx_word' id='word_1_30' title='bbox 1161 810 1363 884; x_wconf 88' lang='lat' dir='ltr'><strong>Anthiociae</strong></span> <span class='ocrx_word' id='word_1_31' title='bbox 1404 811 1598 904; x_wconf 87' lang='lat' dir='ltr'><strong>prophetae</strong></span> <span class='ocrx_word' id='word_1_32' title='bbox 1640 821 1674 882; x_wconf 89' lang='lat' dir='ltr'><strong>et</strong></span> <span class='ocrx_word' id='word_1_33' title='bbox 1708 813 1872 886; x_wconf 89' lang='lat' dir='ltr'><strong>doctores</strong></span> 
     </span>
    </p>

    <p class='ocr_par' dir='ltr' id='par_1_5' title="bbox 356 927 1547 1023">
     <span class='ocr_line' id='line_1_6' title="bbox 356 927 1547 1023; baseline 0.007 -32"><span class='ocrx_word' id='word_1_34' title='bbox 356 937 360 946; x_wconf 90' lang='grc'><strong><em>·</em></strong></span> <span class='ocrx_word' id='word_1_35' title='bbox 586 939 836 997; x_wconf 88' lang='lat' dir='ltr'><strong>convenerant:</strong></span> <span class='ocrx_word' id='word_1_36' title='bbox 865 936 900 997; x_wconf 92' lang='lat' dir='ltr'><strong>et</strong></span> <span class='ocrx_word' id='word_1_37' title='bbox 927 927 973 998; x_wconf 90' lang='lat' dir='ltr'><strong>de</strong></span> <span class='ocrx_word' id='word_1_38' title='bbox 999 928 1142 1016; x_wconf 89' lang='lat' dir='ltr'><strong>Barjesu</strong></span> <span class='ocrx_word' id='word_1_39' title='bbox 1169 929 1489 1023; x_wconf 81' lang='lat' dir='ltr'>pseudopropheta.</span> <span class='ocrx_word' id='word_1_40' title='bbox 1544 935 1547 944; x_wconf 84' lang='grc'><strong>“</strong></span> 
     </span>
    </p>
   </div>
   <div class='ocr_carea' id='block_1_4' title="bbox 276 1043 1872 1140">
    <p class='ocr_par' dir='ltr' id='par_1_6' title="bbox 276 1043 1872 1140">
     <span class='ocr_line' id='line_1_7' title="bbox 276 1043 1872 1140; baseline 0.006 -29"><span class='ocrx_word' id='word_1_41' title='bbox 276 1131 282 1138; x_wconf 85' lang='lat'>.</span> <span class='ocrx_word' id='word_1_42' title='bbox 412 1043 555 1112; x_wconf 92' lang='lat' dir='ltr'>XXXVI.</span> <span class='ocrx_word' id='word_1_43' title='bbox 584 1043 647 1112; x_wconf 92' lang='lat' dir='ltr'><strong>Ubi</strong></span> <span class='ocrx_word' id='word_1_44' title='bbox 673 1043 799 1114; x_wconf 90' lang='lat' dir='ltr'><strong>Paulus</strong></span> <span class='ocrx_word' id='word_1_45' title='bbox 825 1045 992 1136; x_wconf 83' lang='lat' dir='ltr'><strong>navigans</strong></span> <span class='ocrx_word' id='word_1_46' title='bbox 1018 1047 1163 1118; x_wconf 90' lang='lat' dir='ltr'><strong>veniens</strong></span> <span class='ocrx_word' id='word_1_47' title='bbox 1189 1046 1405 1118; x_wconf 82' lang='lat' dir='ltr'><strong>Anthociam</strong></span> <span class='ocrx_word' id='word_1_48' title='bbox 1434 1048 1683 1140; x_wconf 81' lang='lat' dir='ltr'><strong>evangelizavit</strong></span> <span class='ocrx_word' id='word_1_49' title='bbox 1709 1049 1756 1118; x_wconf 91' lang='lat' dir='ltr'><strong>ibi</strong></span> <span class='ocrx_word' id='word_1_50' title='bbox 1775 1050 1872 1120; x_wconf 87' lang='lat' dir='ltr'><strong>Chri-</strong></span> 
     </span>
    </p>
   </div>
   <div class='ocr_carea' id='block_1_5' title="bbox 399 1162 1873 1487">
    <p class='ocr_par' dir='ltr' id='par_1_7' title="bbox 399 1162 1873 1487">
     <span class='ocr_line' id='line_1_8' title="bbox 586 1162 1137 1234; baseline 0.004 -4"><span class='ocrx_word' id='word_1_51' title='bbox 586 1169 674 1230; x_wconf 88' lang='lat' dir='ltr'><strong>stum</strong></span> <span class='ocrx_word' id='word_1_52' title='bbox 703 1162 814 1232; x_wconf 90' lang='lat' dir='ltr'><strong>Iesum</strong></span> <span class='ocrx_word' id='word_1_53' title='bbox 843 1162 948 1233; x_wconf 86' lang='lat' dir='ltr'><strong>filium</strong></span> <span class='ocrx_word' id='word_1_54' title='bbox 975 1162 1033 1234; x_wconf 92' lang='lat' dir='ltr'><strong>dei</strong></span> <span class='ocrx_word' id='word_1_55' title='bbox 1060 1165 1137 1234; x_wconf 88' lang='lat' dir='ltr'>vivi.</span> 
     </span>
     <span class='ocr_line' id='line_1_9' title="bbox 399 1277 1873 1375; baseline 0.005 -27"><span class='ocrx_word' id='word_1_56' title='bbox 399 1277 555 1348; x_wconf 87' lang='lat' dir='ltr'>XXXVII.</span> <span class='ocrx_word' id='word_1_57' title='bbox 585 1279 646 1348; x_wconf 95' lang='lat' dir='ltr'><strong>Ubi</strong></span> <span class='ocrx_word' id='word_1_58' title='bbox 674 1279 790 1349; x_wconf 90' lang='lat' dir='ltr'><strong>Iudaei</strong></span> <span class='ocrx_word' id='word_1_59' title='bbox 817 1280 939 1372; x_wconf 90' lang='lat' dir='ltr'><strong>repleti</strong></span> <span class='ocrx_word' id='word_1_60' title='bbox 966 1281 1043 1351; x_wconf 91' lang='lat' dir='ltr'><strong>zelo</strong></span> <span class='ocrx_word' id='word_1_61' title='bbox 1070 1282 1355 1354; x_wconf 82' lang='lat' dir='ltr'><strong>contradicebant</strong></span> <span class='ocrx_word' id='word_1_62' title='bbox 1387 1283 1440 1353; x_wconf 90' lang='lat' dir='ltr'><strong>his</strong></span> <span class='ocrx_word' id='word_1_63' title='bbox 1467 1303 1557 1375; x_wconf 89' lang='lat' dir='ltr'><strong>quae</strong></span> <span class='ocrx_word' id='word_1_64' title='bbox 1592 1307 1614 1355; x_wconf 89' lang='lat' dir='ltr'><strong>a</strong></span> <span class='ocrx_word' id='word_1_65' title='bbox 1641 1285 1745 1356; x_wconf 90' lang='lat' dir='ltr'><strong>Paulo</strong></span> <span class='ocrx_word' id='word_1_66' title='bbox 1767 1286 1873 1356; x_wconf 90' lang='lat' dir='ltr'><strong>dice-</strong></span> 
     </span>
     <span class='ocr_line' id='line_1_10' title="bbox 585 1395 1259 1487; baseline 0.007 -24"><span class='ocrx_word' id='word_1_67' title='bbox 585 1395 718 1481; x_wconf 87' lang='lat' dir='ltr'><strong>bantur,</strong></span> <span class='ocrx_word' id='word_1_68' title='bbox 747 1406 782 1467; x_wconf 86' lang='lat' dir='ltr'><strong>et</strong></span> <span class='ocrx_word' id='word_1_69' title='bbox 808 1405 931 1487; x_wconf 83' lang='lat' dir='ltr'><strong>gentes</strong></span> <span class='ocrx_word' id='word_1_70' title='bbox 957 1399 1143 1470; x_wconf 90' lang='lat' dir='ltr'><strong>audiebant</strong></span> <span class='ocrx_word' id='word_1_71' title='bbox 1170 1420 1259 1468; x_wconf 92' lang='lat' dir='ltr'><strong>eum.</strong></span> 
     </span>
    </p>
   </div>
   <div class='ocr_carea' id='block_1_6' title="bbox 389 1513 1976 1612">
    <p class='ocr_par' dir='ltr' id='par_1_8' title="bbox 389 1513 1976 1612">
     <span class='ocr_line' id='line_1_11' title="bbox 389 1513 1976 1612; baseline 0.004 -27"><span class='ocrx_word' id='word_1_72' title='bbox 389 1513 558 1586; x_wconf 89' lang='lat' dir='ltr'>XXXVIII.</span> <span class='ocrx_word' id='word_1_73' title='bbox 586 1513 649 1584; x_wconf 88' lang='lat' dir='ltr'><strong>Ubi</strong></span> <span class='ocrx_word' id='word_1_74' title='bbox 682 1514 808 1585; x_wconf 89' lang='lat' dir='ltr'><strong>Paulus</strong></span> <span class='ocrx_word' id='word_1_75' title='bbox 842 1524 878 1584; x_wconf 89' lang='lat' dir='ltr'><strong>et</strong></span> <span class='ocrx_word' id='word_1_76' title='bbox 909 1517 1088 1588; x_wconf 80' lang='lat' dir='ltr'><strong>Barnabas</strong></span> <span class='ocrx_word' id='word_1_77' title='bbox 1125 1517 1305 1588; x_wconf 86' lang='lat' dir='ltr'><strong>venientes</strong></span> <span class='ocrx_word' id='word_1_78' title='bbox 1338 1518 1454 1588; x_wconf 91' lang='lat' dir='ltr'><strong>Iconio</strong></span> <span class='ocrx_word' id='word_1_79' title='bbox 1493 1527 1529 1590; x_wconf 90' lang='lat' dir='ltr'><strong>at</strong></span> <span class='ocrx_word' id='word_1_80' title='bbox 1560 1519 1803 1612; x_wconf 88' lang='lat' dir='ltr'><strong>praedicantes</strong></span> <span class='ocrx_word' id='word_1_81' title='bbox 1839 1523 1870 1591; x_wconf 90' lang='lat' dir='ltr'><strong>irr</strong></span> <span class='ocrx_word' id='word_1_82' title='bbox 1971 1517 1976 1528; x_wconf 75' lang='grc'><em>“</em></span> 
     </span>
    </p>
   </div>
   <div class='ocr_carea' id='block_1_7' title="bbox 349 1632 1871 4088">
    <p class='ocr_par' dir='ltr' id='par_1_9' title="bbox 585 1632 1871 1830">
     <span class='ocr_line' id='line_1_12' title="bbox 585 1632 1871 1730; baseline 0.005 -29"><span class='ocrx_word' id='word_1_83' title='bbox 585 1653 783 1726; x_wconf 87' lang='lat' dir='ltr'><strong>synagoga,</strong></span> <span class='ocrx_word' id='word_1_84' title='bbox 819 1632 1040 1706; x_wconf 88' lang='lat' dir='ltr'><strong>crediderunt</strong></span> <span class='ocrx_word' id='word_1_85' title='bbox 1071 1635 1277 1706; x_wconf 89' lang='lat' dir='ltr'><strong>Iudaeorum</strong></span> <span class='ocrx_word' id='word_1_86' title='bbox 1311 1646 1346 1710; x_wconf 88' lang='lat' dir='ltr'><strong>et</strong></span> <span class='ocrx_word' id='word_1_87' title='bbox 1384 1635 1572 1708; x_wconf 88' lang='lat' dir='ltr'><strong>Grecorum</strong></span> <span class='ocrx_word' id='word_1_88' title='bbox 1608 1639 1752 1730; x_wconf 83' lang='lat' dir='ltr'><strong>copiosa</strong></span> <span class='ocrx_word' id='word_1_89' title='bbox 1782 1641 1871 1711; x_wconf 83' lang='lat' dir='ltr'><strong>mul-</strong></span> 
     </span>
     <span class='ocr_line' id='line_1_13' title="bbox 585 1747 1672 1830; baseline 0.011 -12"><span class='ocrx_word' id='word_1_90' title='bbox 585 1747 702 1820; x_wconf 88' lang='lat' dir='ltr'><strong>titudo.</strong></span> <span class='ocrx_word' id='word_1_91' title='bbox 1667 1819 1672 1830; x_wconf 89' lang='lat'><strong>.</strong></span> 
     </span>
    </p>

    <p class='ocr_par' dir='ltr' id='par_1_10' title="bbox 412 1866 1869 2062">
     <span class='ocr_line' id='line_1_14' title="bbox 412 1866 1869 1964; baseline 0.003 -26"><span class='ocrx_word' id='word_1_92' title='bbox 412 1867 557 1938; x_wconf 92' lang='lat' dir='ltr'>XXXIX.</span> <span class='ocrx_word' id='word_1_93' title='bbox 587 1867 651 1937; x_wconf 94' lang='lat' dir='ltr'><strong>Ubi</strong></span> <span class='ocrx_word' id='word_1_94' title='bbox 677 1866 804 1940; x_wconf 90' lang='lat' dir='ltr'><strong>Paulus</strong></span> <span class='ocrx_word' id='word_1_95' title='bbox 830 1869 865 1939; x_wconf 92' lang='lat' dir='ltr'><strong>in</strong></span> <span class='ocrx_word' id='word_1_96' title='bbox 890 1870 1021 1964; x_wconf 78' lang='lat' dir='ltr'><strong>hystrie</strong></span> <span class='ocrx_word' id='word_1_97' title='bbox 1049 1871 1209 1942; x_wconf 90' lang='lat' dir='ltr'><strong>claudum</strong></span> <span class='ocrx_word' id='word_1_98' title='bbox 1238 1892 1285 1942; x_wconf 83' lang='lat' dir='ltr'><strong>ex</strong></span> <span class='ocrx_word' id='word_1_99' title='bbox 1310 1880 1410 1941; x_wconf 91' lang='lat' dir='ltr'><strong>utero</strong></span> <span class='ocrx_word' id='word_1_100' title='bbox 1436 1872 1555 1942; x_wconf 83' lang='lat' dir='ltr'><strong>metris</strong></span> <span class='ocrx_word' id='word_1_101' title='bbox 1582 1874 1722 1958; x_wconf 88' lang='lat' dir='ltr'><strong>curavit,</strong></span> <span class='ocrx_word' id='word_1_102' title='bbox 1750 1883 1785 1944; x_wconf 91' lang='lat' dir='ltr'><strong>et</strong></span> <span class='ocrx_word' id='word_1_103' title='bbox 1811 1875 1869 1944; x_wconf 93' lang='lat' dir='ltr'><strong>uhi</strong></span> 
     </span>
     <span class='ocr_line' id='line_1_15' title="bbox 583 1986 1632 2062; baseline 0.005 -7"><span class='ocrx_word' id='word_1_104' title='bbox 583 1986 725 2056; x_wconf 90' lang='lat' dir='ltr'><strong>Paulum</strong></span> <span class='ocrx_word' id='word_1_105' title='bbox 752 1987 957 2058; x_wconf 88' lang='lat' dir='ltr'><strong>Mercurium</strong></span> <span class='ocrx_word' id='word_1_106' title='bbox 983 1998 1198 2059; x_wconf 90' lang='lat' dir='ltr'><strong>vocaverunt</strong></span> <span class='ocrx_word' id='word_1_107' title='bbox 1224 1999 1260 2060; x_wconf 92' lang='lat' dir='ltr'><strong>et</strong></span> <span class='ocrx_word' id='word_1_108' title='bbox 1284 1990 1478 2060; x_wconf 86' lang='lat' dir='ltr'><strong>Bemabam</strong></span> <span class='ocrx_word' id='word_1_109' title='bbox 1504 1992 1632 2062; x_wconf 87' lang='lat' dir='ltr'><strong>lovem.</strong></span> 
     </span>
    </p>

    <p class='ocr_par' dir='ltr' id='par_1_11' title="bbox 484 2103 1867 2532">
     <span class='ocr_line' id='line_1_16' title="bbox 484 2103 1866 2191; baseline 0.004 -19"><span class='ocrx_word' id='word_1_110' title='bbox 484 2105 551 2174; x_wconf 89' lang='lat' dir='ltr'><strong>XL.</strong></span> <span class='ocrx_word' id='word_1_111' title='bbox 581 2103 729 2188; x_wconf 89' lang='lat' dir='ltr'><strong>Quidam</strong></span> <span class='ocrx_word' id='word_1_112' title='bbox 758 2103 1016 2176; x_wconf 86' lang='lat' dir='ltr'><strong>descendentes</strong></span> <span class='ocrx_word' id='word_1_113' title='bbox 1042 2106 1088 2176; x_wconf 90' lang='lat' dir='ltr'><strong>de</strong></span> <span class='ocrx_word' id='word_1_114' title='bbox 1115 2105 1242 2178; x_wconf 86' lang='lat' dir='ltr'><strong>Iudaea</strong></span> <span class='ocrx_word' id='word_1_115' title='bbox 1269 2108 1444 2180; x_wconf 89' lang='lat' dir='ltr'><strong>docebant</strong></span> <span class='ocrx_word' id='word_1_116' title='bbox 1469 2107 1541 2178; x_wconf 91' lang='lat' dir='ltr'><strong>Nisi</strong></span> <span class='ocrx_word' id='word_1_117' title='bbox 1569 2108 1866 2191; x_wconf 88' lang='lat' dir='ltr'><strong>circumcidamini,</strong></span> 
     </span>
     <span class='ocr_line' id='line_1_17' title="bbox 583 2223 1867 2314; baseline 0.004 -22"><span class='ocrx_word' id='word_1_118' title='bbox 583 2243 655 2292; x_wconf 91' lang='lat' dir='ltr'><strong>non</strong></span> <span class='ocrx_word' id='word_1_119' title='bbox 680 2223 827 2314; x_wconf 88' lang='lat' dir='ltr'><strong>potestis</strong></span> <span class='ocrx_word' id='word_1_120' title='bbox 861 2224 946 2294; x_wconf 88' lang='lat' dir='ltr'><strong>salvi</strong></span> <span class='ocrx_word' id='word_1_121' title='bbox 980 2223 1071 2294; x_wconf 89' lang='lat' dir='ltr'><strong>fieri:</strong></span> <span class='ocrx_word' id='word_1_122' title='bbox 1107 2224 1200 2297; x_wconf 90' lang='lat' dir='ltr'><strong>unde</strong></span> <span class='ocrx_word' id='word_1_123' title='bbox 1228 2227 1316 2296; x_wconf 87' lang='lat' dir='ltr'><strong>lacta</strong></span> <span class='ocrx_word' id='word_1_124' title='bbox 1344 2224 1515 2298; x_wconf 88' lang='lat' dir='ltr'><strong>seditione</strong></span> <span class='ocrx_word' id='word_1_125' title='bbox 1542 2225 1649 2298; x_wconf 87' lang='lat' dir='ltr'><strong>Paulo</strong></span> <span class='ocrx_word' id='word_1_126' title='bbox 1677 2236 1712 2296; x_wconf 91' lang='lat' dir='ltr'><strong>et</strong></span> <span class='ocrx_word' id='word_1_127' title='bbox 1736 2227 1867 2297; x_wconf 90' lang='lat' dir='ltr'><strong>Barna—</strong></span> 
     </span>
     <span class='ocr_line' id='line_1_18' title="bbox 583 2325 1866 2438; baseline 0.007 -30"><span class='ocrx_word' id='word_1_128' title='bbox 583 2339 652 2410; x_wconf 87' lang='lat' dir='ltr'><strong>bae</strong></span> <span class='ocrx_word' id='word_1_129' title='bbox 678 2339 910 2412; x_wconf 89' lang='lat' dir='ltr'><strong>ascenderunt</strong></span> <span class='ocrx_word' id='word_1_130' title='bbox 935 2325 1224 2436; x_wconf 82' lang='lat' dir='ltr'><strong>Hierosolymam,</strong></span> <span class='ocrx_word' id='word_1_131' title='bbox 1251 2344 1310 2414; x_wconf 92' lang='lat' dir='ltr'><strong>ubi</strong></span> <span class='ocrx_word' id='word_1_132' title='bbox 1337 2353 1435 2416; x_wconf 89' lang='lat' dir='ltr'><strong>erant</strong></span> <span class='ocrx_word' id='word_1_133' title='bbox 1469 2343 1592 2416; x_wconf 87' lang='lat' dir='ltr'><strong>Petrus</strong></span> <span class='ocrx_word' id='word_1_134' title='bbox 1625 2345 1741 2414; x_wconf 88' lang='lat' dir='ltr'><strong>etalii</strong></span> <span class='ocrx_word' id='word_1_135' title='bbox 1778 2367 1866 2438; x_wconf 89' lang='lat' dir='ltr'><strong>apo-</strong></span> 
     </span>
     <span class='ocr_line' id='line_1_19' title="bbox 585 2456 1127 2532; baseline 0.004 -5"><span class='ocrx_word' id='word_1_136' title='bbox 585 2457 663 2527; x_wconf 92' lang='lat' dir='ltr'><strong>stoli</strong></span> <span class='ocrx_word' id='word_1_137' title='bbox 690 2456 812 2528; x_wconf 90' lang='lat' dir='ltr'><strong>videre</strong></span> <span class='ocrx_word' id='word_1_138' title='bbox 840 2458 886 2530; x_wconf 93' lang='lat' dir='ltr'><strong>de</strong></span> <span class='ocrx_word' id='word_1_139' title='bbox 913 2459 1023 2530; x_wconf 83' lang='lat' dir='ltr'><strong>verbo</strong></span> <span class='ocrx_word' id='word_1_140' title='bbox 1050 2459 1127 2532; x_wconf 92' lang='lat' dir='ltr'><strong>hoc.</strong></span> 
     </span>
    </p>

    <p class='ocr_par' dir='ltr' id='par_1_12' title="bbox 472 2573 1867 2790">
     <span class='ocr_line' id='line_1_20' title="bbox 472 2573 1867 2670; baseline 0.004 -26"><span class='ocrx_word' id='word_1_141' title='bbox 472 2573 553 2644; x_wconf 91' lang='lat' dir='ltr'>XLI.</span> <span class='ocrx_word' id='word_1_142' title='bbox 581 2573 645 2644; x_wconf 93' lang='lat' dir='ltr'><strong>Ubi</strong></span> <span class='ocrx_word' id='word_1_143' title='bbox 679 2575 807 2666; x_wconf 84' lang='lat' dir='ltr'><strong>placuit</strong></span> <span class='ocrx_word' id='word_1_144' title='bbox 840 2577 1004 2668; x_wconf 88' lang='lat' dir='ltr'><strong>apostolis</strong></span> <span class='ocrx_word' id='word_1_145' title='bbox 1038 2589 1073 2648; x_wconf 90' lang='lat' dir='ltr'><strong>et</strong></span> <span class='ocrx_word' id='word_1_146' title='bbox 1107 2579 1302 2650; x_wconf 82' lang='lat' dir='ltr'><strong>semoribus</strong></span> <span class='ocrx_word' id='word_1_147' title='bbox 1343 2573 1502 2670; x_wconf 86' lang='lat' dir='ltr'><strong>&#39;elegere</strong></span> <span class='ocrx_word' id='word_1_148' title='bbox 1534 2580 1630 2651; x_wconf 86' lang='lat' dir='ltr'><strong>viros</strong></span> <span class='ocrx_word' id='word_1_149' title='bbox 1660 2591 1699 2650; x_wconf 89' lang='lat' dir='ltr'><strong>et</strong></span> <span class='ocrx_word' id='word_1_150' title='bbox 1733 2581 1867 2651; x_wconf 90' lang='lat' dir='ltr'><strong>mittere</strong></span> 
     </span>
     <span class='ocr_line' id='line_1_21' title="bbox 582 2691 1730 2790; baseline 0.005 -28"><span class='ocrx_word' id='word_1_151' title='bbox 582 2691 797 2764; x_wconf 91' lang='lat' dir='ltr'><strong>Anthiociam</strong></span> <span class='ocrx_word' id='word_1_152' title='bbox 827 2713 904 2764; x_wconf 93' lang='lat' dir='ltr'><strong>cum</strong></span> <span class='ocrx_word' id='word_1_153' title='bbox 932 2695 1039 2768; x_wconf 88' lang='lat' dir='ltr'><strong>Paulo</strong></span> <span class='ocrx_word' id='word_1_154' title='bbox 1067 2704 1101 2766; x_wconf 91' lang='lat' dir='ltr'><strong>et</strong></span> <span class='ocrx_word' id='word_1_155' title='bbox 1126 2697 1311 2768; x_wconf 88' lang='lat' dir='ltr'><strong>Bamaban</strong></span> <span class='ocrx_word' id='word_1_156' title='bbox 1336 2699 1528 2770; x_wconf 87' lang='lat' dir='ltr'><strong>scribentes</strong></span> <span class='ocrx_word' id='word_1_157' title='bbox 1555 2698 1730 2790; x_wconf 88' lang='lat' dir='ltr'><strong>epistulas.</strong></span> 
     </span>
    </p>

    <p class='ocr_par' dir='ltr' id='par_1_13' title="bbox 459 2807 1866 3021">
     <span class='ocr_line' id='line_1_22' title="bbox 459 2807 1866 2905; baseline 0.006 -28"><span class='ocrx_word' id='word_1_158' title='bbox 459 2809 550 2879; x_wconf 88' lang='lat' dir='ltr'>XLII.</span> <span class='ocrx_word' id='word_1_159' title='bbox 578 2807 642 2880; x_wconf 93' lang='lat' dir='ltr'><strong>Ubi</strong></span> <span class='ocrx_word' id='word_1_160' title='bbox 668 2809 794 2882; x_wconf 89' lang='lat' dir='ltr'><strong>Paulus</strong></span> <span class='ocrx_word' id='word_1_161' title='bbox 821 2811 994 2903; x_wconf 80' lang='lat' dir='ltr'><strong>qtreudam</strong></span> <span class='ocrx_word' id='word_1_162' title='bbox 1022 2813 1225 2905; x_wconf 87' lang='lat' dir='ltr'><strong>discipulum</strong></span> <span class='ocrx_word' id='word_1_163' title='bbox 1252 2817 1391 2886; x_wconf 90' lang='lat' dir='ltr'><strong>nomine</strong></span> <span class='ocrx_word' id='word_1_164' title='bbox 1418 2815 1634 2887; x_wconf 87' lang='lat' dir='ltr'><strong>Timotheum</strong></span> <span class='ocrx_word' id='word_1_165' title='bbox 1653 2837 1771 2887; x_wconf 92' lang='lat' dir='ltr'><strong>secum</strong></span> <span class='ocrx_word' id='word_1_166' title='bbox 1798 2836 1866 2886; x_wconf 92' lang='lat' dir='ltr'><strong>vo-</strong></span> 
     </span>
     <span class='ocr_line' id='line_1_23' title="bbox 580 2927 1207 3021; baseline 0.008 -25"><span class='ocrx_word' id='word_1_167' title='bbox 580 2929 641 2997; x_wconf 94' lang='lat' dir='ltr'><strong>luit</strong></span> <span class='ocrx_word' id='word_1_168' title='bbox 665 2927 854 3021; x_wconf 87' lang='lat' dir='ltr'><strong>proticisci,</strong></span> <span class='ocrx_word' id='word_1_169' title='bbox 882 2929 1093 3002; x_wconf 90' lang='lat' dir='ltr'><strong>circumcidit</strong></span> <span class='ocrx_word' id='word_1_170' title='bbox 1118 2953 1207 3002; x_wconf 90' lang='lat' dir='ltr'><strong>eum.</strong></span> 
     </span>
    </p>

    <p class='ocr_par' dir='ltr' id='par_1_14' title="bbox 349 3043 1865 3376">
     <span class='ocr_line' id='line_1_24' title="bbox 349 3043 1865 3144; baseline 0.005 -30"><span class='ocrx_word' id='word_1_171' title='bbox 349 3043 355 3056; x_wconf 93' lang='lat'>&#39;</span> <span class='ocrx_word' id='word_1_172' title='bbox 447 3045 552 3116; x_wconf 88' lang='lat' dir='ltr'>XLUI.</span> <span class='ocrx_word' id='word_1_173' title='bbox 580 3045 813 3120; x_wconf 87' lang='lat' dir='ltr'><strong>Transeuntes</strong></span> <span class='ocrx_word' id='word_1_174' title='bbox 841 3056 955 3118; x_wconf 87' lang='lat' dir='ltr'><strong>autem</strong></span> <span class='ocrx_word' id='word_1_175' title='bbox 981 3049 1142 3142; x_wconf 86' lang='lat' dir='ltr'><strong>Frygiam</strong></span> <span class='ocrx_word' id='word_1_176' title='bbox 1169 3061 1204 3122; x_wconf 89' lang='lat' dir='ltr'><strong>et</strong></span> <span class='ocrx_word' id='word_1_177' title='bbox 1232 3051 1397 3124; x_wconf 89' lang='lat' dir='ltr'><strong>Galatiam</strong></span> <span class='ocrx_word' id='word_1_178' title='bbox 1430 3053 1536 3126; x_wconf 87' lang='lat' dir='ltr'><strong>vetati</strong></span> <span class='ocrx_word' id='word_1_179' title='bbox 1570 3053 1719 3124; x_wconf 90' lang='lat' dir='ltr'><strong>suntab</strong></span> <span class='ocrx_word' id='word_1_180' title='bbox 1746 3051 1865 3144; x_wconf 90' lang='lat' dir='ltr'><strong>spiritu</strong></span> 
     </span>
     <span class='ocr_line' id='line_1_25' title="bbox 583 3165 1865 3264; baseline 0.003 -30"><span class='ocrx_word' id='word_1_181' title='bbox 583 3174 703 3236; x_wconf 86' lang='lat' dir='ltr'><strong>sancto</strong></span> <span class='ocrx_word' id='word_1_182' title='bbox 730 3165 823 3256; x_wconf 91' lang='lat' dir='ltr'><strong>loqui</strong></span> <span class='ocrx_word' id='word_1_183' title='bbox 850 3166 997 3238; x_wconf 92' lang='lat' dir='ltr'><strong>verbum</strong></span> <span class='ocrx_word' id='word_1_184' title='bbox 1030 3169 1064 3238; x_wconf 90' lang='lat' dir='ltr'><strong>in</strong></span> <span class='ocrx_word' id='word_1_185' title='bbox 1090 3167 1188 3252; x_wconf 88' lang='lat' dir='ltr'><strong>Asia,</strong></span> <span class='ocrx_word' id='word_1_186' title='bbox 1216 3179 1251 3238; x_wconf 81' lang='lat' dir='ltr'><strong>ct</strong></span> <span class='ocrx_word' id='word_1_187' title='bbox 1277 3171 1466 3242; x_wconf 86' lang='lat' dir='ltr'><strong>temtabant</strong></span> <span class='ocrx_word' id='word_1_188' title='bbox 1491 3172 1541 3242; x_wconf 90' lang='lat' dir='ltr'><strong>ire</strong></span> <span class='ocrx_word' id='word_1_189' title='bbox 1567 3170 1768 3264; x_wconf 84' lang='lat' dir='ltr'><strong>Bythiniam,</strong></span> <span class='ocrx_word' id='word_1_190' title='bbox 1795 3191 1865 3239; x_wconf 89' lang='lat' dir='ltr'><strong>non</strong></span> 
     </span>
     <span class='ocr_line' id='line_1_26' title="bbox 582 3283 1767 3376; baseline 0.011 -25"><span class='ocrx_word' id='word_1_191' title='bbox 582 3283 737 3373; x_wconf 89' lang='lat' dir='ltr'><strong>permisit</strong></span> <span class='ocrx_word' id='word_1_192' title='bbox 763 3303 826 3354; x_wconf 88' lang='lat' dir='ltr'><strong>eos</strong></span> <span class='ocrx_word' id='word_1_193' title='bbox 854 3283 991 3376; x_wconf 89' lang='lat' dir='ltr'><strong>spiritus</strong></span> <span class='ocrx_word' id='word_1_194' title='bbox 1017 3286 1103 3356; x_wconf 91' lang='lat' dir='ltr'><strong>Iesu.</strong></span> <span class='ocrx_word' id='word_1_195' title='bbox 1757 3349 1767 3364; x_wconf 86' lang='lat'><strong>.</strong></span> 
     </span>
    </p>

    <p class='ocr_par' dir='ltr' id='par_1_15' title="bbox 429 3397 1864 3590">
     <span class='ocr_line' id='line_1_27' title="bbox 429 3397 1864 3497; baseline 0.003 -27"><span class='ocrx_word' id='word_1_196' title='bbox 429 3397 547 3470; x_wconf 89' lang='lat' dir='ltr'>XLIIII.</span> <span class='ocrx_word' id='word_1_197' title='bbox 575 3398 639 3470; x_wconf 93' lang='lat' dir='ltr'><strong>Ubi</strong></span> <span class='ocrx_word' id='word_1_198' title='bbox 666 3400 841 3492; x_wconf 88' lang='lat' dir='ltr'><strong>quaedam</strong></span> <span class='ocrx_word' id='word_1_199' title='bbox 873 3401 995 3472; x_wconf 80' lang='lat' dir='ltr'><strong>mudier</strong></span> <span class='ocrx_word' id='word_1_200' title='bbox 1019 3404 1159 3474; x_wconf 89' lang='lat' dir='ltr'><strong>nomine</strong></span> <span class='ocrx_word' id='word_1_201' title='bbox 1184 3405 1292 3496; x_wconf 81' lang='lat' dir='ltr'><strong>Lydia</strong></span> <span class='ocrx_word' id='word_1_202' title='bbox 1326 3405 1527 3478; x_wconf 84' lang='lat' dir='ltr'><strong>intendebat</strong></span> <span class='ocrx_word' id='word_1_203' title='bbox 1552 3409 1585 3478; x_wconf 93' lang='lat' dir='ltr'><strong>in</strong></span> <span class='ocrx_word' id='word_1_204' title='bbox 1613 3407 1666 3478; x_wconf 90' lang='lat' dir='ltr'><strong>his</strong></span> <span class='ocrx_word' id='word_1_205' title='bbox 1694 3427 1784 3497; x_wconf 83' lang='lat' dir='ltr'><strong>quoe</strong></span> <span class='ocrx_word' id='word_1_206' title='bbox 1810 3401 1864 3476; x_wconf 90' lang='lat' dir='ltr'><strong>di-</strong></span> 
     </span>
     <span class='ocr_line' id='line_1_28' title="bbox 582 3515 940 3590; baseline 0.003 -3"><span class='ocrx_word' id='word_1_207' title='bbox 582 3515 748 3588; x_wconf 89' lang='lat' dir='ltr'><strong>cebantur</strong></span> <span class='ocrx_word' id='word_1_208' title='bbox 775 3539 796 3588; x_wconf 91' lang='lat' dir='ltr'><strong>a</strong></span> <span class='ocrx_word' id='word_1_209' title='bbox 821 3518 940 3590; x_wconf 85' lang='lat' dir='ltr'><strong>Paulo.</strong></span> 
     </span>
    </p>

    <p class='ocr_par' dir='ltr' id='par_1_16' title="bbox 454 3633 1864 3964">
     <span class='ocr_line' id='line_1_29' title="bbox 454 3633 1863 3734; baseline 0.002 -30"><span class='ocrx_word' id='word_1_210' title='bbox 454 3633 548 3705; x_wconf 86' lang='lat' dir='ltr'>XLV.</span> <span class='ocrx_word' id='word_1_211' title='bbox 577 3633 641 3706; x_wconf 91' lang='lat' dir='ltr'><strong>Ubi</strong></span> <span class='ocrx_word' id='word_1_212' title='bbox 671 3634 797 3706; x_wconf 90' lang='lat' dir='ltr'><strong>Paulus</strong></span> <span class='ocrx_word' id='word_1_213' title='bbox 830 3636 984 3728; x_wconf 90' lang='lat' dir='ltr'><strong>spiritum</strong></span> <span class='ocrx_word' id='word_1_214' title='bbox 1017 3637 1168 3730; x_wconf 90' lang='lat' dir='ltr'><strong>pithonis</strong></span> <span class='ocrx_word' id='word_1_215' title='bbox 1204 3660 1226 3710; x_wconf 85' lang='lat' dir='ltr'><strong>e</strong></span> <span class='ocrx_word' id='word_1_216' title='bbox 1257 3641 1371 3732; x_wconf 91' lang='lat' dir='ltr'><strong>puella</strong></span> <span class='ocrx_word' id='word_1_217' title='bbox 1404 3641 1554 3734; x_wconf 83' lang='lat' dir='ltr'><strong>expulit,</strong></span> <span class='ocrx_word' id='word_1_218' title='bbox 1585 3649 1621 3710; x_wconf 88' lang='lat' dir='ltr'><strong>et</strong></span> <span class='ocrx_word' id='word_1_219' title='bbox 1653 3640 1734 3711; x_wconf 95' lang='lat' dir='ltr'><strong>dum</strong></span> <span class='ocrx_word' id='word_1_220' title='bbox 1770 3640 1863 3710; x_wconf 92' lang='lat' dir='ltr'><strong>missi</strong></span> 
     </span>
     <span class='ocr_line' id='line_1_30' title="bbox 584 3752 1864 3842; baseline 0.004 -22"><span class='ocrx_word' id='word_1_221' title='bbox 584 3752 726 3824; x_wconf 88' lang='lat' dir='ltr'><strong>luissent</strong></span> <span class='ocrx_word' id='word_1_222' title='bbox 757 3753 882 3824; x_wconf 88' lang='lat' dir='ltr'><strong>Paulus</strong></span> <span class='ocrx_word' id='word_1_223' title='bbox 916 3764 952 3826; x_wconf 89' lang='lat' dir='ltr'><strong>et</strong></span> <span class='ocrx_word' id='word_1_224' title='bbox 983 3756 1071 3826; x_wconf 87' lang='lat' dir='ltr'><strong>Silas</strong></span> <span class='ocrx_word' id='word_1_225' title='bbox 1103 3757 1135 3826; x_wconf 95' lang='lat' dir='ltr'><strong>in</strong></span> <span class='ocrx_word' id='word_1_226' title='bbox 1169 3778 1363 3842; x_wconf 90' lang='lat' dir='ltr'><strong>carcerem,</strong></span> <span class='ocrx_word' id='word_1_227' title='bbox 1398 3769 1515 3832; x_wconf 90' lang='lat' dir='ltr'><strong>custos</strong></span> <span class='ocrx_word' id='word_1_228' title='bbox 1541 3759 1691 3832; x_wconf 86' lang='lat' dir='ltr'><strong>carceris</strong></span> <span class='ocrx_word' id='word_1_229' title='bbox 1718 3756 1864 3828; x_wconf 90' lang='lat' dir='ltr'><strong>credidit</strong></span> 
     </span>
     <span class='ocr_line' id='line_1_31' title="bbox 584 3863 1747 3964; baseline 0.005 -24"><span class='ocrx_word' id='word_1_230' title='bbox 584 3879 619 3940; x_wconf 90' lang='lat' dir='ltr'><strong>et</strong></span> <span class='ocrx_word' id='word_1_231' title='bbox 644 3870 837 3964; x_wconf 89' lang='lat' dir='ltr'><strong>baptizatus</strong></span> <span class='ocrx_word' id='word_1_232' title='bbox 864 3881 928 3944; x_wconf 90' lang='lat' dir='ltr'><strong>est.</strong></span> <span class='ocrx_word' id='word_1_233' title='bbox 1741 3863 1747 3877; x_wconf 82' lang='grc'>’</span> 
     </span>
    </p>

    <p class='ocr_par' dir='ltr' id='par_1_17' title="bbox 447 3985 1861 4088">
     <span class='ocr_line' id='line_1_32' title="bbox 447 3985 1861 4088; baseline 0.005 -32"><span class='ocrx_word' id='word_1_234' title='bbox 447 3985 554 4057; x_wconf 89' lang='lat' dir='ltr'>XLVI.</span> <span class='ocrx_word' id='word_1_235' title='bbox 582 3988 646 4060; x_wconf 94' lang='lat' dir='ltr'><strong>Ubi</strong></span> <span class='ocrx_word' id='word_1_236' title='bbox 673 3989 799 4061; x_wconf 91' lang='lat' dir='ltr'><strong>Paulus</strong></span> <span class='ocrx_word' id='word_1_237' title='bbox 825 3999 860 4059; x_wconf 91' lang='lat' dir='ltr'><strong>et</strong></span> <span class='ocrx_word' id='word_1_238' title='bbox 887 3989 974 4062; x_wconf 88' lang='lat' dir='ltr'><strong>Silas</strong></span> <span class='ocrx_word' id='word_1_239' title='bbox 999 3987 1453 4078; x_wconf 86' lang='lat' dir='ltr'><strong>venerunt&#39;Tessalonicam,</strong></span> <span class='ocrx_word' id='word_1_240' title='bbox 1480 3995 1687 4088; x_wconf 87' lang='lat' dir='ltr'><strong>adaperiens</strong></span> <span class='ocrx_word' id='word_1_241' title='bbox 1711 3994 1757 4064; x_wconf 91' lang='lat' dir='ltr'><strong>de</strong></span> <span class='ocrx_word' id='word_1_242' title='bbox 1776 3995 1861 4064; x_wconf 88' lang='lat' dir='ltr'><strong>scri-</strong></span> 
     </span>
    </p>
   </div>
   <div class='ocr_carea' id='block_1_8' title="bbox 421 4107 1862 5264">
    <p class='ocr_par' dir='ltr' id='par_1_18' title="bbox 581 4107 1861 4296">
     <span class='ocr_line' id='line_1_33' title="bbox 581 4107 1861 4205; baseline 0.004 -29"><span class='ocrx_word' id='word_1_243' title='bbox 581 4107 690 4198; x_wconf 89' lang='lat' dir='ltr'><strong>pturis</strong></span> <span class='ocrx_word' id='word_1_244' title='bbox 717 4117 752 4179; x_wconf 89' lang='lat' dir='ltr'><strong>et</strong></span> <span class='ocrx_word' id='word_1_245' title='bbox 777 4107 952 4178; x_wconf 87' lang='lat' dir='ltr'><strong>insinuans</strong></span> <span class='ocrx_word' id='word_1_246' title='bbox 978 4107 1057 4200; x_wconf 91' lang='lat' dir='ltr'><strong>quia</strong></span> <span class='ocrx_word' id='word_1_247' title='bbox 1086 4109 1253 4182; x_wconf 86' lang='lat' dir='ltr'><strong>Christum</strong></span> <span class='ocrx_word' id='word_1_248' title='bbox 1280 4111 1432 4202; x_wconf 90' lang='lat' dir='ltr'><strong>oportuit</strong></span> <span class='ocrx_word' id='word_1_249' title='bbox 1457 4113 1541 4205; x_wconf 90' lang='lat' dir='ltr'><strong>pati,</strong></span> <span class='ocrx_word' id='word_1_250' title='bbox 1569 4123 1605 4183; x_wconf 89' lang='lat' dir='ltr'><strong>et</strong></span> <span class='ocrx_word' id='word_1_251' title='bbox 1630 4112 1781 4182; x_wconf 84' lang='lat' dir='ltr'><strong>zelantes</strong></span> <span class='ocrx_word' id='word_1_252' title='bbox 1807 4112 1861 4181; x_wconf 92' lang='lat' dir='ltr'><strong>In-</strong></span> 
     </span>
     <span class='ocr_line' id='line_1_34' title="bbox 583 4223 1063 4296; baseline -0.004 0"><span class='ocrx_word' id='word_1_253' title='bbox 583 4223 662 4296; x_wconf 89' lang='lat' dir='ltr'><strong>daei</strong></span> <span class='ocrx_word' id='word_1_254' title='bbox 690 4233 870 4294; x_wconf 92' lang='lat' dir='ltr'><strong>tenuerunt</strong></span> <span class='ocrx_word' id='word_1_255' title='bbox 895 4227 1063 4295; x_wconf 87' lang='lat' dir='ltr'><strong>Iasonem.</strong></span> 
     </span>
    </p>

    <p class='ocr_par' dir='ltr' id='par_1_19' title="bbox 435 4337 1862 4531">
     <span class='ocr_line' id='line_1_35' title="bbox 435 4337 1862 4440; baseline 0.006 -32"><span class='ocrx_word' id='word_1_256' title='bbox 435 4337 558 4410; x_wconf 91' lang='lat' dir='ltr'>XLVII.</span> <span class='ocrx_word' id='word_1_257' title='bbox 585 4339 650 4410; x_wconf 94' lang='lat' dir='ltr'><strong>Ubi</strong></span> <span class='ocrx_word' id='word_1_258' title='bbox 683 4339 809 4412; x_wconf 88' lang='lat' dir='ltr'><strong>Paulus</strong></span> <span class='ocrx_word' id='word_1_259' title='bbox 841 4341 985 4414; x_wconf 91' lang='lat' dir='ltr'><strong>veniens</strong></span> <span class='ocrx_word' id='word_1_260' title='bbox 1013 4343 1156 4414; x_wconf 85' lang='lat' dir='ltr'><strong>Athenis</strong></span> <span class='ocrx_word' id='word_1_261' title='bbox 1196 4355 1231 4416; x_wconf 91' lang='lat' dir='ltr'><strong>et</strong></span> <span class='ocrx_word' id='word_1_262' title='bbox 1263 4345 1421 4438; x_wconf 88' lang='lat' dir='ltr'><strong>EpIcurei</strong></span> <span class='ocrx_word' id='word_1_263' title='bbox 1462 4359 1498 4418; x_wconf 87' lang='lat' dir='ltr'><strong>et</strong></span> <span class='ocrx_word' id='word_1_264' title='bbox 1531 4347 1636 4418; x_wconf 88' lang='lat' dir='ltr'><strong>Stoici</strong></span> <span class='ocrx_word' id='word_1_265' title='bbox 1668 4347 1862 4440; x_wconf 89' lang='lat' dir='ltr'><strong>philosophi</strong></span> 
     </span>
     <span class='ocr_line' id='line_1_36' title="bbox 585 4456 988 4531; baseline 0.007 -3"><span class='ocrx_word' id='word_1_266' title='bbox 585 4456 802 4529; x_wconf 89' lang='lat' dir='ltr'><strong>disserebant</strong></span> <span class='ocrx_word' id='word_1_267' title='bbox 828 4481 905 4530; x_wconf 91' lang='lat' dir='ltr'><strong>cum</strong></span> <span class='ocrx_word' id='word_1_268' title='bbox 934 4482 988 4531; x_wconf 90' lang='lat' dir='ltr'><strong>eo.</strong></span> 
     </span>
    </p>

    <p class='ocr_par' dir='ltr' id='par_1_20' title="bbox 421 4575 1861 4790">
     <span class='ocr_line' id='line_1_37' title="bbox 421 4575 1861 4676; baseline 0.007 -32"><span class='ocrx_word' id='word_1_269' title='bbox 421 4575 554 4645; x_wconf 89' lang='lat' dir='ltr'>XLVIII.</span> <span class='ocrx_word' id='word_1_270' title='bbox 581 4575 753 4667; x_wconf 81' lang='lat' dir='ltr'><strong>Egressus</strong></span> <span class='ocrx_word' id='word_1_271' title='bbox 779 4575 904 4648; x_wconf 86' lang='lat' dir='ltr'><strong>Paulus</strong></span> <span class='ocrx_word' id='word_1_272' title='bbox 939 4579 984 4650; x_wconf 94' lang='lat' dir='ltr'><strong>ab</strong></span> <span class='ocrx_word' id='word_1_273' title='bbox 1011 4578 1154 4652; x_wconf 83' lang='lat' dir='ltr'><strong>Athenis</strong></span> <span class='ocrx_word' id='word_1_274' title='bbox 1189 4582 1284 4652; x_wconf 91' lang='lat' dir='ltr'><strong>veuit</strong></span> <span class='ocrx_word' id='word_1_275' title='bbox 1310 4581 1507 4654; x_wconf 84' lang='lat' dir='ltr'><strong>Corinthum</strong></span> <span class='ocrx_word' id='word_1_276' title='bbox 1534 4585 1578 4656; x_wconf 90' lang='lat' dir='ltr'><strong>ad</strong></span> <span class='ocrx_word' id='word_1_277' title='bbox 1605 4575 1779 4676; x_wconf 81' lang='lat' dir='ltr'><strong>quendam</strong></span> <span class='ocrx_word' id='word_1_278' title='bbox 1806 4585 1861 4670; x_wconf 91' lang='lat' dir='ltr'><strong>lu-</strong></span> 
     </span>
     <span class='ocr_line' id='line_1_38' title="bbox 583 4692 1057 4790; baseline 0.006 -26"><span class='ocrx_word' id='word_1_279' title='bbox 583 4692 710 4766; x_wconf 87' lang='lat' dir='ltr'><strong>daeum</strong></span> <span class='ocrx_word' id='word_1_280' title='bbox 736 4693 874 4766; x_wconf 92' lang='lat' dir='ltr'><strong>nomine</strong></span> <span class='ocrx_word' id='word_1_281' title='bbox 901 4695 1057 4790; x_wconf 79' lang='lat' dir='ltr'><strong>Aquilam</strong></span> 
     </span>
    </p>

    <p class='ocr_par' dir='ltr' id='par_1_21' title="bbox 440 4811 1860 4906">
     <span class='ocr_line' id='line_1_39' title="bbox 440 4811 1860 4906; baseline 0.004 -24"><span class='ocrx_word' id='word_1_282' title='bbox 440 4811 550 4882; x_wconf 90' lang='lat' dir='ltr'>XLIX.</span> <span class='ocrx_word' id='word_1_283' title='bbox 578 4811 643 4884; x_wconf 94' lang='lat' dir='ltr'><strong>Ubi</strong></span> <span class='ocrx_word' id='word_1_284' title='bbox 669 4811 777 4882; x_wconf 86' lang='lat' dir='ltr'><strong>Gallio</strong></span> <span class='ocrx_word' id='word_1_285' title='bbox 804 4815 991 4906; x_wconf 84' lang='lat' dir='ltr'><strong>proconsud</strong></span> <span class='ocrx_word' id='word_1_286' title='bbox 1016 4815 1124 4888; x_wconf 91' lang='lat' dir='ltr'><strong>noluit</strong></span> <span class='ocrx_word' id='word_1_287' title='bbox 1149 4815 1268 4888; x_wconf 89' lang='lat' dir='ltr'><strong>audire</strong></span> <span class='ocrx_word' id='word_1_288' title='bbox 1295 4818 1444 4892; x_wconf 90' lang='lat' dir='ltr'><strong>Iudaeos</strong></span> <span class='ocrx_word' id='word_1_289' title='bbox 1478 4829 1682 4894; x_wconf 86' lang='lat' dir='ltr'><strong>accusantes</strong></span> <span class='ocrx_word' id='word_1_290' title='bbox 1709 4820 1860 4892; x_wconf 87' lang='lat' dir='ltr'><strong>Paulum.</strong></span> 
     </span>
    </p>

    <p class='ocr_par' dir='ltr' id='par_1_22' title="bbox 518 4929 1861 5031">
     <span class='ocr_line' id='line_1_40' title="bbox 518 4929 1861 5031; baseline 0.005 -31"><span class='ocrx_word' id='word_1_291' title='bbox 518 4931 553 5000; x_wconf 92' lang='lat' dir='ltr'><strong>L.</strong></span> <span class='ocrx_word' id='word_1_292' title='bbox 581 4929 644 5002; x_wconf 90' lang='lat' dir='ltr'><strong>Ubi</strong></span> <span class='ocrx_word' id='word_1_293' title='bbox 670 4930 796 5024; x_wconf 93' lang='lat' dir='ltr'><strong>Apollo</strong></span> <span class='ocrx_word' id='word_1_294' title='bbox 811 4933 967 5004; x_wconf 89' lang='lat' dir='ltr'><strong>&#39;veniens</strong></span> <span class='ocrx_word' id='word_1_295' title='bbox 993 4933 1131 5004; x_wconf 83' lang='lat' dir='ltr'><strong>Elesum</strong></span> <span class='ocrx_word' id='word_1_296' title='bbox 1160 4935 1384 5026; x_wconf 85' lang='lat' dir='ltr'><strong>praedicabat</strong></span> <span class='ocrx_word' id='word_1_297' title='bbox 1410 4937 1595 5022; x_wconf 87' lang='lat' dir='ltr'><strong>Christum,</strong></span> <span class='ocrx_word' id='word_1_298' title='bbox 1631 4949 1667 5009; x_wconf 89' lang='lat' dir='ltr'><strong>et</strong></span> <span class='ocrx_word' id='word_1_299' title='bbox 1693 4959 1861 5031; x_wconf 88' lang='lat' dir='ltr'><strong>superve-</strong></span> 
     </span>
    </p>

    <p class='ocr_par' dir='ltr' id='par_1_23' title="bbox 580 5048 1861 5264">
     <span class='ocr_line' id='line_1_41' title="bbox 580 5048 1861 5146; baseline 0.003 -27"><span class='ocrx_word' id='word_1_300' title='bbox 580 5048 679 5120; x_wconf 85' lang='lat' dir='ltr'><strong>niens</strong></span> <span class='ocrx_word' id='word_1_301' title='bbox 705 5049 829 5122; x_wconf 87' lang='lat' dir='ltr'><strong>Paulus</strong></span> <span class='ocrx_word' id='word_1_302' title='bbox 861 5050 1000 5124; x_wconf 83' lang='lat' dir='ltr'><strong>Elesum</strong></span> <span class='ocrx_word' id='word_1_303' title='bbox 1034 5061 1069 5122; x_wconf 89' lang='lat' dir='ltr'><strong>et</strong></span> <span class='ocrx_word' id='word_1_304' title='bbox 1100 5050 1288 5146; x_wconf 89' lang='lat' dir='ltr'><strong>baptizavit</strong></span> <span class='ocrx_word' id='word_1_305' title='bbox 1322 5054 1369 5126; x_wconf 88' lang='lat' dir='ltr'><strong>ibi</strong></span> <span class='ocrx_word' id='word_1_306' title='bbox 1401 5057 1434 5128; x_wconf 91' lang='lat' dir='ltr'><strong>iu</strong></span> <span class='ocrx_word' id='word_1_307' title='bbox 1470 5057 1609 5128; x_wconf 91' lang='lat' dir='ltr'><strong>nomine</strong></span> <span class='ocrx_word' id='word_1_308' title='bbox 1635 5057 1712 5126; x_wconf 87' lang='lat' dir='ltr'><strong>Iesu</strong></span> <span class='ocrx_word' id='word_1_309' title='bbox 1740 5055 1861 5126; x_wconf 89' lang='lat' dir='ltr'><strong>Christi</strong></span> 
     </span>
     <span class='ocr_line' id='line_1_42' title="bbox 581 5166 1300 5264; baseline 0.003 -24"><span class='ocrx_word' id='word_1_310' title='bbox 581 5166 639 5258; x_wconf 89' lang='lat' dir='ltr'><strong>qui</strong></span> <span class='ocrx_word' id='word_1_311' title='bbox 664 5167 873 5262; x_wconf 89' lang='lat' dir='ltr'><strong>baptismum</strong></span> <span class='ocrx_word' id='word_1_312' title='bbox 899 5169 1300 5264; x_wconf 81' lang='lat' dir='ltr'><strong>lobannis-acceperant.</strong></span> 
     </span>
    </p>
   </div>
   <div class='ocr_carea' id='block_1_9' title="bbox 0 0 2132 6130">
    <p class='ocr_par' dir='ltr' id='par_1_24' title="bbox 0 0 2132 6130">
     <span class='ocr_line' id='line_1_43' title="bbox 0 0 2132 6130; baseline 0 4"><span class='ocrx_word' id='word_1_313' title='bbox 0 0 2132 6130; x_wconf 95' lang='lat' dir='ltr'><strong> </strong></span> 
     </span>
    </p>
   </div>
  </div>
 </body>
</html>
