4146 6120
567 1393 717 1466 INCIPIT
750 1390 957 1464 EPISTULA
989 1391 1191 1464 IOHANNIS
1226 1390 1364 1464 PRIMA.

953 1649 975 1718 1.

306 1871 362 1928 ⁴⁰)
382 1880 491 2003 Quod
517 1905 577 1976 tuit
603 1905 647 1976 ab
679 1904 789 1988 initio,
823 1904 920 1996 quod
953 1903 1145 1976 audiuimus
1178 1915 1213 1976 ct
1244 1905 1392 1978 vidimus
1425 1904 1533 1976 oculis
1568 1908 1704 1992 nostris

229 2025 325 2119 quod
351 2026 595 2120 perspeximus
622 2035 656 2096 et
683 2045 805 2094 manus
831 2033 971 2095 nostrae
998 2033 1241 2110 temtaveruut,
1275 2025 1321 2097 de
1353 2023 1471 2096 verbo·
1490 2025 1595 2096 vitae:
1639 2020 1706 2098 'et

228 2147 296 2218 vita
323 2146 538 2218 manifestata
565 2154 627 2231 est,
655 2154 690 2216 et
715 2143 863 2216 vidimus
889 2157 925 2214 ct
950 2153 1115 2216 testamur
1141 2156 1176 2217 ct
1202 2144 1441 2216 adnuntiamus
1473 2144 1575 2216 vobis
1600 2146 1705 2218 vitam

230 2277 415 2350 aeternam,
444 2275 533 2358 quae
560 2273 635 2336 erat
661 2251 755 2358 apud
781 2271 916 2358 patrem
943 2273 978 2334 ct
1003 2264 1160 2359 apparuit
1184 2263 1301 2336 uobis:
1345 2255 1472 2358 ³quod
1496 2265 1645 2338 vidimus
1671 2275 1705 2337 et

228 2387 430 2470 audivimus,
458 2395 493 2457 et
519 2384 758 2457 adnuntiamus
785 2383 897 2469 vobis,
923 2393 961 2456 ut
986 2395 1022 2456 et
1038 2405 1104 2456 vos
1121 2385 1322 2457 sooIetatem
1340 2385 1497 2458 babeatis
1514 2385 1704 2484 nobiscum,

228 2517 263 2577 et
286 2507 438 2578 societas
464 2515 583 2576 nostra
616 2505 660 2576 sit
692 2525 770 2575 cum
805 2514 903 2598 patre
936 2513 972 2576 et
997 2500 1084 2576 'fibo
1111 2508 1185 2576 eius
1216 2505 1293 2577 Iesu
1327 2505 1469 2578 Christo.
1520 2494 1593 2576 *Et
1613 2505 1706 2576 baec

229 2629 430 2722 scripsimus
455 2626 557 2698 vobis
584 2635 621 2697 ut
646 2624 810 2718 gaudium
837 2633 993 2697 nostrum
1020 2625 1063 2696 sit
1087 2626 1235 2718 plenum.
1287 2618 1355 2696 5Et
1382 2625 1470 2698 baec
1496 2635 1550 2695 cst
1571 2624 1704 2696 adnuu-

228 2749 323 2820 tiatio
357 2768 461 2841 quam
496 2744 655 2816 audimus
689 2745 733 2816 ab
768 2765 812 2815 eo
846 2753 881 2816 et
914 2744 1154 2817 adnuntiamus
1186 2745 1302 2828 vobis,
1337 2745 1498 2839 quoniam
1533 2743 1620 2817 deus
1645 2746 1706 2816 lux

21 2839 38 2866 ι’
124 2871 128 2891 “
229 2879 283 2939 est
308 2875 343 2938 et
368 2866 533 2937 tenebrae
560 2866 595 2935 iu
620 2886 665 2936 co
691 2885 763 2936 uon
789 2875 867 2936 suut
893 2865 991 2937 ultae.
1043 2855 1106 2914 Μ’)
1124 2865 1160 2936 Si
1186 2865 1375 2952 dixerimus
1401 2864 1564 2958 quoniam
1590 2863 1705 2937 socIe-

228 2995 334 3056 tatem
361 2986 530 3056 habemus
557 3005 634 3054 cum
662 3006 705 3056 eo
733 2994 769 3056 et
794 2985 829 3055 iu
854 2986 1006 3056 tenebris
1033 2985 1257 3069 ambulamus,
1284 2985 1466 3056 mentimur
1498 2991 1533 3054 et
1558 3005 1628 3055 nou
1653 2987 1705 3056 fa-

230 3108 338 3176 cimus
363 3103 561 3174 veritatem:
604 3095 664 3174 7si
691 3115 806 3174 autem
833 3104 867 3174 iu
892 3105 969 3176 luce
996 3102 1212 3174 ambulamus
1238 3103 1325 3174 sicut
1343 3114 1378 3176 et
1402 3104 1479 3197 ipse
1498 3115 1551 3174 est
1567 3103 1602 3174 iu
1619 3104 1704 3190 luce,

230 3225 430 3296 societatem
457 3221 627 3292 babemus
654 3219 700 3293 ad
726 3221 880 3307 invicem,
909 3233 944 3294 et
969 3223 1109 3314 sanguis
1134 3223 1212 3293 Iesu
1239 3221 1361 3294 Christi
1386 3222 1443 3294 filii
1469 3223 1543 3294 eius
1565 3223 1707 3295 mundat

217 3367 295 3418 *nos
322 3344 415 3416 omui
442 3349 597 3435 peccato.
649 3331 716 3412 ⁸Si
743 3341 932 3414 discrimus
959 3341 1120 3436 qrrouiam
1146 3350 1325 3437 peccatum
1343 3365 1414 3415 nou
1431 3342 1614 3427 babemus,
1641 3343 1706 3436 ipsi

229 3487 295 3538 uos
322 3463 518 3538 seducimus
545 3470 580 3532 et
604 3463 732 3534 veritas
757 3463 791 3534 in
816 3461 919 3534 uobis
945 3485 1014 3534 nou
1040 3471 1102 3533 est.
1141 3453 1204 3533 ⁹Si
1229 3461 1454 3536 confiteamur
1479 3471 1705 3556 peccaturo-

231 3596 310 3672 stra,
337 3584 449 3657 fidelis
477 3591 512 3653 et
537 3581 645 3653 iustus
671 3592 739 3668 cst,
767 3594 803 3656 ut
836 3583 985 3656 remittat
1018 3582 1118 3654 uobis
1147 3591 1290 3677 peccata
1324 3593 1443 3656 nostra
1462 3592 1512 3654 »et
1543 3582 1707 3656 emundet

230 3729 296 3778 uos
322 3705 366 3777 ab
394 3703 487 3776 omui
513 3701 696 3795 iniquitate.
747 3695 774 3740 ⁴⁰
791 3704 826 3774 Si
852 3703 1042 3776 dixerimus
1068 3703 1229 3796 quoniam
1255 3725 1325 3774 uon
1350 3702 1579 3798 peccavimus,
1608 3725 1704 3776 meu-

230 3827 352 3900 daoem
378 3821 564 3896 'iaciemus
591 3843 670 3893 cum
697 3833 733 3894 et
757 3825 903 3895 verbum
930 3824 1004 3896 eius
1031 3824 1064 3894 iu
1089 3824 1191 3895 nobis
1216 3845 1287 3896 non
1313 3834 1375 3895 est.
1504 3913 1507 3922 A

950 4099 985 4168 II.

306 4295 368 4352 ’Μ
386 4305 493 4376 Filioii
527 4306 612 4390 mei,
642 4305 730 4377 baec
761 4303 876 4376 scrrbo
908 4304 1008 4376 vobis
1043 4313 1080 4375 ut
1113 4325 1184 4374 nou
1214 4302 1380 4396 peccetis:
1415 4301 1479 4374 sed
1512 4301 1601 4374 etsi
1626 4303 1703 4402 quis

230 4425 441 4519 peccaverit,
476 4424 685 4496 advocatum
719 4425 889 4496 habemus
925 4423 1018 4518 apud
1049 4432 1201 4516 patrem,
1234 4422 1347 4494 Iesum
1374 4420 1542 4493 Christum
1567 4422 1702 4508 iustum,
1818 4429 1819 4432 ’
1854 4414 1857 4422 ’

230 4539 293 4617 ’ct
318 4546 393 4638 ipse
420 4554 473 4615 ost
499 4543 693 4639 propitiatio
720 4566 785 4638 pro
812 4543 964 4636 peccatis
990 4543 1134 4628 uostris,
1160 4563 1229 4614 uon
1256 4563 1320 4636 pro
1347 4542 1473 4614 uostris
1492 4551 1608 4615 autem
1626 4552 1702 4614 tau-

232 4674 301 4736 tum
329 4663 393 4736 sed
420 4665 522 4738 etiam
548 4685 613 4758 pro
640 4664 743 4736 totius
769 4664 896 4736 muudi.
947 4655 1019 4734 ³Iit
1050 4664 1085 4734 in
1118 4663 1188 4734 boc
1220 4662 1348 4734 scimus
1381 4663 1543 4755 quomam
1569 4684 1703 4756 coguo-

232 4787 344 4856 vimus
371 4807 461 4870 eum,
489 4786 518 4858 si
544 4784 708 4857 mandata
735 4783 809 4856 eius
836 4784 1071 4856 observemus.
1123 4772 1220 4868 ‘Oui
1253 4781 1334 4854 dicit
1363 4803 1402 4854 se
1433 4805 1539 4856 nosse
1567 4806 1646 4857 eum
1673 4793 1708 4854 et
1809 4811 1812 4820 ’

233 4905 395 4978 mandata
422 4907 496 4978 eius
522 4927 593 4978 uon
619 4905 778 4986 custodit,
805 4905 957 4977 mendax
984 4913 1038 4976 est
1064 4913 1099 4975 et
1123 4904 1158 4976 in
1185 4924 1229 4975 eo
1256 4904 1384 4976 veritas
1409 4925 1475 4976 uos
1501 4915 1569 4977 est:
1619 4896 1707 4997 5qui

233 5035 347 5096 autem
376 5037 494 5099 servat
517 5028 664 5100 verbum
691 5026 773 5110 eius,
801 5045 885 5096 vere
917 5025 952 5094 iu
983 5045 1027 5096 eo
1062 5025 1185 5096 caritas
1211 5023 1269 5096 dei
1300 5025 1453 5118 perfecta
1476 5034 1547 5098 cst:
1578 5027 1613 5096 in
1638 5025 1707 5098 boo

232 5147 361 5219 scimus
388 5149 549 5240 quoniam
576 5148 713 5242 inipso
740 5169 869 5218 sumus.
921 5136 1017 5228 6Qui
1051 5145 1132 5216 dicit
1158 5137 1202 5216 'se
1235 5145 1269 5214 iu
1301 5145 1378 5239 ipso
1412 5147 1569 5232 m'auere,
1602 5144 1708 5216 debet

836 5267 899 5351 I‚t
937 5304 982 5316 -
1010 5265 1045 5348 II,
1074 5267 1107 5334 6.
1396 5341 1397 5344 ,

1319 5385 1403 5456 ts*
