4242 6118
669 385 935 456 ,evincamus
962 385 1167 448 11111111
1194 385 1351 452 sancus
1719 402 1786 474 33

265 489 1796 528 Μ

265 609 300 672 11
325 599 463 670 salutari
487 601 523 670 iu
548 599 624 670 toro
663 585 689 632 ³⁹
706 601 741 664 et
766 590 805 659 in
831 577 962 680 primis
976 589 1166 662 cathedris
1194 593 1322 666 sedere
1356 595 1391 665 in
1416 603 1606 695 synagogis
1633 613 1668 676 et
1693 605 1781 702 priss

264 735 343 792 mos
376 719 570 792 discubitus
602 719 637 788 in
667 712 802 786 caenis:
860 694 995 756 mm)
1012 711 1073 802 qui
1109 712 1282 785 devorant
1321 715 1449 790 domos
1483 720 1668 796 viduarum.
1696 732 1774 804 sub

266 842 408 914 obtentu
434 841 597 935 prolixae
624 830 794 914 orationis
824 823 867 898 hi
895 829 1063 924 accipient
1093 833 1263 924 prolixius
1297 834 1471 908 iudicium.
1523 832 1608 914 “Et
1633 846 1766 924 sedem

265 963 362 1034 lesus
392 968 516 1032 contra
555 951 844 1052 gazophylacium
881 951 1076 1044 aspiciebat
1110 955 1287 1045 quomodo
1322 955 1422 1026 turba
1453 958 1597 1033 iactaret
1628 987 1690 1037 aes
1729 970 1772 1040 in

267 1080 565 1176 gazophylacium,
580 1088 631 1149 et
654 1075 749 1148 multi
774 1070 905 1146 divites
929 1072 1109 1144 iactabant
1133 1077 1257 1146 multa:
1310 1065 1338 1111 ⁴²
1354 1096 1433 1146 cum
1467 1082 1619 1154 venisset
1644 1097 1760 1160 autem
1834 1155 1840 1168 ,

269 1224 334 1276 una
358 1203 462 1274 vidua
489 1219 644 1294 pauper,
672 1196 763 1268 misit
787 1196 860 1269 duo
893 1195 1029 1279 minuta,
1061 1195 1158 1288 quod
1194 1203 1248 1265 est
1280 1195 1464 1286 quadrans.
1515 1187 1542 1237 *³
1557 1201 1599 1272 Et
1625 1227 1758 1280 convo-

269 1344 350 1394 cans
376 1320 572 1414 discipulos
600 1336 685 1389 suos
711 1318 758 1388 ait
782 1315 847 1410 illis
873 1315 984 1388 Amen
1009 1314 1095 1388 dico
1121 1315 1224 1388 vobis
1252 1315 1413 1407 quoniam
1441 1319 1545 1392 vidua
1562 1322 1651 1396 baec
1667 1349 1751 1421 pau,-

269 1465 331 1538 per
355 1444 431 1538 plus
459 1440 628 1513 omnibus
654 1438 746 1510 misit
771 1438 828 1532 qui
854 1437 1017 1508 miserunt
1048 1437 1084 1508 in
1118 1435 1421 1529 gazophylacium:
1472 1427 1499 1478 ⁴⁴
1516 1463 1638 1515 omnes
1664 1447 1756 1518 enim

268 1587 315 1635 ex
340 1585 384 1635 ec
410 1561 510 1655 quod
539 1557 742 1630 abundabat
767 1559 830 1630 illis
855 1559 1028 1642 miserunt,
1056 1557 1145 1630 haec
1171 1577 1258 1628 vero
1285 1554 1333 1627 de
1359 1561 1522 1649 paenuria
1549 1585 1612 1636 sua
1639 1568 1755 1638 omnia

269 1704 357 1777 quae
383 1681 505 1755 babuit
533 1679 636 1763 misit,
664 1685 772 1750 totum
798 1679 924 1751 victum
951 1701 1062 1750 suum.

972 1953 1050 2025 Xlll.

344 2155 458 2212 ⁴⁰³³)
477 2164 522 2234 itt
549 2183 628 2231 curn
656 2159 881 2252 egrederetur
906 2160 953 2232 de
980 2163 1118 2254 templo,
1146 2162 1192 2232 ait
1219 2161 1261 2230 illi
1289 2181 1377 2230 unus
1404 2169 1451 2232 eir
1477 2160 1653 2255 discipulis
1679 2167 1754 2238 suis

272 2285 452 2376 Magister,
491 2281 614 2376 aspice
648 2282 769 2372 quales
801 2281 934 2375 lapides
966 2291 1001 2352 et
1034 2281 1153 2374 quoles
1179 2289 1381 2353 structurae.
1433 2273 1506 2352 'Et
1531 2283 1754 2376 respondens

272 2407 366 2476 lesus
393 2405 439 2476 ait
471 2403 517 2472 illi
553 2399 660 2472 Vides
694 2400 757 2472 bas
791 2421 913 2472 omnes
945 2421 1089 2494 magnas
1122 2401 1412 2474 aedificationes?
1443 2421 1514 2472 non
1538 2403 1753 2496 relinquetur

272 2524 358 2618 lapis
383 2545 490 2618 super
513 2520 668 2614 lapidem
695 2521 753 2613 qui
778 2543 849 2594 non
874 2521 1077 2594 destruatur.
1128 2513 1752 2596 ΝΜ111111111111111111’1111-

273 2655 343 2716 tem
375 2645 545 2716 olivarum
579 2651 699 2711 contra
732 2643 914 2735 templum,
949 2643 1205 2735 interrogabant
1238 2663 1318 2714 eum
1353 2642 1538 2735 seperatim
1565 2641 1686 2715 Petrus
1715 2656 1753 2717 et

273 2765 417 2838 lacobus
443 2773 478 2835 et
503 2762 674 2834 lohannes
702 2770 737 2834 et
760 2760 918 2856 Andreas
960 2753 1052 2834 ‘Dic
1077 2763 1178 2836 nobis
1204 2761 1343 2856 quando
1370 2762 1435 2833 ista
1460 2761 1565 2834 fient?
1592 2772 1627 2834 et
1652 2767 1751 2855 quod

274 2884 406 2976 signum
434 2883 498 2955 erit
523 2881 664 2976 quando
691 2881 919 2954 haecomnia
945 2883 1105 2976 incipient
1130 2881 1383 2955 consummari?
1425 2849 1750 2976 ὅ11111111111111

273 3005 368 3076 lesus
395 3004 511 3098 coepit
537 3003 656 3076 dicere
688 3001 751 3074 illis
784 3003 906 3076 Videte
939 3025 984 3074 ne
1011 3003 1087 3096 quis
1120 3025 1186 3076 vos
1211 3003 1370 3074 seducat:
1413 2995 1539 3074 ‘multi
1565 3006 1656 3076 enim
1682 3008 1748 3078 11-

273 3125 367 3196 nient
390 3126 424 3196 in
448 3125 590 3196 nomine
615 3143 706 3207 meo,
733 3122 888 3196 dicentes
915 3123 995 3216 quia
1021 3143 1089 3216 ego
1116 3145 1203 3206 sum,
1230 3131 1266 3193 et
1282 3123 1407 3194 multos
1426 3123 1602 3196 seducent.
1640 3115 1748 3200 ⁷Cum

274 3245 448 3318 audieritis
473 3253 589 3316 autem
616 3243 706 3314 bella
731 3253 767 3314 et
791 3245 971 3338 opiniones
996 3245 1171 3328 bellorum,
1198 3263 1242 3314 ne
1268 3243 1472 3316 timueritis:¹
1493 3253 1632 3338 oportet
1656 3241 1748 3318 enim

275 3364 363 3450 lieri;
390 3365 455 3438 sed
480 3363 634 3436 nondum
660 3363 745 3436 linis.
771 3355 974 3458 ⁸Exsurget
999 3373 1113 3436 autem
1139 3385 1226 3456 gens
1244 3372 1362 3434 contra
1386 3375 1526 3457 gentem
1550 3374 1586 3436 et
1602 3385 1748 3456 regnum

275 3507 381 3579 super
405 3507 560 3578 regnum,
588 3495 624 3555 et
649 3493 747 3556 erunt
771 3493 885 3558 terrae
911 3494 1025 3556 motus
1059 3506 1122 3578 per
1156 3485 1234 3554 loca
1266 3493 1301 3554 et
1326 3485 1444 3556 lomes.
1487 3485 1630 3556 11111111-
1645 3483 1747 3560 dolo-

276 3628 352 3676 rum
378 3607 475 3677 haec.
525 3597 641 3652 91311)
658 3603 781 3676 Videte
807 3613 921 3676 autem
946 3617 1085 3678 vosmet
1110 3606 1220 3698 ipsos:
1253 3602 1391 3676 tradent
1422 3607 1512 3678 euim
1537 3628 1603 3680 vos
1629 3609 1747 3680 conci-

275 3727 335 3812 liis,
363 3735 398 3798 et
423 3726 457 3796 in
483 3727 672 3822 synagogis
699 3726 912 3823 vapulabitis,
939 3735 975 3798 et
1001 3735 1080 3799 ante
1106 3724 1287 3820 praesides
1314 3735 1350 3796 et
1375 3747 1479 3820 reges
1503 3729 1636 3800 stabitis
1662 3749 1745 3822 pro-

274 3857 351 3942 pter
376 3868 444 3931 111,
471 3847 506 3918 11
531 3846 763 3940 testimonium
789 3846 862 3918 illis.
906 3837 1593 3943 101*(11)1111111111131111111111111
1612 3859 1748 3944 oportet

274 3967 467 4062 praedicari
498 3967 724 4060 evangelium.
776 3958 799 4002 ⁴¹
815 3957 904 4014 (Μ)
922 3967 964 4038 111
994 3989 1073 4039 cum
1107 3967 1268 4040 duxerint
1303 3989 1369 4040 vos
1408 3970 1601 4056 tradentes,
1642 3971 1747 4042 nolite

273 4089 512 4183 praecogitare
539 4089 623 4182 quid
647 4088 843 4180 loquamini,
871 4089 935 4160 sed
962 4088 1057 4182 quod
1083 4085 1201 4160 datum
1232 4089 1334 4160 vobis
1368 4091 1468 4162 fuerit
1500 4091 1535 4162 in
1566 4091 1622 4162 illa
1650 4091 1746 4171 hora,

200 4301 202 4307 Ι
274 4209 309 4280 id
335 4208 526 4300 loquimini:
553 4209 740 4279 nonenim
767 4210 850 4280 estis
875 4211 1147 4303 vos'loquentes
1174 4208 1239 4282 sed
1265 4210 1403 4304 spiritus
1429 4219 1577 4283 sanctus.
1620 4203 1647 4250 ⁴¹
1659 4213 1743 4282 Tra·

275 4328 335 4400 det
360 4338 474 4400 autem
500 4329 605 4399 irater
629 4331 768 4402 fratrem
795 4331 829 4401 in
854 4340 1002 4402 mortem
1034 4341 1071 4402 et
1101 4339 1212 4423 pater.
1236 4329 1355 4416 lilium,
1389 4341 1425 4402 et
1456 4327 1666 4423 consurgent
1689 4329 1747 4402 lilii

275 4448 309 4518 iu
340 4457 503 4542 parentes
536 4457 570 4519 11
601 4459 713 4521 morte
747 4449 907 4522 adficient
939 4447 1019 4536 eos,
1063 4444 1089 4490 ⁴³
1102 4461 1137 4522 et
1170 4451 1263 4524 eritis
1299 4452 1382 4524 odio
1416 4451 1575 4524 omnibus
1602 4457 1746 4542 propter

272 4589 400 4640 nomen
425 4589 557 4640 meum:
584 4571 642 4664 qui
668 4579 782 4642 autem
799 4569 995 4644 sustinuerit
1019 4571 1054 4642 in
1070 4571 1183 4656 linem,
1211 4572 1266 4643 bic
1283 4574 1399 4644 salvus
1416 4573 1487 4643 erit.
1519 4559 1647 4618 “ml
1660 4569 1745 4640 Cum

274 4685 389 4760 autem
422 4689 575 4762 videritis
609 4691 896 4763 abominationem
926 4692 1149 4766 desolationis
1180 4703 1328 4764 stantem
1360 4693 1418 4764 ubi
1444 4711 1513 4763 uon
1539 4690 1660 4774 debet,
1688 4690 1747 4782 qui

197 4875 200 4884 .
272 4810 356 4902 legit
380 4809 567 4902 intellegat,
594 4801 683 4858 (Μ
701 4821 782 4884 1111
807 4813 865 4904 qui
890 4813 924 4882 in
949 4813 1077 4884 ludaea
1102 4822 1181 4884 sunt
1205 4813 1335 4906 lirgiant
1358 4813 1393 4882 in
1418 4820 1570 4896 montes,
1596 4803 1672 4882 ¹⁵et
1689 4809 1747 4904 qui

273 4949 379 5024 super
412 4940 539 5004 tectum
571 4955 617 5004 ne
650 4932 841 5004 descendat
873 4934 908 5004 in
943 4933 1084 5005 domurn
1118 4953 1185 5004 nec
1217 4934 1364 5005 introeat
1395 4939 1433 5004 11
1463 4927 1560 5004 tollat
1591 4932 1673 5026 quid
1699 4932 1746 5004 de

274 5049 381 5122 domo
407 5073 487 5138 sua,
526 5045 688 5147 ω11111
714 5054 748 5124 in
774 5074 859 5144 agro
887 5053 951 5124 erit
975 5075 1044 5126 uon
1070 5061 1262 5126 revertatur
1288 5054 1530 5126 1111111111
1556 5049 1746 5139 vestimen-

272 5181 344 5244 tum
371 5189 480 5244 suum.
524 5165 549 5212 ¹⁷
562 5160 651 5223 (Μ)
669 5175 742 5246 Vae
767 5181 881 5244 autern
899 5173 1146 5268 praegnatibus
1172 5184 1208 5246 et
1228 5173 1459 5248 nutrientibus
1475 5174 1590 5246 inillis
1612 5174 1745 5248 diebus.

804 5293 870 5379 Xll,
898 5295 946 5364 119
973 5335 1024 5348 -
1050 5293 1128 5380 Xlll,
1158 5289 1215 5370 tt.

1365 5420 1446 5490 ll*
