4220 6124
377 399 450 470 286
835 397 1017 461 EPlSTULA
1043 397 1095 462 Ao
1123 400 1348 463 CORINTHIOS
1376 401 1409 462 ll.

376 605 463 676 sicut
488 603 622 698 plurimi
655 602 888 674 adulterantes
921 603 1068 674 verbum
1095 604 1168 688 dei,
1197 603 1261 676 sed
1288 625 1335 675 ex
1362 603 1572 686 sinceritate,
1606 602 1672 674 sed
1698 603 1787 675 sicut
1812 626 1858 676 ex

376 723 445 796 deo
473 745 589 794 coram
617 722 686 793 deo
713 723 747 792 in
774 721 907 794 Christo
933 724 1113 816 loquimur.

1095 999 1143 1069 ΠΙ.

451 1196 508 1250 'fl‘
525 1203 706 1298 lucipimus
741 1205 863 1275 iterum
895 1216 1034 1276 nosmet
1064 1206 1160 1299 ipsos
1185 1203 1458 1277 commendare?
1493 1213 1551 1288 aut
1577 1206 1743 1298 numquid
1770 1228 1855 1300 ege-

375 1345 452 1396 mus
478 1325 566 1396 sicut
592 1323 731 1417 quidam
759 1325 1051 1397 commendaticiis
1077 1326 1230 1420 epistulis
1257 1324 1303 1396 ad
1331 1346 1394 1396 vos
1421 1333 1479 1396 aut
1505 1345 1552 1394 ex
1577 1323 1706 1396 vobis‘?
1742 1319 1856 1421 2Epi-

375 1445 460 1516 stula
488 1451 607 1515 nostra
638 1465 704 1516 vos
737 1444 838 1529 estis,
872 1444 998 1538 scripta
1023 1445 1058 1515 in
1083 1445 1247 1517 cordibus
1272 1445 1407 1530 nostris,
1435 1465 1525 1537 quae
1552 1445 1655 1516 scitur
1682 1455 1718 1516 et
1734 1446 1856 1540 legitur

374 1563 419 1635 ab
446 1564 606 1635 omnibus
640 1563 851 1648 hominibus,
894 1557 1128 1638 ³manilestati
1160 1565 1321 1659 quoniam
1358 1565 1503 1659 epistula
1534 1565 1616 1636 estis
1642 1565 1763 1638 Christi
1790 1567 1854 1638 mi-

374 1684 515 1756 nistrata
548 1707 570 1756 a
603 1685 703 1756 nobis
736 1694 772 1755 et
803 1684 930 1779 scripta
963 1707 1033 1758 non
1066 1693 1259 1758 atramento
1292 1685 1357 1756 sed
1392 1685 1511 1780 spiritu
1538 1683 1699 1771 deiviri,
1727 1688 1854 1758 nonin

374 1804 499 1876 tabulis
536 1803 683 1897 lapideis
716 1804 781 1875 sed
814 1805 847 1875 in
886 1805 1010 1877 tabnlm
1045 1805 1162 1877 cordis
1195 1806 1396 1878 ramalibus.
1448 1796 1509 1850 ⁴1⁸)
1530 1805 1707 1878 Fiduciam
1740 1816 1854 1878 autem

375 1925 478 1996 talem
504 1925 675 1997 habemus
708 1947 772 2019 per
806 1924 974 1996 Christum
1005 1924 1053 1997 ad
1085 1923 1200 1997 deum.
1256 1917 1363 1996 ὃΝοιι
1395 1925 1491 2018 quod
1517 1925 1723 1997 sufficientes
1750 1927 1855 1998 simus

375 2044 527 2138 cogitare
554 2045 682 2138 aliquid
709 2067 730 2117 a
755 2043 856 2117 nobis
891 2046 990 2138 quasi
1023 2067 1070 2116 ex
1096 2044 1215 2129 nobis,
1251 2045 1315 2117 sed
1341 2043 1543 2117 sufficientia
1569 2056 1688 2116 nostra
1713 2067 1761 2116 ex
1787 2046 1854 2118 deo

375 2175 444 2251 est,
488 2157 577 2258 lqni
609 2173 644 2237 el
676 2165 823 2238 idoneos
856 2187 922 2237 nos
956 2166 1036 2238 lacit
1067 2165 1240 2238 ministros
1274 2166 1355 2236 novi
1389 2167 1601 2250 testamenti,
1629 2187 1699 2238 non
1725 2166 1855 2238 litterae

375 2284 439 2356 sed
466 2286 617 2379 spiritns:
643 2286 755 2360 httera
781 2286 870 2358 enim
897 2281 1216 2378 occiditffspiritus
1243 2294 1357 2356 autem
1383 2285 1540 2358 vivificat.
1579 2279 1710 2372 7Quod
1736 2287 1764 2358 si
1790 2287 1853 2359 mi-

237 2472 243 2490 ,
374 2405 527 2476 nistratio
561 2406 681 2478 mortis
706 2406 825 2478 litteris
858 2405 1053 2478 deformata
1083 2407 1118 2476 in
1151 2404 1322 2499 lapidibus
1354 2406 1415 2478 huit
1440 2407 1474 2476 in
1500 2406 1626 2498 gloria,
1654 2407 1710 2478 ita·
1726 2418 1763 2478 ut
1787 2428 1854 2480 non

374 2535 519 2618 possent
544 2525 723 2598 intendere
750 2525 807 2598 lilii
831 2526 961 2598 Israhel
986 2527 1020 2600 in
1046 2527 1168 2598 laniem
1195 2526 1280 2598 blosi
1306 2534 1450 2619 propter
1475 2526 1619 2618 gloriam
1645 2528 1758 2600 vultus
1782 2528 1854 2600 eius

374 2666 465 2737 quae
492 2653 694 2730 evacuatur,
743 2636 952 2738 ⁸quomod0
987 2668 1056 2718 non
1083 2646 1195 2738 magis
1226 2644 1426 2716 ministratio
1453 2646 1592 2739 spiritus
1626 2646 1691 2718 erit
1715 2647 1751 2718 in
1776 2648 1853 2740 glo-

373 2765 483 2836 riam‘l
526 2755 639 2836 ”Nam
667 2765 697 2836 si
722 2765 909 2848 ministerio
936 2767 1166 2858 damnationis
1200 2766 1403 2858 gloriaest,
1431 2767 1537 2838 multo
1564 2767 1676 2859 magis
1702 2759 1854 2840 abundat

373 2884 597 2958 ministerium
622 2885 771 2957 iustitiae
796 2887 830 2958 in
856 2888 975 2980 gloria.
1027 2879 1157 2960 10Νιιιιι
1183 2907 1249 2968 neo
1274 2882 1501 2980 glorificatum
1535 2885 1710 2980 estquod
1736 2887 1854 2958 olamit
1961 2934 1966 2942 -

372 3005 407 3074 in
433 3005 498 3076 hac
513 3055 515 3062 ι
530 3013 646 3098 parte,
672 3015 816 3099 propter
847 3009 1076 3082 excellentem
1111 2995 1265 3100 gloriam.
1317 2997 1339 3042 ⁴¹
1360 3005 1396 3076 Si
1428 3005 1518 3076 enim
1546 3007 1642 3100 quod
1668 3017 1855 3080 evacuatur

372 3125 609 3218 porgloriam
636 3134 699 3211 est,
726 3127 832 3198 multo
859 3129 971 3221 magis
996 3126 1093 3222 quod
1118 3135 1236 3200 manet
1257 3126 1292 3196 in
1317 3119 1485 3218 'gloriam
1510 3138 1572 3198 est.
1625 3119 1652 3166 ⁴²
1666 3116 1700 3174 (⁰)
1714 3128 1853 3200 Haben-

373 3254 427 3316 tes
453 3245 553 3338 igitur
579 3245 681 3318 talem
707 3267 807 3340 spem
833 3249 938 3320 multa
964 3247 1089 3320 fiducia
1113 3247 1254 3332 utimur,
1298 3237 1468 3318 13ειιιοιι
1495 3245 1582 3316 siout
1606 3246 1724 3319 hloses
1741 3267 1852 3340 pone-

372 3365 435 3438 bat
459 3366 619 3438 velamen
645 3387 752 3460 super
776 3367 899 3440 faciem
926 3389 1034 3454 suam,
1061 3376 1098 3438 ut
1123 3389 1193 3440 non
1210 3363 1428 3438 intenderent
1452 3365 1510 3436 lilii
1527 3365 1655 3440 israhel
1680 3367 1714 3438 in
1731 3368 1853 3440 laciem

296 3522 300 3534 ·
373 3487 447 3558 eius
479 3486 575 3580 quod
591 3495 802 3558 'evacuatur
855 3479 883 3526 ⁴‘
899 3487 971 3560 Sed
997 3488 1112 3561 obtusi
1138 3496 1216 3560 sunt
1242 3507 1368 3558 sensns
1399 3507 1530 3559 eomm.
1584 3486 1701 3580 Usque
1726 3487 1762 3558 in
1787 3487 1860 3560 ho-.

373 3607 530 3678 diemum
557 3607 649 3678 enim
675 3599 768 3678 diem
794 3605 831 3679 id
856 3607 967 3702 ipsum
994 3608 1156 3680 velamen
1180 3609 1216 3680 iu
1239 3608 1387 3680 lectione
1411 3608 1540 3680 veteris
1566 3609 1761 3680 testamenti
1778 3629 1853 3678 ma-

372 3736 432 3798 net
456 3747 527 3798 non
552 3727 742 3799 revelatum
776 3728 938 3821 quoniam
969 3727 1004 3798 in
1039 3727 1172 3800 Christo
1206 3736 1409 3812 evacuatur,
1453 3721 1480 3766 ’ὅ
1493 3727 1558 3800 sed
1589 3728 1761 3822 usque-iu
1787 3729 1852 3800 ho-

373 3846 530 3918 diemum
556 3846 657 3933 diem,
685 3835 764 3920 cnm
789 3847 913 3940 legitur
927 3848 1055 3936 Moses,
1081 3850 1240 3922 velamen
1267 3857 1320 3919 est
1345 3848 1494 3942 positum
1513 3869 1619 3942 super
1635 3869 1697 3920 cor
1714 3869 1851 3919 eornm:

374 3956 399 4002 ¹⁶
415 3987 493 4037 oum
521 3975 637 4044 autem
672 3987 862 4040 conversus
894 3969 995 4043 luerit
1020 3969 1068 4042 ad
1094 3969 1216 4053 deum,
1244 3969 1396 4040 autenm
1421 3969 1591 4042 velamen.
1644 3961 1670 4004 ¹⁷
1685 3967 1851 4055 Dominus

373 4095 488 4158 autem
515 4087 652 4181 spiritus
679 4098 750 4160 est:
777 4089 836 4162 ubi
863 4097 978 4162 antem
1004 4089 1142 4184 spiritus
1169 4088 1316 4174 domini,
1350 4088 1397 4160 ibi
1423 4089 1573 4160 libertas.
1626 4079 1652 4124 ⁴⁸
1667 4088 1739 4160 Nos
1767 4107 1850 4159 vero

371 4207 523 4280 revelata
557 4208 646 4280 laoie
679 4209 824 4302 gloriam
858 4209 988 4282 domini
1020 4209 1255 4304 speculantes,
1289 4209 1324 4278 in
1349 4208 1500 4282 eandem
1525 4209 1709 4302 imaginem
1738 4218 1850 4280 trans-

372 4329 559 4401 formamur
585 4311 606 4400 a
633 4329 785 4402 claritate
811 4330 845 4400 in
872 4330 1033 4414 claritate,
1060 4339 1237 4423 nmquam
1265 4351 1286 4400 a
1312 4323 1442 4400 domini
1469 4329 1595 4423 spiritu.

1087 4607 1137 4677 lv.

446 4805 559 4884 'ldeo
586 4811 755 4884 habentes
790 4811 879 4884 hanc
905 4810 1189 4884 ministrationem
1219 4809 1314 4882 iuxta
1340 4812 1436 4904 quod
1462 4809 1739 4882 misericordiam
1765 4829 1850 4881 con·
1939 4819 1942 4826 '

252 4997 258 5022 ,
371 4933 479 5004 secuti
514 4955 650 5016 sumus„
684 4955 754 5006 non
788 4931 981 5016 delinimus,
1025 4923 1121 5004 'sed
1155 4930 1358 5006 abdicamus
1394 4931 1528 5003 occulta
1555 4930 1755 5016 dedecoris,
1782 4951 1851 5002 non

371 5054 585 5126 ambulantes
611 5052 646 5124 in
673 5054 796 5126 astutia
821 5073 934 5146 neque
961 5050 1193 5126 adulterantes
1219 5052 1365 5124 verbum
1393 5051 1467 5136 dei,
1500 5050 1565 5122 sed
1591 5051 1626 5122 in
1651 5050 1851 5123 manifesta·-

371 5159 472 5246 tione'
490 5173 643 5246 veritatis
670 5173 954 5248 commendantes
979 5181 1117 5243 nosmet
1142 5171 1238 5264 ipsos
1265 5171 1311 5244 ad
1343 5191 1483 5244 omnem
1516 5171 1758 5244 conscientiam
1785 5169 1850 5242 ho-

950 5293 999 5377 ill,
1030 5295 1044 5362 l
1081 5331 1125 5344 -
1154 5293 1204 5378 IV,
1232 5295 1266 5366 2.
