4146 6120
419 386 492 456 398
928 383 1187 448 APOCALYPSIS
1213 385 1392 448 IOHANNlS

407 461 1880 508 ...ψῃ-μμ-

319 670 321 676 ,
416 592 511 664 dabo
547 590 590 659 illi
628 585 795 658 calculum
830 585 1017 656 candidum
1051 599 1086 658 et
1119 587 1152 657 iu
1188 582 1374 658 'calculum
1409 609 1539 660 nomeu
1569 610 1697 659 novum
1733 590 1892 682 seriptum,

415 709 512 804 quod
539 730 644 780 nomo
672 707 736 777 soit
760 706 826 775 nisi
855 706 911 796 qui
939 706 1071 798 accipit.
1125 696 1151 740 ⁴⁸
1163 705 1205 776 Et
1231 709 1356 798 angelo
1384 701 1590 801 ‘Tyathirae
1607 709 1778 780 ecclesiae
1803 704 1892 779 'scri-

280 837 283 844 '
413 832 483 902 bae
512 830 606 899 Haeo
633 827 716 898 dicit
741 825 828 897 lilius
855 823 923 908 dei,
951 826 1008 918 qui
1036 825 1143 895 habet
1169 823 1312 897 'oculos
1338 837 1514 919 tamquam
1541 828 1716 898 llammam
1742 827 1842 919 ignis,
1866 838 1895 898 ot

415 947 528 1042 pedes
562 947 638 1016 eius
673 944 802 1015 similes
837 945 1021 1015 orioaleho.
1075 934 1101 977 ¹⁹
1113 944 1202 1014 Novi
1234 967 1343 1037 opera
1379 955 1437 1018 tua
1469 955 1505 1016 et
1531 947 1709 1018 caritatem
1742 956 1780 1021 et¹
1795 935 1893 1018 'fidem

414 1079 451 1138 et
476 1065 700 1136 ministerium
728 1073 764 1134 et
790 1063 989 1156 patientiam
1016 1073 1126 1146 tuam,
1161 1073 1196 1134 et
1223 1086 1332 1158 opera
1359 1075 1416 1136 tua
1442 1067 1632 1136 novissima
1658 1067 1757 1160 plura
1777 1067 1894 1159 priori·
1953 1112 1958 1122 ,

412 1189 489 1257 bus.
540 1177 568 1220 ²⁰
586 1184 659 1255 Sed
685 1183 800 1254 babeo
829 1181 1000 1262 adversus
1026 1192 1060 1252 te
1087 1183 1168 1273 quia
1195 1179 1395 1276 'permittes
1418 1185 1598 1256 mulierem
1617 1186 1792 1269 Hiezabel,
1818 1207 1895 1277 quae

414 1327 453 1376 se
481 1303 562 1376 dicit
588 1302 798 1397 propheten,
827 1301 959 1402 dooere
987 1311 1022 1372 et
1048 1301 1217 1372 seducere
1245 1324 1370 1374 servos
1396 1325 1495 1374 meos
1522 1305 1681 1375 fornicari
1707 1315 1744 1375 et
1761 1285 1896 1376 manduss

415 1445 496 1494 care
530 1423 576 1493 de
611 1421 823 1515 idolothytis.
875 1413 898 1458 ²¹
914 1421 957 1491 Et
992 1420 1074 1491 dedi
1107 1419 1152 1489 illi
1187 1429 1326 1514 tempus
1359 1433 1396 1492 ut
1430 1424 1675 1515 paenitentiam
1711 1435 1843 1516 ageret,
1868 1435 1896 1492 et

415 1565 486 1614 uon
511 1543 584 1613 vult
608 1539 776 1634 paeniteri
813 1563 833 1611 a
867 1540 1094 1611 fornicatione
1129 1560 1203 1609 sua.
1255 1535 1386 1612 ”uoce
1413 1542 1510 1612 mitto
1538 1564 1616 1614 eam
1645 1544 1679 1613 in
1706 1543 1843 1626 lectum,
1867 1553 1896 1612 et

415 1664 473 1755 qui
500 1659 747 1732 ’moechantur
782 1681 859 1730 cum
894 1681 936 1729 ea
970 1659 1004 1728 in
1039 1658 1292 1729 tribulationem
1325 1660 1531 1745 maximam,
1566 1661 1631 1731 nisi
1663 1662 1894 1754 paenitentiam

416 1782 552 1874 egerint
577 1781 622 1851 ab
650 1779 816 1873 operibus
843 1779 923 1849 suis.
975 1769 1002 1814 ἤ
1019 1778 1062 1848 Et
1087 1776 1176 1848 lilios
1194 1779 1269 1850 eius
1287 1779 1488 1852 interficiam
1506 1779 1541 1848 in
1559 1788 1718 1865 mortem,
1748 1791 1784 1852 et
1800 1783 1895 1852 soient

295 1911 297 1918 ’
417 1921 541 1973 omnes
574 1899 745 1970 ecelesiae
776 1898 856 1991 quia
891 1919 959 1990 ego
992 1919 1068 1968 sum
1102 1907 1260 1968 scrutans
1292 1919 1397 1970 renes
1431 1907 1466 1969 et
1492 1897 1618 1983 eorda,
1645 1909 1680 1969 et
1708 1899 1803 1972 dabo
1829 1901 1894 1971 uni-

417 2021 541 2112 cuique
576 2028 731 2089 vestrum
765 2017 956 2089 secundum
991 2037 1099 2109 opera
1133 2027 1261 2088 vestra.
1305 2017 1413 2087 Vobis
1448 2027 1562 2088 autem
1596 2018 1695 2103 dico,
1740 2009 1768 2057 ²⁸
1784 2020 1895 2090 ceteris

418 2139 475 2231 qui
509 2137 695 2231 Tyathirae
730 2139 830 2221 estis,
866 2137 1075 2228 quicumque
1108 2157 1178 2206 nou
1212 2135 1342 2206 habent
1375 2135 1567 2208 doctrinam
1599 2137 1705 2223 hauc,
1748 2141 1805 2231 qui
1835 2160 1894 2208 non

417 2266 659 2349 cognoverunt
684 2250 887 2327 'altitudinis
915 2269 1066 2338 satanae,
1094 2253 1402 2346 quemammodum
1430 2255 1555 2326 dicunt.
1583 2257 1660 2328 Non
1687 2259 1818 2329 mittam
1844 2281 1891 2329 su·

419 2397 572 2469 pervus
600 2373 692 2446 aliud
718 2374 873 2466 pondus:
917 2365 944 2410 ᾗ
958 2383 1073 2444 tamen
1106 2373 1142 2444 id
1177 2372 1272 2463 quod
1306 2373 1443 2444 habetis
1477 2383 1592 2446 tenete
1619 2376 1735 2448 donec
1761 2378 1894 2449 veniam.

416 2487 582 2586 96Ειῳιὶ
608 2494 730 2564 vicerit
756 2494 875 2584 etqui
902 2492 1103 2565 custodierit
1127 2512 1239 2582 usque
1273 2492 1307 2561 in
1342 2493 1447 2564 finem
1480 2515 1589 2587 opera
1623 2517 1718 2582 mea,
1755 2497 1845 2568 dabo
1869 2487 1895 2564 ei

419 2622 625 2705 potestatem
653 2633 759 2704 super
785 2620 924 2704 gentes,
969 2605 994 2648 ²⁷
1011 2622 1046 2682 et
1071 2619 1171 2700 reget
1196 2611 1270 2680 illas
1295 2612 1328 2681 in
1355 2613 1453 2705 virga
1479 2615 1604 2698 lorrea,
1639 2623 1816 2708 tamquam
1840 2635 1895 2686 vas
2000 2677 2001 2680 ,

419 2731 514 2823 figuli
540 2731 803 2822 confringentur,
832 2730 918 2800 siout
943 2740 979 2800 et
1005 2751 1072 2822 ego
1096 2730 1259 2822 accepia
1286 2740 1385 2822 patre
1410 2753 1506 2817 meo,
1546 2725 1573 2772 ¹⁸
1590 2744 1625 2804 et
1646 2733 1741 2806 dabo
1760 2737 1804 2805 illi
1821 2735 1894 2806 stel-

418 2851 485 2921 lam
513 2849 723 2921 matutinam.
764 2843 791 2888 ²⁹
810 2850 875 2934 Qui
902 2849 1008 2920 habet
1033 2870 1170 2933 aurem,
1200 2848 1317 2920 audiat
1342 2851 1427 2942 quid
1453 2852 1593 2944 spiritus
1610 2851 1714 2924 'dicat
1741 2853 1894 2928 eeclesiis.

1139 3127 1187 3194 lll.

497 3323 506 3366 ¹
527 3331 570 3401 Et
596 3332 720 3423 angelo
749 3331 917 3402 ecelesiae
945 3331 1064 3404 Sardis
1092 3330 1205 3402 scribe
1232 3331 1328 3402 llaec
1354 3331 1436 3404 dicit
1462 3331 1520 3424 qui
1546 3331 1654 3403 habet
1671 3342 1809 3426 septem
1834 3329 1897 3422 spi-

421 3450 504 3522 ritus
531 3450 589 3521 dei
622 3461 657 3521 et
689 3460 825 3542 septem
861 3450 988 3522 stellas.
1035 3451 1114 3522 Soio
1148 3471 1256 3543 opera
1286 3461 1360 3534 tua,
1395 3451 1474 3543 quia
1506 3472 1635 3522 nomen
1666 3451 1781 3524 habes
1812 3447 1897 3542 quod
2000 3427 2001 3460 ¹

420 3570 528 3654 vivas,
556 3580 591 3641 et
616 3579 772 3641 mortuus
798 3589 848 3639 es.
900 3562 1013 3640 ’Esto
1041 3571 1195 3662 vigilans,
1223 3579 1259 3640 et
1284 3569 1451 3642 confirma
1477 3579 1594 3640 cetera
1627 3591 1717 3662 quae
1745 3571 1898 3642 moritura

422 3699 527 3760 erant.
572 3689 651 3759 Non
677 3687 767 3758 enim
794 3687 932 3759 invenio
960 3711 1070 3783 opera
1097 3699 1155 3760 tua
1180 3689 1282 3781 plena
1309 3711 1427 3760 coram
1440 3689 1523 3760 'deo
1557 3711 1648 3760 meo.
1700 3684 1768 3762 ³ln
1794 3697 1898 3761 mente

330 3837 334 3848 ·
422 3828 507 3901 ergo
535 3808 628 3880 habe
655 3808 800 3901 qualiter
826 3809 1004 3901 acceperis
1032 3818 1067 3880 et
1093 3808 1257 3892 audieris,
1293 3818 1329 3880 et
1354 3829 1458 3882 serva
1492 3817 1527 3878 et
1560 3810 1804 3902 paenitentiam
1829 3827 1898 3898 age.

423 3927 458 3997 Si
485 3948 571 4020 ergo
599 3947 669 3997 non
695 3926 901 4018 vigilaveris,
927 3927 1065 3999 veniam
1092 3928 1139 4000 ad
1164 3938 1199 3999 te
1225 3939 1402 4022 tamquam
1428 3930 1490 4013 sur,
1518 3939 1553 3999 et
1579 3929 1714 4000 nescies
1734 3951 1804 4023 qua
1822 3929 1898 3998 hora
2000 3907 2001 3912 ¹

422 4047 559 4142 veniam
586 4046 633 4118 ad
659 4056 704 4117 te.
756 4035 869 4117 *Seu
886 4045 996 4117 habes
1023 4069 1135 4139 pauca
1161 4048 1300 4120 nomina
1326 4047 1362 4116 in
1388 4047 1509 4119 Sardis·
1533 4049 1686 4140 quinon
1703 4049 1897 4142 inquinave-

422 4173 500 4237 runt
524 4165 732 4237 vestimenta
759 4185 831 4249 sua,
859 4175 895 4236 et
921 4166 1096 4240 ambulant
1122 4189 1259 4238 mecum
1285 4167 1320 4235 in
1346 4166 1443 4250 albis,
1471 4167 1550 4259 quia
1577 4167 1672 4260 digni
1698 4179 1787 4238 eunt.
1812 4159 1898 4249 ⁵Qul

421 4283 550 4368 vicerit,
577 4284 627 4354 sio
652 4284 819 4356 vestietur
844 4286 1058 4356 vestimentis
1086 4286 1183 4370 albis,
1210 4295 1246 4356 et
1270 4305 1340 4355 non
1367 4283 1494 4357 delebo
1526 4307 1655 4358 nomen
1687 4287 1762 4358 eius
1795 4286 1839 4359 de
1863 4283 1898 4352 li·
2000 4347 2001 4374 q

422 4402 488 4474 bro
515 4403 616 4487 vitae,
644 4415 680 4474 et
705 4403 898 4476 confitebor
923 4426 1050 4478 nomen
1077 4405 1151 4476 eius
1178 4425 1297 4476 coram
1322 4413 1422 4497 patre
1447 4427 1528 4477 meo
1564 4416 1600 4476 et
1631 4426 1750 4478 eoram
1778 4401 1899 4496 angelis

424 4523 527 4593 eius·
559 4513 658 4606 “Qui
685 4523 792 4594 habet
817 4544 946 4606 aurem,
974 4523 1091 4596 audiat
1124 4523 1207 4616 quid
1242 4523 1379 4616 spiritus
1405 4525 1499 4597 dicat
1532 4526 1694 4598 ecclesiis.
1746 4517 1820 4594 “Et
1844 4543 1899 4592 an·

423 4643 505 4734 gelo
531 4641 791 4736 Philadelphiae
818 4642 988 4712 ecclesiae
1016 4643 1129 4714 scribe
1155 4645 1249 4714 liaeo
1276 4641 1357 4714 dicit
1383 4655 1522 4716 sanetus
1548 4654 1585 4714 et
1611 4665 1732 4727 veruo,
1760 4643 1818 4734 qui
1844 4641 1898 4710 ha·
2000 4647 2001 4650 ’

423 4762 485 4832 bet
517 4763 650 4833 clavem
684 4761 812 4844 David;
848 4761 904 4851 qui
940 4763 1051 4854 aperit
1084 4773 1119 4832 et
1153 4783 1257 4833 nemo
1285 4757 1420 4848 'eludit
1455 4763 1559 4837 cludit
1592 4775 1627 4834 et
1647 4783 1760 4834 'nomo
1788 4759 1899 4854 aperit.

423 4872 535 4952 8Scio
562 4902 671 4972 opera
698 4891 772 4954 tua:
801 4901 885 4950 ecoe
913 4879 995 4951 dedi
1021 4902 1138 4953 coram
1166 4892 1200 4952 te
1219 4882 1344 4952 ostium
1363 4891 1530 4975 apertum,
1559 4883 1655 4974 quod
1672 4903 1775 4954 nemo
1793 4885 1900 4972 potest

425 4999 583 5084 cludere;
610 5001 691 5092 quia
718 5001 892 5072 modicam
920 5000 1031 5070 habes
1057 4999 1228 5084 virtutem,
1256 5010 1290 5070 et
1316 5002 1461 5074 servasti
1488 5001 1634 5074 verbum
1654 5023 1767 5072 meum
1786 5009 1820 5070 et
1838 5015 1899 5068 non

326 5119 328 5129 '
427 5120 560 5209 negasti
588 5141 716 5191 nomon
742 5143 869 5192 meum.
921 5112 1042 5191 ⁹Eoce
1069 5121 1163 5192 dabo
1191 5120 1237 5193 de
1265 5141 1446 5212 synagoga
1472 5131 1615 5193 satanae
1644 5123 1700 5214 qui
1728 5120 1842 5192 dicunt
1866 5133 1901 5210 ⁵⁰.

1004 5239 1039 5322 ll,
1072 5243 1115 5308 l8
1147 5277 1193 5290 -
1221 5239 1268 5323 lll,
1299 5242 1331 5308 9.
