<?xml version="1.0" encoding="UTF-8"?>
<!DOCTYPE html PUBLIC "-//W3C//DTD XHTML 1.0 Transitional//EN"
    "http://www.w3.org/TR/xhtml1/DTD/xhtml1-transitional.dtd">
<html xmlns="http://www.w3.org/1999/xhtml" xml:lang="en" lang="en">
 <head>
  <title>
</title>
<meta http-equiv="Content-Type" content="text/html;charset=utf-8" />
  <meta name='ocr-system' content='tesseract 3.04.00' />
  <meta name='ocr-capabilities' content='ocr_page ocr_carea ocr_par ocr_line ocrx_word'/>
</head>
<body>
  <div class='ocr_page' id='page_1' title='image "./novumtestamentu02tiscgoog_0409.png"; bbox 0 0 4146 6120; ppageno 0'>
   <div class='ocr_carea' id='block_1_1' title="bbox 268 319 1331 424">
    <p class='ocr_par' dir='ltr' id='par_1_1' title="bbox 268 319 1331 424">
     <span class='ocr_line' id='line_1_1' title="bbox 268 319 1331 424; baseline -0.013 -21"><span class='ocrx_word' id='word_1_1' title='bbox 268 411 275 424; x_wconf 49' lang='grc'><strong>,</strong></span> <span class='ocrx_word' id='word_1_2' title='bbox 344 319 430 402; x_wconf 81' lang='grc'>358’</span> <span class='ocrx_word' id='word_1_3' title='bbox 842 327 1024 392; x_wconf 75' lang='lat' dir='ltr'><strong>nrrsruna</strong></span> <span class='ocrx_word' id='word_1_4' title='bbox 1049 327 1102 391; x_wconf 73' lang='lat' dir='ltr'><strong>Au</strong></span> <span class='ocrx_word' id='word_1_5' title='bbox 1129 320 1331 390; x_wconf 71' lang='lat' dir='ltr'><strong>morinos</strong></span> 
     </span>
    </p>
   </div>
   <div class='ocr_carea' id='block_1_2' title="bbox 343 529 1832 1338">
    <p class='ocr_par' dir='ltr' id='par_1_2' title="bbox 343 529 1832 1338">
     <span class='ocr_line' id='line_1_2' title="bbox 343 529 1832 623; baseline -0.006 -14"><span class='ocrx_word' id='word_1_6' title='bbox 343 549 398 612; x_wconf 87' lang='lat' dir='ltr'><strong>est</strong></span> <span class='ocrx_word' id='word_1_7' title='bbox 433 537 500 608; x_wconf 88' lang='lat' dir='ltr'><strong>ulla</strong></span> <span class='ocrx_word' id='word_1_8' title='bbox 542 543 699 606; x_wconf 87' lang='lat' dir='ltr'><strong>creatura</strong></span> <span class='ocrx_word' id='word_1_9' title='bbox 735 531 912 604; x_wconf 85' lang='lat' dir='ltr'><strong>invisibilis</strong></span> <span class='ocrx_word' id='word_1_10' title='bbox 945 531 980 601; x_wconf 93' lang='lat' dir='ltr'><strong>in</strong></span> <span class='ocrx_word' id='word_1_11' title='bbox 1015 539 1204 623; x_wconf 90' lang='lat' dir='ltr'><strong>conspectu</strong></span> <span class='ocrx_word' id='word_1_12' title='bbox 1238 530 1326 613; x_wconf 84' lang='lat' dir='ltr'><strong>eius,</strong></span> <span class='ocrx_word' id='word_1_13' title='bbox 1369 529 1484 600; x_wconf 90' lang='lat' dir='ltr'><strong>omnia</strong></span> <span class='ocrx_word' id='word_1_14' title='bbox 1519 537 1634 600; x_wconf 88' lang='lat' dir='ltr'><strong>autem</strong></span> <span class='ocrx_word' id='word_1_15' title='bbox 1666 530 1763 603; x_wconf 88' lang='lat' dir='ltr'><strong>nuda</strong></span> <span class='ocrx_word' id='word_1_16' title='bbox 1795 539 1832 600; x_wconf 90' lang='lat' dir='ltr'><strong>et</strong></span> 
     </span>
     <span class='ocr_line' id='line_1_3' title="bbox 344 637 1831 750; baseline -0.006 -23"><span class='ocrx_word' id='word_1_17' title='bbox 344 665 466 750; x_wconf 89' lang='lat' dir='ltr'><strong>aperta</strong></span> <span class='ocrx_word' id='word_1_18' title='bbox 492 663 570 724; x_wconf 86' lang='lat' dir='ltr'><strong>sunt</strong></span> <span class='ocrx_word' id='word_1_19' title='bbox 596 651 703 724; x_wconf 88' lang='lat' dir='ltr'><strong>oculis</strong></span> <span class='ocrx_word' id='word_1_20' title='bbox 730 650 818 735; x_wconf 90' lang='lat' dir='ltr'><strong>eins,</strong></span> <span class='ocrx_word' id='word_1_21' title='bbox 853 650 899 722; x_wconf 92' lang='lat' dir='ltr'><strong>ad</strong></span> <span class='ocrx_word' id='word_1_22' title='bbox 934 671 1038 742; x_wconf 92' lang='lat' dir='ltr'><strong>quern</strong></span> <span class='ocrx_word' id='word_1_23' title='bbox 1065 649 1167 722; x_wconf 89' lang='lat' dir='ltr'><strong>nohis</strong></span> <span class='ocrx_word' id='word_1_24' title='bbox 1199 670 1324 720; x_wconf 87' lang='lat' dir='ltr'><strong>sermo.</strong></span> <span class='ocrx_word' id='word_1_25' title='bbox 1378 637 1597 720; x_wconf 70' lang='lat' dir='ltr'><strong>“Habentes</strong></span> <span class='ocrx_word' id='word_1_26' title='bbox 1625 669 1710 739; x_wconf 88' lang='lat' dir='ltr'><strong>crgo</strong></span> <span class='ocrx_word' id='word_1_27' title='bbox 1738 670 1831 740; x_wconf 94' lang='lat' dir='ltr'><strong>pon-</strong></span> 
     </span>
     <span class='ocr_line' id='line_1_4' title="bbox 344 767 1830 863; baseline -0.005 -17"><span class='ocrx_word' id='word_1_28' title='bbox 344 775 470 846; x_wconf 89' lang='lat' dir='ltr'><strong>tificem</strong></span> <span class='ocrx_word' id='word_1_29' title='bbox 496 794 670 863; x_wconf 87' lang='lat' dir='ltr'><strong>magnum,</strong></span> <span class='ocrx_word' id='word_1_30' title='bbox 699 770 757 862; x_wconf 94' lang='lat' dir='ltr'><strong>qui</strong></span> <span class='ocrx_word' id='word_1_31' title='bbox 784 769 979 862; x_wconf 88' lang='lat' dir='ltr'><strong>penetravit</strong></span> <span class='ocrx_word' id='word_1_32' title='bbox 1005 770 1132 852; x_wconf 87' lang='lat' dir='ltr'><strong>caelos,</strong></span> <span class='ocrx_word' id='word_1_33' title='bbox 1159 769 1272 838; x_wconf 89' lang='lat' dir='ltr'><strong>iesum</strong></span> <span class='ocrx_word' id='word_1_34' title='bbox 1300 767 1405 838; x_wconf 79' lang='lat' dir='ltr'><strong>filiurn</strong></span> <span class='ocrx_word' id='word_1_35' title='bbox 1432 767 1500 851; x_wconf 90' lang='lat' dir='ltr'><strong>dei,</strong></span> <span class='ocrx_word' id='word_1_36' title='bbox 1535 775 1720 838; x_wconf 86' lang='lat' dir='ltr'><strong>teneamus·</strong></span> <span class='ocrx_word' id='word_1_37' title='bbox 1743 789 1830 838; x_wconf 89' lang='lat' dir='ltr'><strong>oon-</strong></span> 
     </span>
     <span class='ocr_line' id='line_1_5' title="bbox 345 883 1832 981; baseline -0.004 -17"><span class='ocrx_word' id='word_1_38' title='bbox 345 895 541 966; x_wconf 91' lang='lat' dir='ltr'><strong>fessioncm.</strong></span> <span class='ocrx_word' id='word_1_39' title='bbox 594 883 715 962; x_wconf 75' lang='grc' dir='ltr'><strong>15Νοιι</strong></span> <span class='ocrx_word' id='word_1_40' title='bbox 750 889 842 960; x_wconf 90' lang='lat' dir='ltr'><strong>enirn</strong></span> <span class='ocrx_word' id='word_1_41' title='bbox 886 887 1057 959; x_wconf 87' lang='lat' dir='ltr'><strong>habemus</strong></span> <span class='ocrx_word' id='word_1_42' title='bbox 1084 885 1301 981; x_wconf 83' lang='lat' dir='ltr'><strong>&#39;pontificem</strong></span> <span class='ocrx_word' id='word_1_43' title='bbox 1345 887 1402 978; x_wconf 92' lang='lat' dir='ltr'><strong>qui</strong></span> <span class='ocrx_word' id='word_1_44' title='bbox 1441 908 1510 957; x_wconf 92' lang='lat' dir='ltr'><strong>non</strong></span> <span class='ocrx_word' id='word_1_45' title='bbox 1542 886 1653 978; x_wconf 88' lang='lat' dir='ltr'><strong>possit</strong></span> <span class='ocrx_word' id='word_1_46' title='bbox 1690 889 1832 980; x_wconf 85' lang='lat' dir='ltr'><strong>conpati</strong></span> 
     </span>
     <span class='ocr_line' id='line_1_6' title="bbox 345 999 1831 1100; baseline -0.005 -16"><span class='ocrx_word' id='word_1_47' title='bbox 345 1011 595 1084; x_wconf 89' lang='lat' dir='ltr'><strong>infirmitatibus</strong></span> <span class='ocrx_word' id='word_1_48' title='bbox 634 1007 777 1092; x_wconf 90' lang='lat' dir='ltr'><strong>uostris,</strong></span> <span class='ocrx_word' id='word_1_49' title='bbox 818 1015 1018 1099; x_wconf 90' lang='lat' dir='ltr'><strong>temptatum</strong></span> <span class='ocrx_word' id='word_1_50' title='bbox 1052 1016 1168 1079; x_wconf 91' lang='lat' dir='ltr'><strong>autem</strong></span> <span class='ocrx_word' id='word_1_51' title='bbox 1202 1029 1266 1100; x_wconf 90' lang='lat' dir='ltr'><strong>per</strong></span> <span class='ocrx_word' id='word_1_52' title='bbox 1307 1007 1421 1078; x_wconf 90' lang='lat' dir='ltr'><strong>omnia</strong></span> <span class='ocrx_word' id='word_1_53' title='bbox 1456 1026 1520 1098; x_wconf 95' lang='lat' dir='ltr'><strong>pro</strong></span> <span class='ocrx_word' id='word_1_54' title='bbox 1554 999 1831 1078; x_wconf 82' lang='lat' dir='ltr'><strong>&#39;similitudinem</strong></span> 
     </span>
     <span class='ocr_line' id='line_1_7' title="bbox 346 1117 1829 1224; baseline -0.005 -20"><span class='ocrx_word' id='word_1_55' title='bbox 346 1133 480 1224; x_wconf 78' lang='lat' dir='ltr'><strong>absque</strong></span> <span class='ocrx_word' id='word_1_56' title='bbox 513 1138 669 1222; x_wconf 89' lang='lat' dir='ltr'><strong>peccato.</strong></span> <span class='ocrx_word' id='word_1_57' title='bbox 722 1119 749 1164; x_wconf 71' lang='lat'><strong>¹⁶</strong></span> <span class='ocrx_word' id='word_1_58' title='bbox 763 1117 798 1172; x_wconf 63' lang='lat'><strong>‘⁰&#39;</strong></span> <span class='ocrx_word' id='word_1_59' title='bbox 815 1123 995 1198; x_wconf 79' lang='lat' dir='ltr'>Adeamus</span> <span class='ocrx_word' id='word_1_60' title='bbox 1026 1149 1112 1220; x_wconf 88' lang='lat' dir='ltr'><strong>ergo</strong></span> <span class='ocrx_word' id='word_1_61' title='bbox 1148 1149 1226 1198; x_wconf 91' lang='lat' dir='ltr'><strong>cum</strong></span> <span class='ocrx_word' id='word_1_62' title='bbox 1259 1125 1385 1197; x_wconf 89' lang='lat' dir='ltr'><strong>fiducia</strong></span> <span class='ocrx_word' id='word_1_63' title='bbox 1421 1124 1466 1196; x_wconf 91' lang='lat' dir='ltr'><strong>ad</strong></span> <span class='ocrx_word' id='word_1_64' title='bbox 1500 1124 1660 1196; x_wconf 84' lang='lat' dir='ltr'><strong>thronum</strong></span> <span class='ocrx_word' id='word_1_65' title='bbox 1686 1127 1829 1216; x_wconf 86' lang='lat' dir='ltr'><strong>gratiae,</strong></span> 
     </span>
     <span class='ocr_line' id='line_1_8' title="bbox 345 1243 1831 1338; baseline -0.005 -16"><span class='ocrx_word' id='word_1_66' title='bbox 345 1261 382 1322; x_wconf 94' lang='lat' dir='ltr'><strong>ut</strong></span> <span class='ocrx_word' id='word_1_67' title='bbox 408 1247 681 1322; x_wconf 89' lang='lat' dir='ltr'><strong>misericordiam</strong></span> <span class='ocrx_word' id='word_1_68' title='bbox 709 1265 964 1338; x_wconf 81' lang='lat' dir='ltr'><strong>consequamur</strong></span> <span class='ocrx_word' id='word_1_69' title='bbox 992 1258 1026 1318; x_wconf 92' lang='lat' dir='ltr'><strong>et</strong></span> <span class='ocrx_word' id='word_1_70' title='bbox 1052 1245 1196 1338; x_wconf 79' lang='lat' dir='ltr'><strong>gratiam</strong></span> <span class='ocrx_word' id='word_1_71' title='bbox 1216 1245 1430 1316; x_wconf 85' lang='lat' dir='ltr'><strong>inveniamus</strong></span> <span class='ocrx_word' id='word_1_72' title='bbox 1449 1244 1482 1314; x_wconf 92' lang='lat' dir='ltr'><strong>in</strong></span> <span class='ocrx_word' id='word_1_73' title='bbox 1499 1243 1626 1314; x_wconf 88' lang='lat' dir='ltr'><strong>auxilio</strong></span> <span class='ocrx_word' id='word_1_74' title='bbox 1646 1254 1831 1336; x_wconf 87' lang='lat' dir='ltr'><strong>oportuno.</strong></span> 
     </span>
    </p>
   </div>
   <div class='ocr_carea' id='block_1_3' title="bbox 1074 1524 1110 1592">
    <p class='ocr_par' dir='ltr' id='par_1_3' title="bbox 1074 1524 1110 1592">
     <span class='ocr_line' id='line_1_9' title="bbox 1074 1524 1110 1592; baseline 0 0"><span class='ocrx_word' id='word_1_75' title='bbox 1074 1524 1110 1592; x_wconf 89' lang='lat' dir='ltr'><strong>V.</strong></span> 
     </span>
    </p>
   </div>
   <div class='ocr_carea' id='block_1_4' title="bbox 347 1725 1837 2185">
    <p class='ocr_par' dir='ltr' id='par_1_4' title="bbox 347 1725 1837 2185">
     <span class='ocr_line' id='line_1_10' title="bbox 424 1725 1834 1822; baseline -0.004 -21"><span class='ocrx_word' id='word_1_76' title='bbox 424 1725 570 1803; x_wconf 72' lang='lat' dir='ltr'><strong>&#39;Omnis</strong></span> <span class='ocrx_word' id='word_1_77' title='bbox 602 1750 752 1822; x_wconf 90' lang='lat' dir='ltr'><strong>namque</strong></span> <span class='ocrx_word' id='word_1_78' title='bbox 786 1728 943 1822; x_wconf 80' lang='lat' dir='ltr'><strong>pontifex</strong></span> <span class='ocrx_word' id='word_1_79' title='bbox 983 1749 1030 1798; x_wconf 83' lang='lat' dir='ltr'><strong>ex</strong></span> <span class='ocrx_word' id='word_1_80' title='bbox 1070 1727 1266 1800; x_wconf 91' lang='lat' dir='ltr'><strong>hominibus</strong></span> <span class='ocrx_word' id='word_1_81' title='bbox 1300 1727 1505 1819; x_wconf 88' lang='lat' dir='ltr'><strong>adsumptus</strong></span> <span class='ocrx_word' id='word_1_82' title='bbox 1537 1747 1601 1818; x_wconf 95' lang='lat' dir='ltr'><strong>pro</strong></span> <span class='ocrx_word' id='word_1_83' title='bbox 1637 1725 1834 1798; x_wconf 88' lang='lat' dir='ltr'><strong>hominibus</strong></span> 
     </span>
     <span class='ocr_line' id='line_1_11' title="bbox 348 1843 1835 1939; baseline -0.006 -14"><span class='ocrx_word' id='word_1_84' title='bbox 348 1850 561 1924; x_wconf 87' lang='lat' dir='ltr'><strong>constituitur</strong></span> <span class='ocrx_word' id='word_1_85' title='bbox 587 1850 621 1919; x_wconf 93' lang='lat' dir='ltr'><strong>in</strong></span> <span class='ocrx_word' id='word_1_86' title='bbox 647 1849 701 1920; x_wconf 91' lang='lat' dir='ltr'><strong>his</strong></span> <span class='ocrx_word' id='word_1_87' title='bbox 728 1867 818 1939; x_wconf 90' lang='lat' dir='ltr'><strong>quae</strong></span> <span class='ocrx_word' id='word_1_88' title='bbox 846 1855 924 1918; x_wconf 92' lang='lat' dir='ltr'><strong>sunt</strong></span> <span class='ocrx_word' id='word_1_89' title='bbox 951 1846 997 1918; x_wconf 90' lang='lat' dir='ltr'><strong>ad</strong></span> <span class='ocrx_word' id='word_1_90' title='bbox 1023 1847 1140 1932; x_wconf 92' lang='lat' dir='ltr'><strong>deum,</strong></span> <span class='ocrx_word' id='word_1_91' title='bbox 1166 1855 1204 1917; x_wconf 91' lang='lat' dir='ltr'><strong>ut</strong></span> <span class='ocrx_word' id='word_1_92' title='bbox 1230 1845 1353 1918; x_wconf 80' lang='lat' dir='ltr'><strong>offerat</strong></span> <span class='ocrx_word' id='word_1_93' title='bbox 1387 1845 1481 1917; x_wconf 92' lang='lat' dir='ltr'><strong>dona</strong></span> <span class='ocrx_word' id='word_1_94' title='bbox 1515 1853 1551 1914; x_wconf 92' lang='lat' dir='ltr'><strong>et</strong></span> <span class='ocrx_word' id='word_1_95' title='bbox 1576 1843 1744 1917; x_wconf 86' lang='lat' dir='ltr'><strong>sacrificia</strong></span> <span class='ocrx_word' id='word_1_96' title='bbox 1769 1867 1835 1936; x_wconf 91' lang='lat' dir='ltr'><strong>pro</strong></span> 
     </span>
     <span class='ocr_line' id='line_1_12' title="bbox 347 1949 1837 2066; baseline -0.007 -22"><span class='ocrx_word' id='word_1_97' title='bbox 347 1971 519 2066; x_wconf 88' lang='lat' dir='ltr'><strong>peccatis,</strong></span> <span class='ocrx_word' id='word_1_98' title='bbox 562 1962 653 2059; x_wconf 76' lang='lat' dir='ltr'><strong>’qui</strong></span> <span class='ocrx_word' id='word_1_99' title='bbox 688 1965 878 2038; x_wconf 90' lang='lat' dir='ltr'><strong>condolere</strong></span> <span class='ocrx_word' id='word_1_100' title='bbox 911 1966 1024 2058; x_wconf 89' lang='lat' dir='ltr'><strong>possit</strong></span> <span class='ocrx_word' id='word_1_101' title='bbox 1055 1966 1108 2036; x_wconf 92' lang='lat' dir='ltr'><strong>his</strong></span> <span class='ocrx_word' id='word_1_102' title='bbox 1143 1967 1201 2059; x_wconf 90' lang='lat' dir='ltr'><strong>qui</strong></span> <span class='ocrx_word' id='word_1_103' title='bbox 1227 1966 1427 2058; x_wconf 75' lang='lat' dir='ltr'><strong>ignoranter</strong></span> <span class='ocrx_word' id='word_1_104' title='bbox 1453 1973 1582 2048; x_wconf 91' lang='lat' dir='ltr'><strong>errant,</strong></span> <span class='ocrx_word' id='word_1_105' title='bbox 1610 1949 1773 2055; x_wconf 90' lang='lat' dir='ltr'><strong>quouiam</strong></span> <span class='ocrx_word' id='word_1_106' title='bbox 1800 1973 1837 2034; x_wconf 89' lang='lat' dir='ltr'><strong>ot</strong></span> 
     </span>
     <span class='ocr_line' id='line_1_13' title="bbox 349 2077 1836 2185; baseline -0.005 -23"><span class='ocrx_word' id='word_1_107' title='bbox 349 2093 427 2185; x_wconf 87' lang='lat' dir='ltr'><strong>ipse</strong></span> <span class='ocrx_word' id='word_1_108' title='bbox 455 2087 686 2160; x_wconf 88' lang='lat' dir='ltr'><strong>circumdatus</strong></span> <span class='ocrx_word' id='word_1_109' title='bbox 720 2095 775 2156; x_wconf 91' lang='lat' dir='ltr'><strong>est</strong></span> <span class='ocrx_word' id='word_1_110' title='bbox 799 2084 1013 2169; x_wconf 86' lang='lat' dir='ltr'><strong>infirmitate,</strong></span> <span class='ocrx_word' id='word_1_111' title='bbox 1058 2077 1125 2156; x_wconf 85' lang='lat' dir='ltr'><strong>³et</strong></span> <span class='ocrx_word' id='word_1_112' title='bbox 1157 2094 1345 2179; x_wconf 91' lang='lat' dir='ltr'><strong>propterea</strong></span> <span class='ocrx_word' id='word_1_113' title='bbox 1381 2084 1505 2168; x_wconf 87' lang='lat' dir='ltr'><strong>debet,</strong></span> <span class='ocrx_word' id='word_1_114' title='bbox 1539 2081 1836 2174; x_wconf 89' lang='lat' dir='ltr'><strong>quemadmodum</strong></span> 
     </span>
    </p>
   </div>
   <div class='ocr_carea' id='block_1_5' title="bbox 348 2190 1839 3012">
    <p class='ocr_par' dir='ltr' id='par_1_5' title="bbox 348 2190 1839 2894">
     <span class='ocr_line' id='line_1_14' title="bbox 350 2190 1839 2302; baseline -0.005 -21"><span class='ocrx_word' id='word_1_115' title='bbox 350 2220 385 2281; x_wconf 90' lang='lat' dir='ltr'><strong>et</strong></span> <span class='ocrx_word' id='word_1_116' title='bbox 411 2229 476 2302; x_wconf 91' lang='lat' dir='ltr'><strong>pro</strong></span> <span class='ocrx_word' id='word_1_117' title='bbox 503 2206 652 2300; x_wconf 90' lang='lat' dir='ltr'><strong>populo,</strong></span> <span class='ocrx_word' id='word_1_118' title='bbox 687 2205 733 2274; x_wconf 88' lang='lat' dir='ltr'><strong>ita</strong></span> <span class='ocrx_word' id='word_1_119' title='bbox 768 2205 871 2276; x_wconf 89' lang='lat' dir='ltr'><strong>etiam</strong></span> <span class='ocrx_word' id='word_1_120' title='bbox 906 2225 971 2297; x_wconf 91' lang='lat' dir='ltr'><strong>pro</strong></span> <span class='ocrx_word' id='word_1_121' title='bbox 1007 2213 1121 2276; x_wconf 89' lang='lat' dir='ltr'><strong>semet</strong></span> <span class='ocrx_word' id='word_1_122' title='bbox 1153 2205 1231 2298; x_wconf 92' lang='lat' dir='ltr'><strong>ipso</strong></span> <span class='ocrx_word' id='word_1_123' title='bbox 1267 2205 1394 2275; x_wconf 84' lang='lat' dir='ltr'><strong>offerre</strong></span> <span class='ocrx_word' id='word_1_124' title='bbox 1426 2201 1680 2297; x_wconf 90' lang='lat' dir='ltr'><strong>propeccatis.</strong></span> <span class='ocrx_word' id='word_1_125' title='bbox 1732 2190 1839 2273; x_wconf 71' lang='lat' dir='ltr'><strong>*Nec</strong></span> 
     </span>
     <span class='ocr_line' id='line_1_15' title="bbox 350 2319 1836 2422; baseline -0.005 -24"><span class='ocrx_word' id='word_1_126' title='bbox 350 2329 532 2422; x_wconf 90' lang='lat' dir='ltr'><strong>quisquam</strong></span> <span class='ocrx_word' id='word_1_127' title='bbox 558 2323 662 2396; x_wconf 88' lang='lat' dir='ltr'><strong>sumit</strong></span> <span class='ocrx_word' id='word_1_128' title='bbox 677 2323 752 2394; x_wconf 72' lang='lat' dir='ltr'><strong>sini</strong></span> <span class='ocrx_word' id='word_1_129' title='bbox 778 2323 959 2406; x_wconf 88' lang='lat' dir='ltr'><strong>honorem,</strong></span> <span class='ocrx_word' id='word_1_130' title='bbox 988 2322 1053 2394; x_wconf 92' lang='lat' dir='ltr'><strong>sed</strong></span> <span class='ocrx_word' id='word_1_131' title='bbox 1079 2323 1137 2414; x_wconf 92' lang='lat' dir='ltr'><strong>qui</strong></span> <span class='ocrx_word' id='word_1_132' title='bbox 1163 2333 1308 2396; x_wconf 87' lang='lat' dir='ltr'><strong>vocatur</strong></span> <span class='ocrx_word' id='word_1_133' title='bbox 1334 2345 1355 2394; x_wconf 91' lang='lat' dir='ltr'><strong>a</strong></span> <span class='ocrx_word' id='word_1_134' title='bbox 1382 2323 1471 2404; x_wconf 90' lang='lat' dir='ltr'><strong>deo,</strong></span> <span class='ocrx_word' id='word_1_135' title='bbox 1505 2329 1683 2412; x_wconf 89' lang='lat' dir='ltr'><strong>tamquam</strong></span> <span class='ocrx_word' id='word_1_136' title='bbox 1708 2319 1836 2394; x_wconf 85' lang='lat' dir='ltr'><strong>Aaron.</strong></span> 
     </span>
     <span class='ocr_line' id='line_1_16' title="bbox 348 2439 1836 2535; baseline -0.003 -19"><span class='ocrx_word' id='word_1_137' title='bbox 348 2441 436 2516; x_wconf 80' lang='lat' dir='ltr'><strong>⁵Sic</strong></span> <span class='ocrx_word' id='word_1_138' title='bbox 463 2455 498 2513; x_wconf 91' lang='lat' dir='ltr'><strong>et</strong></span> <span class='ocrx_word' id='word_1_139' title='bbox 525 2442 678 2514; x_wconf 90' lang='lat' dir='ltr'><strong>Christus</strong></span> <span class='ocrx_word' id='word_1_140' title='bbox 704 2463 775 2512; x_wconf 94' lang='lat' dir='ltr'><strong>non</strong></span> <span class='ocrx_word' id='word_1_141' title='bbox 802 2451 915 2512; x_wconf 87' lang='lat' dir='ltr'><strong>semet</strong></span> <span class='ocrx_word' id='word_1_142' title='bbox 940 2441 1054 2532; x_wconf 92' lang='lat' dir='ltr'><strong>ipsum</strong></span> <span class='ocrx_word' id='word_1_143' title='bbox 1081 2441 1278 2512; x_wconf 89' lang='lat' dir='ltr'><strong>clarificavit</strong></span> <span class='ocrx_word' id='word_1_144' title='bbox 1305 2451 1341 2512; x_wconf 90' lang='lat' dir='ltr'><strong>ut</strong></span> <span class='ocrx_word' id='word_1_145' title='bbox 1366 2441 1525 2535; x_wconf 81' lang='lat' dir='ltr'><strong>pontifex</strong></span> <span class='ocrx_word' id='word_1_146' title='bbox 1551 2439 1659 2524; x_wconf 79' lang='lat' dir='ltr'><strong>fieret,</strong></span> <span class='ocrx_word' id='word_1_147' title='bbox 1687 2439 1750 2511; x_wconf 89' lang='lat' dir='ltr'><strong>sed</strong></span> <span class='ocrx_word' id='word_1_148' title='bbox 1777 2441 1836 2532; x_wconf 93' lang='lat' dir='ltr'><strong>qni</strong></span> 
     </span>
     <span class='ocr_line' id='line_1_17' title="bbox 350 2548 1836 2653; baseline -0.003 -19"><span class='ocrx_word' id='word_1_149' title='bbox 350 2567 485 2634; x_wconf 88' lang='lat' dir='ltr'><strong>locutus</strong></span> <span class='ocrx_word' id='word_1_150' title='bbox 512 2571 566 2630; x_wconf 89' lang='lat' dir='ltr'><strong>est</strong></span> <span class='ocrx_word' id='word_1_151' title='bbox 593 2562 639 2633; x_wconf 90' lang='lat' dir='ltr'><strong>ad</strong></span> <span class='ocrx_word' id='word_1_152' title='bbox 666 2581 747 2630; x_wconf 91' lang='lat' dir='ltr'><strong>eum</strong></span> <span class='ocrx_word' id='word_1_153' title='bbox 772 2559 876 2629; x_wconf 87' lang='lat' dir='ltr'><strong>Filius</strong></span> <span class='ocrx_word' id='word_1_154' title='bbox 902 2579 1001 2630; x_wconf 90' lang='lat' dir='ltr'><strong>meus</strong></span> <span class='ocrx_word' id='word_1_155' title='bbox 1029 2580 1069 2628; x_wconf 90' lang='lat' dir='ltr'><strong>es</strong></span> <span class='ocrx_word' id='word_1_156' title='bbox 1097 2569 1142 2644; x_wconf 95' lang='lat' dir='ltr'><strong>tu,</strong></span> <span class='ocrx_word' id='word_1_157' title='bbox 1170 2582 1239 2653; x_wconf 88' lang='lat' dir='ltr'><strong>ego</strong></span> <span class='ocrx_word' id='word_1_158' title='bbox 1266 2561 1372 2632; x_wconf 92' lang='lat' dir='ltr'><strong>hodie</strong></span> <span class='ocrx_word' id='word_1_159' title='bbox 1398 2559 1502 2653; x_wconf 86' lang='lat' dir='ltr'><strong>genui</strong></span> <span class='ocrx_word' id='word_1_160' title='bbox 1536 2567 1587 2644; x_wconf 92' lang='lat' dir='ltr'><strong>te;</strong></span> <span class='ocrx_word' id='word_1_161' title='bbox 1638 2548 1836 2650; x_wconf 83' lang='lat' dir='ltr'><strong>⁶quemad-</strong></span> 
     </span>
     <span class='ocr_line' id='line_1_18' title="bbox 352 2676 1836 2754; baseline -0.003 -2"><span class='ocrx_word' id='word_1_162' title='bbox 352 2681 497 2754; x_wconf 91' lang='lat' dir='ltr'><strong>modum</strong></span> <span class='ocrx_word' id='word_1_163' title='bbox 524 2689 559 2749; x_wconf 89' lang='lat' dir='ltr'><strong>et</strong></span> <span class='ocrx_word' id='word_1_164' title='bbox 585 2680 620 2750; x_wconf 94' lang='lat' dir='ltr'><strong>in</strong></span> <span class='ocrx_word' id='word_1_165' title='bbox 646 2679 713 2749; x_wconf 90' lang='lat' dir='ltr'><strong>alio</strong></span> <span class='ocrx_word' id='word_1_166' title='bbox 762 2677 844 2750; x_wconf 94' lang='lat' dir='ltr'><strong>dicit</strong></span> <span class='ocrx_word' id='word_1_167' title='bbox 870 2678 922 2748; x_wconf 90' lang='lat' dir='ltr'><strong>Tu</strong></span> <span class='ocrx_word' id='word_1_168' title='bbox 949 2699 989 2748; x_wconf 90' lang='lat' dir='ltr'><strong>es</strong></span> <span class='ocrx_word' id='word_1_169' title='bbox 1016 2677 1183 2750; x_wconf 85' lang='lat' dir='ltr'><strong>sacerdos</strong></span> <span class='ocrx_word' id='word_1_170' title='bbox 1209 2681 1244 2750; x_wconf 93' lang='lat' dir='ltr'><strong>in</strong></span> <span class='ocrx_word' id='word_1_171' title='bbox 1263 2689 1442 2751; x_wconf 88' lang='lat' dir='ltr'><strong>aeternum</strong></span> <span class='ocrx_word' id='word_1_172' title='bbox 1460 2676 1650 2748; x_wconf 89' lang='lat' dir='ltr'><strong>secundum</strong></span> <span class='ocrx_word' id='word_1_173' title='bbox 1678 2678 1836 2749; x_wconf 89' lang='lat' dir='ltr'><strong>ordinem</strong></span> 
     </span>
     <span class='ocr_line' id='line_1_19' title="bbox 349 2790 1838 2894; baseline -0.003 -22"><span class='ocrx_word' id='word_1_174' title='bbox 349 2797 616 2872; x_wconf 88' lang='lat' dir='ltr'><strong>Melchisedech.</strong></span> <span class='ocrx_word' id='word_1_175' title='bbox 667 2790 764 2882; x_wconf 72' lang='lat' dir='ltr'><strong>7Qui</strong></span> <span class='ocrx_word' id='word_1_176' title='bbox 791 2797 826 2866; x_wconf 92' lang='lat' dir='ltr'><strong>iu</strong></span> <span class='ocrx_word' id='word_1_177' title='bbox 853 2795 976 2868; x_wconf 70' lang='lat' dir='ltr'><strong>diebus</strong></span> <span class='ocrx_word' id='word_1_178' title='bbox 1002 2797 1115 2870; x_wconf 90' lang='lat' dir='ltr'><strong>caruis</strong></span> <span class='ocrx_word' id='word_1_179' title='bbox 1142 2819 1227 2869; x_wconf 88' lang='lat' dir='ltr'><strong>suae</strong></span> <span class='ocrx_word' id='word_1_180' title='bbox 1254 2819 1400 2894; x_wconf 88' lang='lat' dir='ltr'><strong>praeces</strong></span> <span class='ocrx_word' id='word_1_181' title='bbox 1427 2795 1763 2890; x_wconf 86' lang='lat' dir='ltr'><strong>supplicationesque</strong></span> <span class='ocrx_word' id='word_1_182' title='bbox 1790 2797 1838 2868; x_wconf 89' lang='lat' dir='ltr'><strong>ad</strong></span> 
     </span>
    </p>

    <p class='ocr_par' dir='ltr' id='par_1_6' title="bbox 353 2907 1836 3012">
     <span class='ocr_line' id='line_1_20' title="bbox 353 2907 1836 3012; baseline -0.001 -22"><span class='ocrx_word' id='word_1_183' title='bbox 353 2941 433 2992; x_wconf 91' lang='lat' dir='ltr'><strong>eum</strong></span> <span class='ocrx_word' id='word_1_184' title='bbox 460 2917 517 3012; x_wconf 92' lang='lat' dir='ltr'><strong>qui</strong></span> <span class='ocrx_word' id='word_1_185' title='bbox 544 2915 657 3008; x_wconf 90' lang='lat' dir='ltr'><strong>possit</strong></span> <span class='ocrx_word' id='word_1_186' title='bbox 683 2917 817 2986; x_wconf 90' lang='lat' dir='ltr'><strong>salvum</strong></span> <span class='ocrx_word' id='word_1_187' title='bbox 843 2907 936 2988; x_wconf 88' lang='lat' dir='ltr'><strong>iilum</strong></span> <span class='ocrx_word' id='word_1_188' title='bbox 963 2939 984 2987; x_wconf 90' lang='lat' dir='ltr'><strong>a</strong></span> <span class='ocrx_word' id='word_1_189' title='bbox 1010 2927 1123 2988; x_wconf 88' lang='lat' dir='ltr'><strong>morte</strong></span> <span class='ocrx_word' id='word_1_190' title='bbox 1150 2919 1266 2990; x_wconf 89' lang='lat' dir='ltr'><strong>facere</strong></span> <span class='ocrx_word' id='word_1_191' title='bbox 1293 2939 1371 2989; x_wconf 91' lang='lat' dir='ltr'><strong>cum</strong></span> <span class='ocrx_word' id='word_1_192' title='bbox 1398 2917 1551 2988; x_wconf 88' lang='lat' dir='ltr'><strong>clamore</strong></span> <span class='ocrx_word' id='word_1_193' title='bbox 1578 2914 1694 2988; x_wconf 87' lang='lat' dir='ltr'><strong>valido</strong></span> <span class='ocrx_word' id='word_1_194' title='bbox 1722 2925 1758 2990; x_wconf 91' lang='lat' dir='ltr'><strong>et</strong></span> <span class='ocrx_word' id='word_1_195' title='bbox 1783 2918 1836 2988; x_wconf 87' lang='lat' dir='ltr'><strong>la-</strong></span> 
     </span>
    </p>
   </div>
   <div class='ocr_carea' id='block_1_6' title="bbox 352 3027 1842 4320">
    <p class='ocr_par' dir='ltr' id='par_1_7' title="bbox 352 3027 1842 4320">
     <span class='ocr_line' id='line_1_21' title="bbox 352 3027 1839 3130; baseline -0.002 -21"><span class='ocrx_word' id='word_1_196' title='bbox 352 3035 469 3110; x_wconf 89' lang='lat' dir='ltr'><strong>crimis</strong></span> <span class='ocrx_word' id='word_1_197' title='bbox 501 3035 653 3106; x_wconf 84' lang='lat' dir='ltr'><strong>offerens</strong></span> <span class='ocrx_word' id='word_1_198' title='bbox 686 3043 722 3104; x_wconf 94' lang='lat' dir='ltr'><strong>et</strong></span> <span class='ocrx_word' id='word_1_199' title='bbox 756 3033 940 3106; x_wconf 81' lang='lat' dir='ltr'><strong>exauditus</strong></span> <span class='ocrx_word' id='word_1_200' title='bbox 972 3058 1037 3130; x_wconf 93' lang='lat' dir='ltr'><strong>pro</strong></span> <span class='ocrx_word' id='word_1_201' title='bbox 1073 3059 1136 3108; x_wconf 92' lang='lat' dir='ltr'><strong>sua</strong></span> <span class='ocrx_word' id='word_1_202' title='bbox 1168 3037 1379 3108; x_wconf 86' lang='lat' dir='ltr'><strong>reverentia:</strong></span> <span class='ocrx_word' id='word_1_203' title='bbox 1430 3027 1510 3082; x_wconf 52' lang='lat'>⁸1¹⁰)</span> <span class='ocrx_word' id='word_1_204' title='bbox 1525 3043 1561 3106; x_wconf 92' lang='lat' dir='ltr'><strong>et</strong></span> <span class='ocrx_word' id='word_1_205' title='bbox 1592 3034 1732 3127; x_wconf 91' lang='lat' dir='ltr'><strong>quidem</strong></span> <span class='ocrx_word' id='word_1_206' title='bbox 1758 3056 1839 3106; x_wconf 91' lang='lat' dir='ltr'><strong>cum</strong></span> 
     </span>
     <span class='ocr_line' id='line_1_22' title="bbox 353 3147 1840 3250; baseline -0.004 -20"><span class='ocrx_word' id='word_1_207' title='bbox 353 3165 449 3230; x_wconf 89' lang='lat' dir='ltr'><strong>esset</strong></span> <span class='ocrx_word' id='word_1_208' title='bbox 474 3153 572 3238; x_wconf 85' lang='lat' dir='ltr'><strong>filius,</strong></span> <span class='ocrx_word' id='word_1_209' title='bbox 601 3149 740 3226; x_wconf 89' lang='lat' dir='ltr'><strong>&#39;didicit</strong></span> <span class='ocrx_word' id='word_1_210' title='bbox 766 3175 813 3224; x_wconf 88' lang='lat' dir='ltr'><strong>ex</strong></span> <span class='ocrx_word' id='word_1_211' title='bbox 838 3153 893 3224; x_wconf 89' lang='lat' dir='ltr'><strong>his</strong></span> <span class='ocrx_word' id='word_1_212' title='bbox 921 3177 1012 3248; x_wconf 91' lang='lat' dir='ltr'><strong>quae</strong></span> <span class='ocrx_word' id='word_1_213' title='bbox 1039 3177 1167 3250; x_wconf 89' lang='lat' dir='ltr'><strong>passus</strong></span> <span class='ocrx_word' id='word_1_214' title='bbox 1194 3165 1249 3228; x_wconf 91' lang='lat' dir='ltr'><strong>est</strong></span> <span class='ocrx_word' id='word_1_215' title='bbox 1275 3155 1550 3239; x_wconf 91' lang='lat' dir='ltr'><strong>oboedientiam,</strong></span> <span class='ocrx_word' id='word_1_216' title='bbox 1595 3147 1840 3224; x_wconf 81' lang='lat' dir='ltr'><strong>⁹etconsum-</strong></span> 
     </span>
     <span class='ocr_line' id='line_1_23' title="bbox 353 3273 1839 3368; baseline -0.001 -22"><span class='ocrx_word' id='word_1_217' title='bbox 353 3289 464 3346; x_wconf 88' lang='lat' dir='ltr'><strong>matus</strong></span> <span class='ocrx_word' id='word_1_218' title='bbox 491 3275 600 3344; x_wconf 87' lang='lat' dir='ltr'><strong>factus</strong></span> <span class='ocrx_word' id='word_1_219' title='bbox 633 3282 688 3344; x_wconf 89' lang='lat' dir='ltr'><strong>est</strong></span> <span class='ocrx_word' id='word_1_220' title='bbox 720 3273 880 3344; x_wconf 92' lang='lat' dir='ltr'><strong>omnibus</strong></span> <span class='ocrx_word' id='word_1_221' title='bbox 914 3273 1235 3368; x_wconf 88' lang='lat' dir='ltr'><strong>obtemperantibus</strong></span> <span class='ocrx_word' id='word_1_222' title='bbox 1269 3275 1334 3346; x_wconf 91' lang='lat' dir='ltr'><strong>sibi</strong></span> <span class='ocrx_word' id='word_1_223' title='bbox 1369 3295 1474 3344; x_wconf 87' lang='lat' dir='ltr'><strong>eausa</strong></span> <span class='ocrx_word' id='word_1_224' title='bbox 1509 3274 1627 3344; x_wconf 91' lang='lat' dir='ltr'><strong>salutis</strong></span> <span class='ocrx_word' id='word_1_225' title='bbox 1662 3283 1839 3360; x_wconf 84' lang='lat' dir='ltr'><strong>aeternae,</strong></span> 
     </span>
     <span class='ocr_line' id='line_1_24' title="bbox 352 3385 1838 3488; baseline 0 -24"><span class='ocrx_word' id='word_1_226' title='bbox 352 3386 378 3431; x_wconf 80' lang='lat'><strong>⁴⁰</strong></span> <span class='ocrx_word' id='word_1_227' title='bbox 396 3393 588 3486; x_wconf 78' lang='lat' dir='ltr'><strong>appellatus</strong></span> <span class='ocrx_word' id='word_1_228' title='bbox 615 3413 635 3462; x_wconf 93' lang='lat' dir='ltr'><strong>a</strong></span> <span class='ocrx_word' id='word_1_229' title='bbox 662 3391 732 3464; x_wconf 90' lang='lat' dir='ltr'><strong>deo</strong></span> <span class='ocrx_word' id='word_1_230' title='bbox 759 3393 914 3488; x_wconf 87' lang='lat' dir='ltr'><strong>pontifex</strong></span> <span class='ocrx_word' id='word_1_231' title='bbox 939 3393 1036 3464; x_wconf 87' lang='lat' dir='ltr'><strong>iuxta</strong></span> <span class='ocrx_word' id='word_1_232' title='bbox 1063 3395 1221 3466; x_wconf 91' lang='lat' dir='ltr'><strong>ordinem</strong></span> <span class='ocrx_word' id='word_1_233' title='bbox 1238 3392 1502 3466; x_wconf 87' lang='lat' dir='ltr'><strong>Melchisedech.</strong></span> <span class='ocrx_word' id='word_1_234' title='bbox 1529 3385 1552 3429; x_wconf 78' lang='lat'><strong>⁴¹</strong></span> <span class='ocrx_word' id='word_1_235' title='bbox 1568 3395 1620 3464; x_wconf 89' lang='lat' dir='ltr'><strong>De</strong></span> <span class='ocrx_word' id='word_1_236' title='bbox 1645 3415 1713 3486; x_wconf 92' lang='lat' dir='ltr'><strong>quo</strong></span> <span class='ocrx_word' id='word_1_237' title='bbox 1732 3414 1838 3484; x_wconf 78' lang='lat' dir='ltr'><strong>grau-</strong></span> 
     </span>
     <span class='ocr_line' id='line_1_25' title="bbox 354 3511 1839 3604; baseline -0.001 -20"><span class='ocrx_word' id='word_1_238' title='bbox 354 3513 408 3584; x_wconf 91' lang='lat' dir='ltr'><strong>dis</strong></span> <span class='ocrx_word' id='word_1_239' title='bbox 439 3511 542 3582; x_wconf 89' lang='lat' dir='ltr'><strong>nohis</strong></span> <span class='ocrx_word' id='word_1_240' title='bbox 575 3531 692 3581; x_wconf 90' lang='lat' dir='ltr'><strong>sermo</strong></span> <span class='ocrx_word' id='word_1_241' title='bbox 728 3519 763 3582; x_wconf 93' lang='lat' dir='ltr'><strong>et</strong></span> <span class='ocrx_word' id='word_1_242' title='bbox 797 3511 1120 3604; x_wconf 86' lang='lat' dir='ltr'><strong>ininterpraetabilis</strong></span> <span class='ocrx_word' id='word_1_243' title='bbox 1148 3515 1194 3586; x_wconf 91' lang='lat' dir='ltr'><strong>ad</strong></span> <span class='ocrx_word' id='word_1_244' title='bbox 1228 3513 1429 3595; x_wconf 88' lang='lat' dir='ltr'><strong>dicendum,</strong></span> <span class='ocrx_word' id='word_1_245' title='bbox 1464 3512 1626 3604; x_wconf 90' lang='lat' dir='ltr'><strong>quoniam</strong></span> <span class='ocrx_word' id='word_1_246' title='bbox 1660 3511 1839 3582; x_wconf 89' lang='lat' dir='ltr'><strong>inbecilles</strong></span> 
     </span>
     <span class='ocr_line' id='line_1_26' title="bbox 353 3623 1841 3724; baseline 0 -22"><span class='ocrx_word' id='word_1_247' title='bbox 353 3631 431 3702; x_wconf 89' lang='lat' dir='ltr'><strong>facti</strong></span> <span class='ocrx_word' id='word_1_248' title='bbox 458 3630 542 3702; x_wconf 90' lang='lat' dir='ltr'><strong>estis</strong></span> <span class='ocrx_word' id='word_1_249' title='bbox 570 3628 616 3699; x_wconf 91' lang='lat' dir='ltr'><strong>ad</strong></span> <span class='ocrx_word' id='word_1_250' title='bbox 643 3628 863 3702; x_wconf 90' lang='lat' dir='ltr'><strong>audiendum.</strong></span> <span class='ocrx_word' id='word_1_251' title='bbox 915 3623 941 3667; x_wconf 75' lang='lat'><strong>¹²</strong></span> <span class='ocrx_word' id='word_1_252' title='bbox 953 3631 1089 3702; x_wconf 89' lang='lat' dir='ltr'><strong>Etenim</strong></span> <span class='ocrx_word' id='word_1_253' title='bbox 1116 3655 1196 3704; x_wconf 92' lang='lat' dir='ltr'><strong>curn</strong></span> <span class='ocrx_word' id='word_1_254' title='bbox 1224 3631 1391 3705; x_wconf 89' lang='lat' dir='ltr'><strong>deberitis</strong></span> <span class='ocrx_word' id='word_1_255' title='bbox 1408 3631 1565 3724; x_wconf 79' lang='lat' dir='ltr'><strong>magistri</strong></span> <span class='ocrx_word' id='word_1_256' title='bbox 1590 3651 1671 3702; x_wconf 89' lang='lat' dir='ltr'><strong>esse</strong></span> <span class='ocrx_word' id='word_1_257' title='bbox 1698 3639 1841 3724; x_wconf 85' lang='lat' dir='ltr'><strong>propter</strong></span> 
     </span>
     <span class='ocr_line' id='line_1_27' title="bbox 353 3748 1842 3844; baseline -0.001 -21"><span class='ocrx_word' id='word_1_258' title='bbox 353 3761 501 3844; x_wconf 88' lang='lat' dir='ltr'><strong>tempus,</strong></span> <span class='ocrx_word' id='word_1_259' title='bbox 529 3771 665 3820; x_wconf 88' lang='lat' dir='ltr'><strong>rursum</strong></span> <span class='ocrx_word' id='word_1_260' title='bbox 690 3748 852 3841; x_wconf 89' lang='lat' dir='ltr'><strong>indigetis</strong></span> <span class='ocrx_word' id='word_1_261' title='bbox 884 3759 921 3820; x_wconf 93' lang='lat' dir='ltr'><strong>ut</strong></span> <span class='ocrx_word' id='word_1_262' title='bbox 946 3771 1012 3820; x_wconf 87' lang='lat' dir='ltr'><strong>vos</strong></span> <span class='ocrx_word' id='word_1_263' title='bbox 1048 3750 1242 3824; x_wconf 90' lang='lat' dir='ltr'><strong>doceamini</strong></span> <span class='ocrx_word' id='word_1_264' title='bbox 1275 3772 1365 3844; x_wconf 91' lang='lat' dir='ltr'><strong>quae</strong></span> <span class='ocrx_word' id='word_1_265' title='bbox 1400 3750 1467 3820; x_wconf 91' lang='lat' dir='ltr'><strong>sint</strong></span> <span class='ocrx_word' id='word_1_266' title='bbox 1497 3750 1671 3822; x_wconf 89' lang='lat' dir='ltr'><strong>elementa</strong></span> <span class='ocrx_word' id='word_1_267' title='bbox 1703 3749 1842 3822; x_wconf 87' lang='lat' dir='ltr'><strong>exordii</strong></span> 
     </span>
     <span class='ocr_line' id='line_1_28' title="bbox 356 3867 1840 3963; baseline 0.001 -23"><span class='ocrx_word' id='word_1_268' title='bbox 356 3889 554 3940; x_wconf 86' lang='lat' dir='ltr'><strong>sermonum</strong></span> <span class='ocrx_word' id='word_1_269' title='bbox 589 3867 661 3954; x_wconf 84' lang='lat' dir='ltr'><strong>dei,</strong></span> <span class='ocrx_word' id='word_1_270' title='bbox 696 3877 732 3940; x_wconf 90' lang='lat' dir='ltr'><strong>et</strong></span> <span class='ocrx_word' id='word_1_271' title='bbox 764 3870 844 3940; x_wconf 88' lang='lat' dir='ltr'><strong>facti</strong></span> <span class='ocrx_word' id='word_1_272' title='bbox 876 3868 959 3940; x_wconf 88' lang='lat' dir='ltr'><strong>estis</strong></span> <span class='ocrx_word' id='word_1_273' title='bbox 993 3869 1118 3960; x_wconf 88' lang='lat' dir='ltr'><strong>quibus</strong></span> <span class='ocrx_word' id='word_1_274' title='bbox 1158 3872 1247 3944; x_wconf 90' lang='lat' dir='ltr'><strong>lacte</strong></span> <span class='ocrx_word' id='word_1_275' title='bbox 1282 3891 1370 3963; x_wconf 91' lang='lat' dir='ltr'><strong>opus</strong></span> <span class='ocrx_word' id='word_1_276' title='bbox 1406 3871 1463 3954; x_wconf 89' lang='lat' dir='ltr'><strong>sit,</strong></span> <span class='ocrx_word' id='word_1_277' title='bbox 1504 3891 1574 3940; x_wconf 92' lang='lat' dir='ltr'><strong>non</strong></span> <span class='ocrx_word' id='word_1_278' title='bbox 1607 3867 1719 3940; x_wconf 92' lang='lat' dir='ltr'><strong>solido</strong></span> <span class='ocrx_word' id='word_1_279' title='bbox 1751 3869 1840 3942; x_wconf 90' lang='lat' dir='ltr'><strong>cibo.</strong></span> 
     </span>
     <span class='ocr_line' id='line_1_29' title="bbox 356 3979 1842 4083; baseline 0.001 -25"><span class='ocrx_word' id='word_1_280' title='bbox 356 3979 382 4024; x_wconf 80' lang='lat'><strong>¹³</strong></span> <span class='ocrx_word' id='word_1_281' title='bbox 399 3987 520 4058; x_wconf 90' lang='lat' dir='ltr'><strong>Omnis</strong></span> <span class='ocrx_word' id='word_1_282' title='bbox 555 3987 646 4058; x_wconf 92' lang='lat' dir='ltr'><strong>enim</strong></span> <span class='ocrx_word' id='word_1_283' title='bbox 679 3989 737 4079; x_wconf 93' lang='lat' dir='ltr'><strong>qui</strong></span> <span class='ocrx_word' id='word_1_284' title='bbox 772 3989 869 4060; x_wconf 90' lang='lat' dir='ltr'><strong>lactis</strong></span> <span class='ocrx_word' id='word_1_285' title='bbox 904 3997 958 4060; x_wconf 92' lang='lat' dir='ltr'><strong>est</strong></span> <span class='ocrx_word' id='word_1_286' title='bbox 988 3990 1181 4082; x_wconf 90' lang='lat' dir='ltr'><strong>particeps,</strong></span> <span class='ocrx_word' id='word_1_287' title='bbox 1217 4011 1348 4083; x_wconf 87' lang='lat' dir='ltr'><strong>expers</strong></span> <span class='ocrx_word' id='word_1_288' title='bbox 1384 3996 1439 4058; x_wconf 91' lang='lat' dir='ltr'><strong>est</strong></span> <span class='ocrx_word' id='word_1_289' title='bbox 1471 3988 1644 4060; x_wconf 88' lang='lat' dir='ltr'><strong>sermonis</strong></span> <span class='ocrx_word' id='word_1_290' title='bbox 1676 3989 1842 4062; x_wconf 88' lang='lat' dir='ltr'><strong>iustitiae:</strong></span> 
     </span>
     <span class='ocr_line' id='line_1_30' title="bbox 355 4097 1840 4202; baseline 0.001 -24"><span class='ocrx_word' id='word_1_291' title='bbox 355 4107 636 4200; x_wconf 75' lang='lat' dir='ltr'><strong>pernumerem</strong></span> <span class='ocrx_word' id='word_1_292' title='bbox 663 4115 733 4178; x_wconf 85' lang='lat' dir='ltr'><strong>cst:</strong></span> <span class='ocrx_word' id='word_1_293' title='bbox 778 4097 804 4144; x_wconf 70' lang='lat'><strong>¹*</strong></span> <span class='ocrx_word' id='word_1_294' title='bbox 820 4107 1055 4202; x_wconf 88' lang='lat' dir='ltr'><strong>perfectorum</strong></span> <span class='ocrx_word' id='word_1_295' title='bbox 1086 4115 1201 4180; x_wconf 87' lang='lat' dir='ltr'><strong>autem</strong></span> <span class='ocrx_word' id='word_1_296' title='bbox 1233 4117 1288 4180; x_wconf 86' lang='lat' dir='ltr'><strong>cst</strong></span> <span class='ocrx_word' id='word_1_297' title='bbox 1320 4107 1452 4180; x_wconf 88' lang='lat' dir='ltr'><strong>solidus</strong></span> <span class='ocrx_word' id='word_1_298' title='bbox 1485 4107 1601 4196; x_wconf 90' lang='lat' dir='ltr'><strong>cibus,</strong></span> <span class='ocrx_word' id='word_1_299' title='bbox 1635 4128 1757 4180; x_wconf 88' lang='lat' dir='ltr'><strong>eorum</strong></span> <span class='ocrx_word' id='word_1_300' title='bbox 1783 4109 1840 4201; x_wconf 91' lang='lat' dir='ltr'><strong>qui</strong></span> 
     </span>
     <span class='ocr_line' id='line_1_31' title="bbox 357 4225 1841 4320; baseline 0.002 -24"><span class='ocrx_word' id='word_1_301' title='bbox 357 4249 421 4320; x_wconf 92' lang='lat' dir='ltr'><strong>pro</strong></span> <span class='ocrx_word' id='word_1_302' title='bbox 450 4225 702 4298; x_wconf 86' lang='lat' dir='ltr'><strong>consuetudine</strong></span> <span class='ocrx_word' id='word_1_303' title='bbox 729 4227 940 4298; x_wconf 81' lang='lat' dir='ltr'><strong>exercitatos</strong></span> <span class='ocrx_word' id='word_1_304' title='bbox 966 4227 1097 4300; x_wconf 90' lang='lat' dir='ltr'><strong>hahent</strong></span> <span class='ocrx_word' id='word_1_305' title='bbox 1123 4247 1246 4298; x_wconf 89' lang='lat' dir='ltr'><strong>seusus</strong></span> <span class='ocrx_word' id='word_1_306' title='bbox 1265 4226 1311 4300; x_wconf 90' lang='lat' dir='ltr'><strong>ad</strong></span> <span class='ocrx_word' id='word_1_307' title='bbox 1330 4226 1574 4299; x_wconf 88' lang='lat' dir='ltr'><strong>discretionem</strong></span> <span class='ocrx_word' id='word_1_308' title='bbox 1591 4226 1675 4300; x_wconf 92' lang='lat' dir='ltr'><strong>boni</strong></span> <span class='ocrx_word' id='word_1_309' title='bbox 1693 4249 1735 4298; x_wconf 90' lang='lat' dir='ltr'><strong>ac</strong></span> <span class='ocrx_word' id='word_1_310' title='bbox 1752 4227 1841 4300; x_wconf 83' lang='lat' dir='ltr'><strong>mali.</strong></span> 
     </span>
    </p>
   </div>
   <div class='ocr_carea' id='block_1_7' title="bbox 1077 4501 1128 4570">
    <p class='ocr_par' dir='ltr' id='par_1_8' title="bbox 1077 4501 1128 4570">
     <span class='ocr_line' id='line_1_32' title="bbox 1077 4501 1128 4570; baseline 0 0"><span class='ocrx_word' id='word_1_311' title='bbox 1077 4501 1128 4570; x_wconf 86' lang='lat' dir='ltr'><strong>Vi.</strong></span> 
     </span>
    </p>
   </div>
   <div class='ocr_carea' id='block_1_8' title="bbox 354 4694 1843 5040">
    <p class='ocr_par' dir='ltr' id='par_1_9' title="bbox 354 4694 1843 5040">
     <span class='ocr_line' id='line_1_33' title="bbox 434 4694 1843 4800; baseline 0.001 -26"><span class='ocrx_word' id='word_1_312' title='bbox 434 4694 508 4749; x_wconf 69' lang='lat'><strong>&#39;0¹’</strong></span> <span class='ocrx_word' id='word_1_313' title='bbox 529 4703 749 4800; x_wconf 87' lang='lat' dir='ltr'><strong>Quapropter</strong></span> <span class='ocrx_word' id='word_1_314' title='bbox 788 4706 1050 4784; x_wconf 87' lang='lat' dir='ltr'><strong>intermittentes</strong></span> <span class='ocrx_word' id='word_1_315' title='bbox 1085 4699 1332 4776; x_wconf 87' lang='lat' dir='ltr'><strong>&#39;inchoationis</strong></span> <span class='ocrx_word' id='word_1_316' title='bbox 1373 4705 1493 4778; x_wconf 91' lang='lat' dir='ltr'><strong>Christi</strong></span> <span class='ocrx_word' id='word_1_317' title='bbox 1535 4725 1756 4792; x_wconf 91' lang='lat' dir='ltr'><strong>sermonem,</strong></span> <span class='ocrx_word' id='word_1_318' title='bbox 1797 4705 1843 4776; x_wconf 91' lang='lat' dir='ltr'><strong>ad</strong></span> 
     </span>
     <span class='ocr_line' id='line_1_34' title="bbox 356 4817 1841 4918; baseline 0.001 -23"><span class='ocrx_word' id='word_1_319' title='bbox 356 4822 606 4918; x_wconf 81' lang='lat' dir='ltr'><strong>perfectionem</strong></span> <span class='ocrx_word' id='word_1_320' title='bbox 648 4827 814 4912; x_wconf 82' lang='lat' dir='ltr'><strong>feramur,</strong></span> <span class='ocrx_word' id='word_1_321' title='bbox 854 4849 925 4898; x_wconf 93' lang='lat' dir='ltr'><strong>non</strong></span> <span class='ocrx_word' id='word_1_322' title='bbox 957 4847 1092 4898; x_wconf 91' lang='lat' dir='ltr'><strong>rursum</strong></span> <span class='ocrx_word' id='word_1_323' title='bbox 1133 4817 1317 4896; x_wconf 86' lang='lat' dir='ltr'><strong>&#39;iacientes</strong></span> <span class='ocrx_word' id='word_1_324' title='bbox 1357 4825 1618 4900; x_wconf 88' lang='lat' dir='ltr'><strong>fundamentum</strong></span> <span class='ocrx_word' id='word_1_325' title='bbox 1658 4825 1841 4917; x_wconf 89' lang='lat' dir='ltr'><strong>paeniten-</strong></span> 
     </span>
     <span class='ocr_line' id='line_1_35' title="bbox 354 4937 1841 5040; baseline 0.001 -26"><span class='ocrx_word' id='word_1_326' title='bbox 354 4942 426 5014; x_wconf 85' lang='lat' dir='ltr'><strong>tiae</strong></span> <span class='ocrx_word' id='word_1_327' title='bbox 453 4942 497 5012; x_wconf 93' lang='lat' dir='ltr'><strong>ab</strong></span> <span class='ocrx_word' id='word_1_328' title='bbox 530 4944 696 5038; x_wconf 88' lang='lat' dir='ltr'><strong>operibus</strong></span> <span class='ocrx_word' id='word_1_329' title='bbox 722 4947 866 5018; x_wconf 90' lang='lat' dir='ltr'><strong>mortuis</strong></span> <span class='ocrx_word' id='word_1_330' title='bbox 900 4956 936 5018; x_wconf 91' lang='lat' dir='ltr'><strong>et</strong></span> <span class='ocrx_word' id='word_1_331' title='bbox 969 4945 1051 5018; x_wconf 89' lang='lat' dir='ltr'><strong>fidei</strong></span> <span class='ocrx_word' id='word_1_332' title='bbox 1087 4944 1132 5015; x_wconf 88' lang='lat' dir='ltr'><strong>ad</strong></span> <span class='ocrx_word' id='word_1_333' title='bbox 1170 4942 1296 5028; x_wconf 89' lang='lat' dir='ltr'><strong>deum,</strong></span> <span class='ocrx_word' id='word_1_334' title='bbox 1336 4937 1611 5040; x_wconf 71' lang='lat' dir='ltr'><strong>’baptismatum</strong></span> <span class='ocrx_word' id='word_1_335' title='bbox 1645 4943 1841 5030; x_wconf 89' lang='lat' dir='ltr'><strong>doctrinae,</strong></span> 
     </span>
    </p>
   </div>
   <div class='ocr_carea' id='block_1_9' title="bbox 357 5059 1844 5266">
    <p class='ocr_par' dir='ltr' id='par_1_10' title="bbox 357 5059 1844 5266">
     <span class='ocr_line' id='line_1_36' title="bbox 357 5059 1844 5166; baseline 0.003 -36"><span class='ocrx_word' id='word_1_336' title='bbox 357 5059 586 5156; x_wconf 89' lang='lat' dir='ltr'><strong>impositionis</strong></span> <span class='ocrx_word' id='word_1_337' title='bbox 628 5085 768 5158; x_wconf 91' lang='lat' dir='ltr'><strong>quoque</strong></span> <span class='ocrx_word' id='word_1_338' title='bbox 812 5086 976 5136; x_wconf 90' lang='lat' dir='ltr'><strong>manuum</strong></span> <span class='ocrx_word' id='word_1_339' title='bbox 1016 5083 1057 5134; x_wconf 92' lang='lat' dir='ltr'><strong>ac</strong></span> <span class='ocrx_word' id='word_1_340' title='bbox 1093 5061 1356 5135; x_wconf 87' lang='lat' dir='ltr'><strong>resurrectionis</strong></span> <span class='ocrx_word' id='word_1_341' title='bbox 1400 5073 1620 5166; x_wconf 87' lang='lat' dir='ltr'><strong>mortuorum</strong></span> <span class='ocrx_word' id='word_1_342' title='bbox 1655 5073 1692 5134; x_wconf 93' lang='lat' dir='ltr'><strong>et</strong></span> <span class='ocrx_word' id='word_1_343' title='bbox 1726 5062 1844 5136; x_wconf 90' lang='lat' dir='ltr'><strong>iudicii</strong></span> 
     </span>
     <span class='ocr_line' id='line_1_37' title="bbox 927 5180 1273 5266; baseline -0.006 -12"><span class='ocrx_word' id='word_1_344' title='bbox 927 5183 978 5265; x_wconf 85' lang='lat' dir='ltr'><strong>IV,</strong></span> <span class='ocrx_word' id='word_1_345' title='bbox 1009 5180 1054 5252; x_wconf 78' lang='lat' dir='ltr'><strong>ti</strong></span> <span class='ocrx_word' id='word_1_346' title='bbox 1086 5221 1130 5232; x_wconf 94' lang='lat'><em>-</em></span> <span class='ocrx_word' id='word_1_347' title='bbox 1159 5182 1210 5266; x_wconf 87' lang='lat' dir='ltr'><strong>Vi,</strong></span> <span class='ocrx_word' id='word_1_348' title='bbox 1239 5184 1273 5254; x_wconf 79' lang='lat'><strong>2.</strong></span> 
     </span>
    </p>
   </div>
   <div class='ocr_carea' id='block_1_10' title="bbox 0 0 2094 6116">
    <p class='ocr_par' dir='ltr' id='par_1_11' title="bbox 0 0 2094 6116">
     <span class='ocr_line' id='line_1_38' title="bbox 0 0 2094 6116; baseline 0 0"><span class='ocrx_word' id='word_1_349' title='bbox 0 0 2094 6116; x_wconf 95' lang='lat' dir='ltr'><strong> </strong></span> 
     </span>
    </p>
   </div>
  </div>
 </body>
</html>
