4254 6130
387 373 461 448 200
747 378 750 386 ¹
836 372 943 434 uram
969 371 1119 434 ucruuu
1146 337 1425 436 mosrouonuu

386 603 491 677 super
516 581 600 664 illos,
628 587 663 648 ct
690 575 905 678 accipiebant
930 577 1084 670 spiritum
1111 587 1275 648 sanctum.
1328 569 1354 616 ¹⁸
1367 578 1451 648 Cum
1485 577 1629 650 vidisset
1659 589 1774 650 autem
1794 581 1863 681 ¹Si-

386 725 467 775 mon
494 702 573 796 quia
599 720 663 792 per
688 697 930 790 inpositionem
963 718 1084 768 manus
1111 699 1346 792 apostolorum
1378 697 1519 770 daretur
1552 700 1688 794 spiritus
1715 710 1861 786 sauctus,

386 823 506 918 optulit
530 822 581 891 eis
606 818 785 912 pecuniam
831 809 857 854 ¹⁹
870 817 989 890 dicens
1023 817 1110 889 Date
1137 829 1173 890 et
1199 819 1281 892 mihi
1306 817 1395 890 hane
1411 827 1629 912 potestatem,
1655 829 1692 892 ut
1709 821 1862 893 ameum-

384 965 453 1037 que
479 943 664 1034 inposuere
691 959 813 1009 manus
840 935 984 1032 accipiat
1009 937 1162 1032 spiritum
1187 947 1354 1011 sanctum.
1399 938 1521 1010 Petrus
1548 948 1662 1011 autem
1689 933 1758 1013 'ad
1783 963 1862 1012 eum

384 1064 471 1136 dixit
512 1054 538 1100 ²⁰
555 1059 705 1132 Pecunia
730 1068 788 1130 tua
816 1067 928 1128 tecum
954 1057 998 1128 sit
1023 1058 1057 1128 iu
1083 1057 1323 1151 perditionem,
1340 1060 1514 1152 quoniam
1543 1057 1673 1131 donum
1700 1061 1758 1132 dei
1784 1063 1861 1133 exi-

245 1254 251 1264 ,
384 1182 527 1256 stimasti
552 1180 699 1275 pecunia
725 1178 909 1273 possideri.
960 1169 983 1215 ²⁴
1002 1177 1080 1248 Nou
1107 1179 1245 1250 esttibi
1271 1199 1353 1272 pars
1385 1201 1500 1272 neque
1533 1180 1672 1250 sorsin
1699 1203 1861 1254 sermone

383 1305 467 1376 hoc:
496 1323 557 1406 cor
583 1300 674 1372 euim
700 1309 794 1371 tuum
820 1321 890 1369 nou
916 1307 970 1368 est
994 1307 1126 1368 rectum
1153 1319 1269 1369 coram
1297 1298 1377 1371 deo.
1428 1293 1717 1373 ”Paenitentiam
1743 1303 1859 1396 itaque

384 1447 451 1517 age
477 1424 521 1494 ab
549 1423 614 1494 heo
638 1421 788 1514 nequitia
813 1427 881 1504 tua,
908 1428 944 1488 et
968 1438 1055 1510 roge
1082 1417 1186 1490 deum
1212 1419 1242 1488 si
1267 1419 1355 1491 sorte
1381 1420 1571 1492 remittatur
1596 1421 1656 1492 tibi
1682 1422 1770 1496 haec
1796 1446 1859 1496 co·

383 1545 502 1638 gitatio
529 1541 644 1613 cordis
671 1541 733 1612 tui:
777 1532 852 1610 2³iu
878 1539 955 1610 selle
981 1537 1073 1610 euim
1099 1539 1332 1612 amaritudinis
1366 1549 1401 1610 et
1436 1540 1645 1634 obligatione
1675 1541 1859 1636 iniquitatis

383 1665 488 1737 video
515 1675 550 1734 te
577 1685 666 1734 esse.
718 1650 745 1698 Ἃ
760 1660 989 1753 Respondeas
1016 1669 1130 1731 autem
1157 1659 1276 1730 Simon
1301 1659 1387 1732 dixit
1412 1660 1603 1732 Precamini
1628 1685 1692 1733 vos
1718 1685 1783 1756 pro
1801 1687 1858 1735 me

383 1786 428 1857 ad
462 1784 652 1868 domiuum,
686 1791 723 1852 ut
753 1781 831 1851 nihil
866 1780 979 1852 veniat
1010 1802 1115 1873 super
1144 1801 1201 1850 me
1234 1779 1357 1851 horum
1390 1801 1480 1873 quae
1511 1781 1654 1854 dixistis.
1706 1776 1787 1856 Pllt
1813 1786 1858 1856 illi

382 1906 521 2000 quidem
548 1901 715 1974 testificati
741 1909 776 1970 et
801 1899 902 1970 locuti
926 1900 1071 1971 verbum
1098 1899 1228 1972 domiui
1245 1899 1425 1971 rediebant
1441 1901 1688 1995 Hierosolyma,
1716 1914 1752 1974 et
1769 1905 1857 1976 mul-

382 2029 423 2098 tis
457 2023 657 2118 regionibus
691 2019 979 2092 Samaritanorum
1015 2019 1306 2114 evangelizabant.
1358 2013 1553 2114 ”Angelus
1586 2032 1701 2094 autem
1728 2023 1857 2096 domiui

381 2151 514 2219 locutus
547 2153 601 2214 est
633 2142 678 2213 ad
712 2140 901 2234 Philippum
933 2140 1052 2212 diceus
1085 2142 1195 2234 Surge
1229 2149 1264 2210 et
1293 2140 1385 2212 vade
1411 2152 1533 2214 contra
1558 2143 1784 2215 meridianum
1811 2145 1857 2216 ad

381 2268 472 2338 viam
500 2287 591 2357 quae
617 2260 797 2335 descendit
823 2261 867 2332 ab
894 2261 1106 2332 Hierusalem
1131 2262 1166 2332 iu
1194 2261 1336 2348 Gazam3
1373 2261 1462 2334 haec
1493 2273 1547 2334 est
1572 2263 1722 2334 deserta.
1773 2256 1800 2302 ²⁷
1816 2265 1857 2336 Et

306 2405 308 2413 ’
382 2408 528 2479 surgens
555 2385 651 2456 abiit:
669 2407 672 2414 ·
688 2392 724 2453 et
756 2401 840 2451 ecce
864 2380 917 2450 vir
948 2379 1116 2475 Aethiops
1148 2380 1325 2452 eunuchus
1353 2391 1479 2475 potens
1514 2383 1681 2455 Candacis
1715 2385 1855 2476 reginae

381 2507 597 2598 Aethiopum,
625 2503 683 2596 qui
709 2510 784 2572 erat
809 2521 915 2594 super
940 2521 1063 2574 omues
1089 2523 1197 2594 gazas
1223 2502 1306 2586 eius,
1332 2513 1474 2574 venerat
1499 2504 1648 2576 adorare
1673 2505 1708 2574 iu
1733 2503 1854 2576 Hieru—
1897 2497 1905 2507 ’

382 2629 504 2710 salem,
546 2615 574 2662 ⁸
591 2633 627 2695 et
651 2622 889 2694 revertebatur
915 2621 1045 2693 sedens
1072 2644 1177 2716 super
1202 2645 1338 2694 currum
1365 2644 1463 2694 suum
1490 2625 1681 2717 legensque
1698 2625 1853 2718 prophe-

381 2759 451 2820 tam
476 2745 622 2818 Esaiam.
674 2734 701 2780 P
717 2742 808 2812 nixu
838 2750 951 2812 autem
983 2743 1120 2836 spiritus
1155 2742 1310 2838 Philippo
1336 2741 1478 2814 Accede
1512 2755 1547 2816 et
1573 2745 1721 2838 adiunge
1746 2754 1781 2816 te
1808 2747 1854 2818 ad

382 2890 517 2940 currum
543 2867 653 2938 istum.
687 2855 714 2900 ³⁰
730 2861 927 2934 Adeurreus
944 2872 1057 2934 autem
1076 2863 1250 2958 Philippus
1268 2862 1397 2936 audivit
1412 2864 1503 2936 illum
1527 2866 1699 2962 legentem
1716 2866 1853 2938 Esaiam

381 2987 596 3084 prophetam,
624 2994 658 3054 et
683 2983 769 3055 dixit
794 2983 940 3054 Putasne
965 2983 1132 3075 intellegis
1158 3005 1248 3076 quae
1273 2983 1385 3084 legis?
1427 2975 1451 3020 ³¹
1468 2985 1531 3070 Qui
1555 2985 1601 3056 ait
1615 2985 1658 3056 Et
1675 2987 1852 3079 quomodo

380 3129 536 3202 possum,
563 3108 593 3178 si
617 3127 687 3176 non
713 3103 832 3196 ahquis
859 3103 1047 3174 ostenderit
1072 3104 1180 3174 mihi?
1212 3104 1425 3198 Rogavitque
1450 3104 1641 3200 Philipptuu
1667 3115 1704 3178 ut
1729 3129 1852 3178 asceu-

277 3267 282 3278 ·
381 3229 481 3300 deret
506 3236 542 3298 et
574 3224 714 3296 sederet
744 3245 872 3295 seeum.
924 3214 1074 3294 ³²L0cus
1105 3233 1219 3296 autem
1254 3225 1443 3318 scripturae
1476 3247 1586 3318 quem·
1614 3227 1754 3320 legebat
1779 3237 1853 3298 erat

380 3349 435 3419 hic
461 3347 649 3439 Tamquam
675 3344 751 3415 ovis
776 3344 821 3416 ad
848 3343 1055 3417 occisionem
1082 3343 1204 3416 ductus
1231 3354 1293 3431 est,
1320 3354 1356 3416 et
1381 3345 1469 3416 sieut
1494 3367 1603 3439 agnus
1629 3369 1747 3418 coram
1772 3357 1852 3419 ton-

381 3470 485 3542 dente
511 3489 551 3540 se
577 3466 651 3537 siue
676 3485 773 3550 voce,
801 3465 851 3535 sic
876 3486 946 3536 nou
972 3463 1106 3557 aperuit
1138 3486 1179 3535 os
1206 3487 1315 3536 suum.
1367 3457 1394 3502 ³³
1409 3467 1446 3535 lu
1478 3467 1663 3538 humilitate
1692 3466 1850 3539 iudicium

381 3589 454 3661 eius
480 3587 650 3660 sublatum
676 3595 738 3656 est.
792 3583 1053 3656 Generatioucm
1085 3583 1171 3655 iuius
1196 3585 1273 3678 quis
1298 3585 1494 3658 enarrabit?
1530 3588 1690 3680 quoniam
1717 3588 1853 3658 tolletur

381 3732 402 3780 a
427 3719 518 3780 terra
544 3707 612 3778 vita
640 3705 722 3776 eius.
773 3693 1038 3799 ³‘despondens
1064 3714 1178 3776 autem
1206 3705 1381 3776 eunuchus
1406 3705 1562 3799 Philippo
1589 3705 1677 3777 dixit
1694 3706 1849 3777 Obsecro

382 3839 425 3914 te,
453 3829 498 3900 de
524 3847 593 3921 quo
625 3825 795 3919 propheta
828 3824 896 3895 hoe
928 3823 1035 3896 dicit?
1068 3824 1115 3897 de
1141 3845 1196 3909 sc,
1224 3847 1269 3896 au
1295 3825 1341 3896 de
1367 3825 1434 3898 alio
1460 3826 1601 3919 abque?
1643 3818 1850 3919 ³⁵Aperiens

381 3959 494 4020 autem
520 3946 693 4039 Philippus
720 3967 760 4016 os
786 3967 885 4016 suum
911 3953 946 4016 et
971 3943 1135 4037 iucipiens
1163 3945 1207 4018 ab
1242 3945 1408 4040 scriptura
1433 3946 1500 4018 ista
1533 3945 1780 4038 evangelizavit
1805 3945 1850 4016 illi

250 4081 255 4092 ’
379 4069 499 4140 lesum.
550 4059 577 4104 ³⁶
593 4067 635 4136 Et
660 4065 743 4137 dum
769 4065 856 4136 irent
880 4085 945 4159 per
969 4064 1072 4149 dam,
1098 4075 1268 4136 venerumt
1299 4067 1346 4139 ad
1372 4065 1546 4161 quandam
1572 4087 1715 4160 aquam,
1743 4075 1777 4137 et
1803 4066 1850 4136 ait

379 4187 553 4261 eunuchus
584 4186 676 4257 Ecce
708 4206 813 4278 aqua:
848 4182 930 4279 quid
967 4183 1128 4278 prohibet
1166 4207 1222 4256 me
1256 4181 1464 4281 baptizari‘l'
1514 4177 1541 4224 ³⁸
1556 4185 1599 4255 Et
1631 4185 1727 4258 iussit
1758 4194 1851 4258 stare

380 4315 594 4392 canumet
625 4305 877 4378 descenderunt
910 4313 1053 4398 uterque
1085 4305 1119 4376 iu
1151 4327 1292 4398 aquam,
1327 4306 1502 4402 Philippus
1533 4315 1578 4387 et,
1594 4307 1787 4392 eunuchus,
1815 4317 1850 4378 et

378 4427 564 4524 baptizavit
589 4447 677 4496 eum.
728 4417 756 4464 ³⁰
773 4425 854 4496 Cum
882 4435 996 4497 autem
1022 4426 1259 4498 ascendissent
1284 4428 1330 4500 de
1358 4449 1457 4520 aqua,
1484 4427 1621 4520 spiritus
1644 4426 1773 4498 domiui
1791 4447 1848 4498 ra-

378 4550 450 4646 puit
475 4547 676 4641 Philippum,
703 4557 738 4618 et
762 4545 907 4639 amphus
933 4569 1003 4618 uon
1028 4547 1112 4619 vidit
1137 4569 1216 4618 eum
1243 4547 1433 4619 eunuchus:
1459 4547 1533 4620 ibat
1558 4547 1648 4620 enim
1675 4569 1740 4642 per
1756 4546 1846 4618 viam

379 4693 477 4742 suam
503 4667 670 4761 gaudeus.
721 4655 748 4704 ⁴⁰
763 4665 937 4760 Philippus
964 4677 1079 4740 autem
1104 4669 1260 4739 inventus
1286 4678 1339 4740 est
1364 4667 1398 4738 iu
1414 4667 1535 4753 Azoto,
1562 4677 1598 4739 et
1613 4667 1847 4762 pertransiens

379 4788 640 4883 evangelizabat
664 4787 853 4862 civitatibus
879 4788 1007 4862 eunctis
1033 4788 1146 4860 donec
1171 4788 1303 4860 veniret
1327 4788 1542 4862 Caesaream.

406 4895 413 4915 “
952 4909 1029 4994 vm,
1060 4912 1104 4980 m
1136 4949 1180 4962 -
1211 4907 1268 4979 ic.
