4220 6124
361 392 436 460 300
880 389 1061 456 EPISTULA
1086 389 1138 454 ΑΙ)
1165 389 1340 456 amaras

363 596 455 668 enim
483 616 573 688 quae
599 593 759 665 destruxi
784 591 873 664 haec
899 595 1022 666 iterum
1048 595 1253 680 reaedifico,
1286 595 1604 688 praevaricatorem
1634 615 1692 666 me
1723 597 1853 668 consti-

364 725 433 787 tuo.
487 707 604 806 ⁴9ligo
631 711 721 783 enim
748 711 953 805 perlegam
979 713 1049 805 legi
1074 724 1231 786 mortuus
1264 735 1340 786 sum
1374 723 1412 786 ut
1445 714 1514 788 deo
1547 715 1681 801 vivam;
1717 715 1852 787 Christo

365 833 525 906 confixus
548 855 625 904 sum
653 832 754 902 cruci.
784 823 911 904 ”Vivo
938 843 1054 906 autem
1080 834 1148 904 iam
1175 855 1246 906 non
1272 855 1351 926 ego,
1375 835 1472 906 vivet
1497 836 1645 907 veroin
1669 855 1727 904 me
1755 834 1852 905 Chri-

366 963 454 1026 stus:
489 950 585 1044 quod
611 959 727 1022 autem
753 972 844 1022 nunc
869 953 951 1024 vivo
978 953 1012 1022 in
1040 969 1159 1036 carne,
1193 953 1226 1023 in
1253 952 1324 1026 fide
1349 955 1431 1026 vivo
1458 952 1515 1024 filii
1541 953 1615 1039 dei,
1649 954 1707 1046 qui
1733 952 1854 1025 dilexit

366 1095 424 1144 me
460 1080 496 1142 et
530 1069 670 1142 tradidit
703 1079 815 1140 semet
847 1071 962 1164 ipsum
979 1091 1060 1164 ‚pro
1095 1093 1160 1141 me.
1219 1065 1243 1112 ²¹
1262 1073 1341 1144 Non
1374 1073 1486 1144 abicio
1520 1073 1666 1166 gratiam
1701 1072 1782 1146 dei:
1823 1072 1853 1143 si

367 1191 458 1262 enim
484 1211 548 1283 per
574 1189 688 1281 legem
716 1188 856 1274 iustitia,
884 1210 970 1281 ergo
998 1189 1151 1260 Christus
1178 1191 1286 1282 gratis
1314 1201 1469 1264 mortuus
1496 1203 1559 1264 est.

1082 1462 1131 1532 lll.

445 1657 560 1738 ¹<⁹>0
594 1667 759 1739 insensati
788 1667 944 1752 Galatae,
979 1669 1056 1760 quis
1093 1689 1157 1738 vos
1190 1668 1371 1738 fascinavit
1403 1669 1539 1740 veritati
1571 1683 1641 1740 non
1673 1667 1852 1753 oboedire,

368 1795 447 1858 ante
479 1805 626 1879 quorum
662 1787 783 1859 oculos
816 1787 911 1859 lesus
939 1787 1091 1859 Cluistus
1125 1787 1363 1880 praescriptus
1396 1797 1450 1858 εει
1481 1787 1692 1859 crucifixus?
1750 1782 1854 1858 ²lloc

368 1908 482 1977 solum
509 1901 609 1977 'volo
636 1927 657 1976 a
682 1906 784 1978 vobis
811 1906 964 1991 discere,
997 1927 1044 1976 ex
1071 1906 1238 2000 operibus
1264 1907 1351 1999 legis
1385 1907 1540 2001 spiritum
1574 1907 1774 2000 accepistis,
1811 1927 1856 1976 an

367 2047 416 2097 ex
444 2025 562 2098 auditu
589 2025 698 2097 lidel‘l
749 2017 838 2096 3Ξίε
864 2025 955 2096 stulti
981 2026 1091 2096 estis?
1126 2020 1223 2096 'cum
1252 2026 1371 2119 spiritu
1398 2025 1598 2119 coeperitis,
1632 2047 1725 2096 nunc
1751 2045 1854 2096 carne

369 2140 670 2217 'consumamini‘l
722 2134 864 2216 ‘Tanta
896 2145 993 2238 passi
1024 2145 1110 2217 estis
1143 2145 1218 2216 sine
1251 2148 1383 2215 causa‘l
1420 2146 1450 2216 si
1481 2154 1598 2216 tamen
1630 2145 1706 2216 sine
1739 2165 1853 2216 causa.
1893 2173 1899 2184 ·

367 2255 466 2350 ⁶Qui
493 2285 579 2356 crgo
605 2263 722 2336 tribuit
746 2265 849 2336 vobis
875 2264 1030 2358 spiritum
1057 2274 1093 2335 ει
1119 2273 1282 2357 operatur
1308 2265 1450 2336 virtutes
1476 2265 1511 2334 in
1535 2264 1652 2350 vobis,
1687 2285 1735 2335 ex
1767 2283 1854 2356 ope-

368 2383 466 2454 ribus
491 2359 580 2476 legi's
607 2405 652 2454 an
677 2405 724 2456 ex
752 2384 869 2456 auditu
895 2382 1004 2454 fideii
1055 2372 1181 2453 6Sicut
1205 2381 1382 2454 Abraham
1409 2383 1556 2455 credidit
1580 2382 1660 2466 deo,
1688 2391 1725 2453 et
1749 2403 1855 2476 repu-

284 2519 287 2522 ·
369 2511 477 2574 tatum
504 2511 560 2573 εει
584 2503 616 2574 ei
643 2503 690 2574 ad
716 2502 886 2574 iustitiam.
938 2491 1177 2594 'Cognoscite
1203 2523 1290 2594 ergo
1317 2503 1399 2594 quia
1426 2503 1484 2594 qui
1510 2523 1558 2573 ex
1584 2501 1655 2574 fide
1681 2511 1776 2587 sunt,
1810 2501 1856 2572 bii

236 2673 242 2680 .
371 2627 449 2692 sunt
481 2619 540 2691 filii
565 2619 739 2694 Abrahae.
791 2613 1014 2692 ⁸Providens
1049 2630 1165 2692 autem
1200 2621 1369 2713 scriptura
1403 2621 1483 2714 quia
1516 2641 1562 2692 ex
1595 2620 1667 2692 fide
1700 2619 1858 2692 iustificat

371 2749 496 2832 gentes
522 2739 620 2826 deus,
647 2737 907 2834 praenuntiavit·
922 2736 1086 2811 Abrabae
1113 2739 1194 2832 quia
1219 2741 1471 2813 benedicentur
1495 2741 1530 2810 in
1557 2749 1591 2810 te
1618 2760 1743 2812 omnes
1768 2759 1857 2832 gen-

374 2869 438 2930 tes.
490 2848 566 2906 ⁹⁰⁰)
583 2859 689 2952 Igitur
723 2860 782 2952 qui
817 2877 863 2930 ex
898 2856 968 2929 fide
1003 2869 1103 2942 sunt,
1144 2858 1396 2931 benedicentur
1430 2881 1509 2932 cum
1543 2859 1637 2932 fideli
1669 2857 1857 2932 Abraham.

372 2970 398 3016 ⁴⁰
412 2977 628 3070 Quicumque
655 2979 746 3050 enim
772 2997 820 3048 ex
847 2977 1012 3070 operibus
1036 2978 1125 3070 legis
1152 2969 1239 3063 s'unt,
1266 2980 1332 3051 sub
1354 2979 1538 3051 maledicto
1556 2987 1643 3050 sunt.
1687 2977 1858 3070 Scriptum

373 3105 428 3168 εει
454 3097 546 3168 enim
571 3097 775 3170 Maledictus
802 3096 914 3167 omnis
941 3096 1000 3188 qui
1033 3088 1123 3167 'non
1149 3099 1380 3189 permanserit
1405 3099 1440 3170 in
1467 3099 1628 3170 omnibus
1654 3116 1746 3189 quac
1772 3096 1858 3168 sori-

372 3223 431 3306 pta
458 3225 538 3286 sunt
564 3215 598 3287 in
624 3217 713 3288 libro
739 3215 827 3308 legis
853 3225 891 3286 ut
915 3213 1018 3286 iaciat
1043 3235 1095 3286 ea.
1149 3208 1171 3252 ⁴¹
1186 3206 1231 3262 (¹¹)
1252 3218 1423 3302 Quoniam
1449 3227 1564 3288 autem
1590 3217 1625 3287 in
1650 3217 1731 3309 lege
1755 3199 1879 3286 nemo'

371 3331 573 3406 iustificetur
598 3336 691 3430 apud
718 3335 834 3422 deum,
860 3335 1078 3406 manifestum
1104 3345 1166 3419 εει,
1194 3336 1273 3428 quia
1299 3338 1408 3408 iustus
1434 3357 1482 3408 ex
1508 3335 1579 3408 fide
1604 3337 1696 3406 vivit.
1748 3327 1861 3404 ‘'Lex

375 3463 490 3526 autem
516 3475 587 3527 non
615 3467 671 3528 εει
696 3477 744 3527 ex
768 3455 856 3540 fide,
885 3453 949 3526 sed
976 3453 1041 3538 Qui
1066 3455 1188 3526 lecerit
1213 3475 1271 3540 sa,
1298 3457 1394 3527 vivet
1419 3455 1453 3526 iu
1480 3455 1554 3526 illis.
1600 3447 1627 3494 ⁴³
1640 3443 1687 3504 θ’)
1705 3453 1859 3525 Christus

373 3593 439 3645 nos
465 3575 605 3647 redimit
630 3575 677 3648 de
702 3574 887 3647 maledicto
915 3569 1029 3665 'legia
1056 3575 1167 3646 sactus
1191 3595 1258 3668 pro
1284 3575 1386 3647 nobis
1411 3573 1644 3658 maledictum,
1671 3573 1753 3665 quia
1774 3573 1860 3644 scri-

375 3702 471 3785 ptum
498 3704 553 3766 est
577 3695 779 3766 Maledictus
807 3693 919 3766 omnis
945 3694 1003 3785 qui
1029 3693 1162 3786 pendet
1186 3695 1221 3765 in
1247 3695 1359 3786 lissno;
1399 3683 1425 3730 ⁴*
1436 3705 1475 3765 ut
1500 3694 1535 3763 in
1560 3692 1722 3785 gentibus
1748 3692 1860 3762 bene-

375 3809 480 3883 dictio
506 3811 670 3886 Abrahae
696 3811 796 3886 fieret
821 3811 856 3882 in
882 3811 1015 3884 Christo
1041 3815 1135 3899 lesu,
1170 3824 1207 3885 ut
1239 3812 1519 3906 pollicitationem
1545 3812 1684 3905 spiritus
1710 3809 1861 3904 accipia-

375 3951 453 4000 mus
480 3951 544 4024 per
569 3932 684 4005 iidem.
729 3921 815 3980 W)
828 3932 975 4016 Fratres,
1004 3931 1197 4004 secundum
1225 3931 1399 4002 bominem
1425 3931 1515 4003 dico.
1556 3931 1687 4002 Tamen
1713 3929 1862 4002 bominis

377 4047 617 4123 confirmatum
654 4060 897 4124 testamentum
935 4069 1040 4123 nemo
1080 4051 1212 4143 spernit
1251 4061 1310 4121 aut
1348 4049 1600 4142 superordinat.
1657 4041 1683 4088 ¹⁶
1699 4047 1862 4120 Abrabae

376 4169 491 4242 dictae
518 4179 596 4242 sunt
621 4171 873 4264 promissiones
899 4179 935 4240 et
960 4169 1083 4240 semini
1109 4171 1192 4240 eins.
1245 4169 1323 4242 Non
1349 4169 1431 4241 dicit
1456 4168 1499 4240 Et
1525 4167 1731 4251 seminibus,
1765 4167 1864 4260 quasi

377 4288 412 4359 in
445 4289 576 4374 multis,
612 4289 677 4361 sed
711 4289 810 4382 quasi
842 4291 877 4360 in
907 4309 978 4361 uno
1008 4289 1051 4360 Et
1085 4289 1206 4360 semini
1241 4297 1318 4373 tuo,
1354 4289 1412 4382 qui
1446 4295 1500 4359 est
1533 4287 1695 4359 Christus.
1748 4279 1774 4324 ¹⁷
1790 4287 1864 4356 lloc

378 4413 494 4480 autem
525 4408 614 4480 dico.
668 4409 926 4480 Testamentum
959 4405 1197 4480 confirmatum
1224 4427 1245 4480 a
1272 4408 1341 4480 deo
1375 4427 1466 4500 quae
1499 4416 1581 4500 post
1614 4405 1864 4498 quadrigentos

378 4537 414 4599 et
439 4527 576 4620 triginta
603 4547 713 4599 annos
739 4529 829 4600 lacta
855 4537 909 4598 est
934 4527 993 4598 lex
1018 4547 1089 4599 non
1115 4526 1244 4598 initam
1270 4527 1350 4598 facit
1376 4525 1422 4599 ad
1449 4524 1688 4599 evacuandam
1712 4525 1864 4619 promis-

378 4647 524 4719 sionem.
568 4637 596 4688 ¹⁸
607 4647 695 4717 Nam
722 4647 751 4717 si
777 4667 824 4718 ex
850 4647 929 4739 lege
953 4645 1140 4731 hereditas,
1167 4646 1236 4717 iam
1253 4667 1325 4718 non
1343 4667 1390 4718 ex
1416 4639 1723 4738 ‘repromissione
1749 4643 1865 4714 Abra·

379 4766 448 4838 bae
480 4777 597 4838 autem
631 4785 696 4859 per
727 4761 1052 4861 ‘repromissionem
1086 4764 1231 4838 donavit
1262 4765 1361 4838 deus.
1413 4757 1440 4804 ⁴⁹
1453 4754 1503 4810 ‘¹⁴’
1522 4761 1612 4848 Quid
1646 4763 1751 4854 igitur
1779 4763 1865 4832 lex‘?

379 4885 526 4979 Propter
552 4886 850 4978 transgressiones
876 4887 991 4980 posita
1017 4895 1085 4970 εει,
1119 4884 1234 4957 donec
1258 4885 1394 4956 veniret
1418 4903 1541 4958 semen
1568 4881 1623 4952 cui
1648 4881 1865 4974 promiserat,

380 5005 539 5078 ordinata
565 5027 629 5099 per
656 5007 800 5100 angelos
827 5008 871 5100 in,
887 5027 991 5078 manu
1016 5003 1228 5078 mediatoris.
1275 4995 1486 5078 ¹⁰lllediator
1511 5009 1624 5072 autem
1651 4993 1771 5072 'unius
1797 5019 1867 5068 non

380 5133 442 5207 est,
471 5125 560 5200 deus
588 5137 703 5198 autem
730 5149 819 5200 unus
846 5137 907 5198 est.
948 5119 970 5163 ²⁴
986 5115 1036 5176 ‘¹⁸³
1049 5125 1123 5198 Lex
1149 5145 1237 5216 ergo
1262 5123 1432 5198 adversus
1457 5120 1630 5216 promissa
1648 5119 1733 5191 dei‘?
1757 5117 1866 5188 Absit.

948 5243 975 5312 ll
1017 5246 1060 5312 19
1092 5283 1137 5296 -
1166 5235 1214 5326 lll,
1243 5245 1301 5312 21.
