4220 6124
341 329 416 464 25I
853 381 1034 448 EPISTULA
1059 383 1112 448 hu
1138 382 1319 448 acutulus

342 591 465 662 salvus
486 589 570 662 eris:
614 582 640 627 ¹⁰
656 588 765 661 corde
784 589 882 660 enim
895 587 1061 660 cereditur
1087 587 1133 660 ad
1159 588 1330 673 Iustitiam,
1359 593 1421 660 ore
1448 599 1563 661 antem
1582 591 1754 666 ccnlessio
1781 591 1818 662 Iit

342 711 376 782 In
402 711 567 823 salutem
610 701 632 745 ”
652 707 740 780 Dicit
765 708 856 780 enim
884 710 1051 802 scriptura
1079 709 1198 780 Omnis
1225 710 1283 802 qui
1316 709 1426 782 credit
1451 711 1485 780 in
1517 710 1609 782 illum
1634 731 1704 783 non
1731 733 1816 783 con-

342 830 510 902 fundetur.
562 821 587 866 ¹²
602 828 681 900 Non
714 829 806 900 euim
832 833 891 900 est‘
918 829 1088 902 dIstinctio
1123 829 1240 901 Iudaei
1271 835 1314 902 et
1333 831 1449 902 Greci:
1471 851 1557 902 nam
1583 830 1676 902 idem
1703 831 1817 903 domi-

341 974 407 1022 nus
424 950 586 1034 omnium,
614 949 713 1020 dives
731 949 766 1020 in
782 971 906 1022 omnes
925 949 983 1042 qui
999 950 1161 1021 invocant
1176 951 1278 1021 illum.
1328 941 1355 988 ⁴³
1367 951 1486 1022 Omnis
1504 951 1594 1022 enim
1613 951 1818 1044 quicumque
1839 962 1843 973 ’

341 1071 553 1144 invocaverit
577 1075 705 1177 nomen
731 1069 861 1142 domini
893 1071 1009 1143 salvus
1041 1071 1114 1142 erit.
1166 1060 1257 1118 ¹⁵³⁸)
1277 1069 1463 1156 Quomodo
1496 1091 1582 1163 ergo
1609 1071 1820 1143 invocabunt

343 1192 377 1263 in
401 1193 507 1283 'quem
532 1211 603 1262 non
630 1169 876 1263 crediderunt?
904 1201 963 1262 aut
989 1190 1167 1284 quomodo
1186 1191 1330 1263 credent
1355 1191 1388 1261 ei
1406 1211 1509 1284 quem
1526 1211 1597 1261 non
1615 1190 1818 1263 audierunt?

343 1310 522 1404 quomodo
542 1317 665 1382 ‘autem
699 1309 839 1384 audient
873 1312 949 1384 sine
980 1310 1228 1406 praedicante?
1273 1303 1298 1348 ⁴⁵
1311 1311 1489 1403 quomodo
1522 1333 1608 1382 vero
1634 1311 1818 1404 praediea-2

342 1433 428 1503 bunt
452 1431 516 1510 nisi
548 1419 746 1503 mittantur?
779 1433 868 1503 siout
882 1431 1063 1524 ”scriptum
1097 1441 1150 1503 est
1177 1431 1289 1517 Quam
1306 1431 1472 1525 ,speoIosi
1505 1431 1616 1525 pedes
1642 1431 1819 1524 evangeli-

344 1551 493 1624 zantium
518 1573 658 1645 pacem,
694 1553 1000 1645 evangelizantium
1032 1553 1158 1624 bona·
1188 1543 1215 1590 ”
1232 1552 1303 1624 Sed
1333 1575 1404 1624 non
1437 1573 1559 1624 omnes
1589 1551 1821 1624 oboediemnt

345 1673 536 1766 evangelio.
574 1671 697 1744 Esaias
714 1671 806 1742 enim
823 1671 905 1760 dicit
920 1672 1076 1757 Domine,
1104 1673 1181 1766 quis
1199 1671 1490 1745 crediditauditni
1512 1675 1659 1744 nostro‘l
1685 1664 1710 1710 ”
1726 1673 1820 1766 Ergo

345 1792 434 1865 tides
461 1792 668 1878 exauditu,
703 1793 839 1865 auditus
871 1797 986 1864 antem
1018 1793 1255 1886 perverbum
1282 1793 1413 1864 Christi.
1463 1783 1490 1830 ¹⁸
1506 1793 1577 1865 Sed
1603 1793 1693 1876 dico,
1719 1815 1820 1864 num-

346 1913 428 2006 quid
453 1933 538 1984 ncn.
551 1911 762 1984 andlemnt‘l
796 1913 839 1984 Ilt
869 1913 1010 2006 quidem
1042 1914 1078 1985 In
1103 1935 1244 1986 omnem
1279 1923 1407 1984 terram
1433 1913 1541 1984 exivit
1567 1935 1674 1985 sonus
1700 1935 1821 1986 comm

347 2043 382 2104 et
407 2033 441 2104 in
466 2032 553 2104 fines
580 2033 674 2106 orbis
700 2043 813 2106 terrae
840 2035 951 2106 verba
976 2055 1106 2106 eornm.
1159 2025 1185 2072 ⁴⁹
1198 2032 1269 2106 Sed
1294 2033 1383 2118 dico,
1409 2034 1575 2127 numquid
1599 2034 1728 2106 Israhel
1753 2055 1824 2106 non

347 2154 534 2246 cognovit?
569 2153 703 2224 Primus
734 2154 852 2226 Moses
885 2153 968 2226 dIcit
999 2155 1075 2248 Ego
1110 2153 1156 2226 ad
1189 2153 1453 2229 aemulationem
1486 2177 1552 2256 vos
1585 2154 1758 2226 adducam
1790 2155 1823 2224 in
1853 2138 1862 2156 ⁰

346 2297 417 2347 non
444 2285 593 2366 gentem,
619 2274 654 2345 in
680 2283 819 2366 gentem
846 2275 1059 2369 insipientem
1086 2275 1121 2345 in
1146 2275 1233 2344 iram
1258 2293 1324 2345 vos
1350 2273 1490 2345 mittam.
1533 2266 1689 2347 ”Esaias
1708 2284 1838 2347 autom

348 2395 443 2467 audit
469 2405 504 2466 et
529 2395 796 2468 dicitlnventus
822 2417 899 2466 sum
924 2417 995 2467 non
1021 2395 1266 2488 quaerentibus
1292 2397 1358 2478 me,
1386 2396 1501 2487 palam
1528 2395 1671 2489 apparui
1696 2395 1749 2466 his
1767 2395 1823 2488 qui

347 2537 406 2586 me
431 2536 501 2586 non
527 2515 794 2608 Interrogabant.
845 2506 870 2552 ²¹
889 2513 945 2586 Ad
970 2515 1100 2587 Israhel
1126 2525 1239 2586 autem
1267 2514 1348 2586 dicit
1374 2515 1460 2586 Tota
1486 2514 1544 2586 die
1559 2515 1722 2610 ,expandi
1745 2519 1824 2587 'ma-

348 2659 413 2707 nus
439 2656 537 2706 meas
564 2633 609 2706 ad
636 2635 800 2727 populum
826 2658 897 2708 non
922 2636 1122 2708 credentem
1149 2645 1185 2706 et
1210 2635 1512 2708 contradicentem.

1062 2913 1115 2982 XI.

427 3105 503 3161 ’Μ’
520 3117 605 3188 Dico
633 3138 737 3211 ergo,
770 3119 936 3212 numquid
962 3119 1109 3214 reppulit
1141 3121 1229 3191 deus
1254 3118 1420 3211 populum
1448 3121 1574 3189 suum?
1602 3117 1718 3190 Absit?
1744 3137 1824 3188 flam

350 3245 386 3307 et
411 3257 480 3328 ego
505 3237 691 3310 Israhelita'
706 3261 783 3311 snm
810 3262 857 3311 ex
883 3241 1015 3312 semine
1040 3239 1231 3324 Abraham,
1259 3238 1348 3310 tribu
1373 3237 1558 3310 Beniamin.
1609 3229 1716 3310 ’Non
1731 3251 1850 3330 ·rep·'

350 3357 434 3450 pulit
459 3357 547 3430 deus
573 3359 710 3452 plebem
738 3383 834 3432 snam
862 3382 965 3454 quam
991 3361 1161 3453 praesciit.
1214 3359 1268 3430 Αιι
1293 3359 1432 3431 nescitis
1456 3357 1491 3428 in
1515 3358 1611 3428 Heba
1638 3357 1721 3450 qnid
1745 3356 1826 3428 dIcit

351 3477 533 3570 scriptura,
561 3480 855 3572 quemadmodmn
880 3481 1072 3574 interpellat
1106 3481 1211 3552 deum
1243 3481 1412 3552 adversus
1437 3478 1590 3550 Israhel?
1638 3469 1825 3560 ³Domins,

350 3597 542 3692 prophetas
568 3610 646 3672 tuos
672 3601 888 3686 occidemnt,
923 3601 1042 3674 altaria
1074 3610 1133 3672 tua
1159 3600 1389 3686 suffoderunt,
1424 3608 1459 3670 et
1491 3621 1559 3693 ego
1585 3598 1724 3670 relictus
1749 3617 1826 3666 sum

352 3719 465 3801 solus,
501 3730 536 3790 et
562 3731 731 3812 quaerunt
764 3722 913 3794 animam
946 3743 1069 3793 meam.
1120 3710 1223 3792 *Sed
1250 3720 1333 3814 quid
1360 3719 1441 3790 dicit
1465 3719 1511 3790 illi
1536 3737 1744 3813 responsum
1770 3715 1824 3786 di-

352 3838 492 3910 vinnm‘?
524 3840 655 3936 Reliqui
688 3841 770 3912 mihi
801 3851 938 3934 septem
970 3841 1062 3913 milla
1096 3842 1267 3926 virorum,
1301 3840 1359 3933 qui
1383 3859 1454 3911 non
1479 3845 1708 3922 curvaverunt
1733 3857 1824 3928 genu

350 3959 466 4030 Bahal.
516 3951 605 4031 ‘Sic
636 3983 722 4055 ergo
763 3971 801 4038 et¹
835 3962 870 4032 in
908 3961 976 4034 hoe
1007 3972 1166 4057 tempore
1196 3960 1361 4054 reliquiae
1399 3957 1589 4030 secundum
1608 3955 1824 4028 :electionem

352 4079 484 4171 gratiae
509 4082 621 4152 lactas
647 4091 735 4152 sunt.
786 4073 848 4154 ⁶Si
875 4091 992 4154 autem
1017 4083 1137 4175 gratia,
1163 4101 1234 4152 non
1260 4103 1307 4151 ex
1333 4080 1511 4173 operibus:
1539 4077 1692 4172 aIIoipnin'
1714 4077 1825 4171 gratia

352 4198 425 4272 iam
447 4222 517 4272 nun
534 4210 606 4272 est
621 4203 740 4295 gratia
789 4193 866 4250 Μ’)
885 4201 982 4288 Qud
1002 4205 1112 4296 ergo?
1146 4201 1241 4296 quod
1276 4201 1468 4294 quaerebat
1492 4197 1635 4284 Israhel,
1661 4199 1730 4270 hoo¹
1755 4218 1825 4268 non

353 4329 409 4392 cst
434 4329 656 4410 consecutus,
690 4323 812 4395 electio
840 4332 955 4394 autern
980 4325 1177 4395 consecuta
1210 4331 1278 4392 est:
1312 4321 1416 4392 ceteri
1442 4341 1529 4392 vero
1556 4321 1714 4391 excecati
1739 4326 1826 4390 sunt

350 4431 471 4512 ⁸SIcnt
496 4443 660 4537 seriptum
687 4453 742 4516 est
766 4443 869 4516 Dedit
892 4443 956 4515 iIIIs
983 4443 1070 4517 deus
1097 4442 1251 4537 spiritum
1269 4441 1537 4535 conpunctionis,
1566 4442 1686 4512 oculos
1702 4449 1826 4512 utnon

351 4559 507 4660 videant,
528 4571 564 4632 et
589 4583 691 4634 aures
717 4574 848 4637 utnon
875 4563 1023 4649 audiant,
1049 4562 1219 4658 usquein
1244 4548 1449 4634 hodiernum
1476 4561 1578 4634 diem.
1600 4601 1603 4608 ’
1629 4551 1693 4632 ”Et
1715 4557 1827 4632 DavId

352 4681 435 4754 dicit
458 4681 534 4753 Fiat
558 4703 680 4754 mensa
706 4705 826 4757 eorum
852 4685 887 4756 in
911 4687 1134 4779 quuenmet
1164 4684 1199 4753 in
1225 4683 1432 4777 captionem⁴
1446 4693 1481 4754 et
1506 4681 1541 4752 in
1567 4679 1767 4752 scandalum
1793 4689 1829 4750 et

352 4804 387 4874 in
412 4803 670 4878 retributionem
696 4803 772 4890 illis,
817 4797 843 4842 ⁴⁰
860 4807 1087 4879 obscurentur
1113 4803 1202 4876 oculi
1228 4824 1348 4876 eorum
1375 4825 1420 4875 ne
1445 4803 1597 4888 videant,
1622 4811 1657 4873 et
1683 4801 1826 4873 dorsum
1912 4821 1915 4830 ¹

351 4925 485 4997 illorum
504 4945 643 5019 semper
660 4925 810 4999 incurva.
845 4920 868 4965 ”
887 4916 939 4974 ”’)
956 4927 1042 5000 Dico
1060 4947 1155 5018 ergo,
1182 4925 1348 5018 numquid
1365 4923 1650 5005 sicollendenmt
1666 4933 1703 4995 ut
1719 4919 1826 5010 cade·

354 5049 455 5116 reut‘l
489 5045 602 5132 Absit,
637 5046 702 5120 sed
734 5047 867 5120 illorum
903 5042 1048 5119 'delicto
1084 5047 1177 5119 salus
1211 5046 1392 5138 gentibus,
1426 5055 1463 5117 ut
1494 5046 1570 5116 illos
1606 5043 1825 5116 aemulentur.

354 5157 380 5204 ¹²
393 5149 495 5250 Q'uod
523 5167 551 5238 si
578 5166 737 5240 delictum
765 5169 898 5242 illorum
931 5169 1070 5240 divitiae
1097 5177 1176 5239 sunt
1199 5167 1319 5240 mundi
1353 5177 1388 5240 et
1414 5165 1601 5240 deminutio
1615 5169 1748 5238 'eorum
1775 5161 1827 5233 di·

910 5291 949 5375 X,
981 5293 1025 5361 I0
1056 5329 1101 5342 -
1129 5289 1182 5372 XI,
1213 5290 1269 5362 I2.

2090 4755 2104 4793 t
