4146 6120
769 1347 918 1418 INCIPIT
946 1347 1004 1416 Ab
1032 1345 1210 1417 EUNDEM
1237 1341 1443 1416 SECUNDA.
1553 1386 1556 1398 ·

897 1565 1029 1626 INCIPIT
1051 1563 1318 1625 ARGUMENTUII.

474 1697 561 1798 Item
598 1721 777 1794 Timotheo
813 1723 931 1792 scribit
965 1723 1010 1793 de
1043 1715 1276 1791 ‘exortatione
1310 1717 1462 1814 martyrii
1497 1727 1531 1789 et
1566 1719 1676 1790 omnis
1708 1721 1851 1813 regulae

372 1847 539 1930 veritatis,
567 1855 602 1914 et
628 1842 710 1936 quid
736 1843 882 1912 futurum
911 1842 954 1912 sit
980 1831 1195 1934 temporibus
1221 1839 1429 1922 novissimis,
1458 1849 1492 1908 et
1519 1838 1563 1909 de
1591 1862 1653 1912 sua
1676 1843 1850 1934 passione.

1020 1974 1201 2038 EXPLICIT.

884 2281 1092 2354 INCIPIUNT
1119 2281 1336 2352 CAPITULA.

474 2513 495 2582 1.
523 2511 575 2579 De
601 2507 728 2576 Eunice
756 2515 858 2596 atque
884 2485 1003 2574 Loide'
1019 2511 1128 2574 matre
1155 2502 1231 2574 avia
1253 2501 1438 2574 Timothei:
1466 2513 1501 2573 et
1526 2503 1623 2595 quod
1648 2506 1755 2576 sancti
1780 2529 1850 2578 non

525 2626 677 2720 spiritum
706 2623 835 2696 tiuioris
861 2623 1057 2716 acceperint
1083 2622 1148 2694 sed
1173 2623 1304 2694 virtutis
1331 2633 1367 2692 et
1391 2619 1569 2694 'caritatis

461 2749 497 2818 II.
524 2748 576 2820 De
610 2744 751 2816 domino
786 2763 856 2814 non
891 2743 1081 2816 secundum
1115 2763 1223 2835 opera
1258 2751 1378 2814 nostra
1412 2742 1477 2814 sed
1517 2744 1708 2816 secundum
1748 2765 1850 2818 suum

525 2865 740 2960 propositum
773 2873 853 2934 ante
886 2873 1042 2956 tempora
1077 2871 1218 2935 aeterna
1244 2871 1384 2934 sanctos
1410 2883 1494 2934 snos
1519 2863 1566 2936 ad
1592 2863 1735 2957 gratiam
1762 2887 1850 2958 pro-

525 2993 682 3058 vocante.

448 3109 498 3180 III.
527 3108 577 3178 De
611 3105 756 3176 Iormnia
790 3125 874 3176 sane
905 3099 1094 3176 doctrinae:
1130 3113 1165 3175 et
1197 3104 1243 3176 de
1268 3101 1474 3176 Asianorum
1504 3101 1663 3196 perfidia,
1700 3127 1747 3176 ax
1772 3105 1854 3197 qui-

526 3227 593 3298 bus
619 3233 717 3298 erant
743 3224 917 3318 Phygelus
943 3235 978 3296 et
1003 3223 1245 3314 Hermogenis:
1279 3232 1316 3294 et
1346 3223 1393 3296 de
1418 3222 1488 3295 fide
1515 3223 1684 3296 Onesisori
1710 3247 1752 3296 ac
1776 3227 1854 3298 soI-

524 3346 703 3419 Iicitudine.
1599 3403 1602 3412 ,

435 3467 499 3538 IIII.
525 3467 577 3538 De
604 3463 773 3538 tradenda
800 3465 956 3538 doctrina
982 3465 1159 3550 fidelibus,
1172 3499 1179 3528 t
1193 3464 1250 3556 qui
1277 3463 1393 3534 idonei
1419 3471 1519 3534 erunt
1544 3463 1677 3555 aIIquos
1704 3465 1854 3538 erudire.

466 3587 502 3656 V.
528 3587 581 3656 De
608 3585 666 3658 dei
691 3586 796 3656 milite
822 3585 988 3678 expedito
1015 3594 1050 3656 et
1075 3583 1224 3656 athletae
1251 3583 1519 3678 comparatione.

447 3707 499 3778 VI.
526 3707 578 3776 De
605 3707 715 3785 fructu
739 3704 928 3778 laborantis
954 3703 1137 3796 agricolae.

434 3827 498 3900 VII.
524 3828 577 3897 De
603 3825 855 3896 resurrectIone
882 3823 1011 3896 domini
1035 3845 1083 3894 ex
1109 3825 1264 3898 mortuis.

425 3947 516 4016 vut-
529 3947 581 4016 De
608 3946 734 4016 sanctis
761 3955 796 4016 et
822 3943 1126 4016 commorientibus
1154 3943 1294 4016 domino
1329 3954 1364 4015 et
1398 3944 1655 4017 conviventibus
1688 3967 1730 4016 ao
1761 3947 1858 4017 tole-

527 4065 679 4137 rantibus
705 4067 833 4158 pariter
859 4075 961 4160 atque
988 4065 1219 4158 regnantibus.

444 4186 498 4256 IX.
525 4186 578 4256 De
604 4186 877 4258 contentionibus
903 4180 956 4256 'et
982 4185 1207 4256 subversione
1233 4186 1429 4256 verborum.

460 4306 501 4376 X.
528 4307 581 4378 De
608 4307 857 4378 seductoribus.

448 4427 502 4496 XI.
529 4428 582 4498 De
607 4449 736 4519 magna
762 4427 868 4498 domo
895 4421 996 4498 'vasa
1022 4425 1168 4497 diversis
1193 4427 1380 4519 generibus
1407 4424 1644 4497 continentem.

436 4547 503 4617 XII.
529 4549 582 4618 De
609 4543 769 4620 'cantate
798 4570 840 4619 ac
867 4542 970 4641 'pace
996 4569 1073 4618 cum
1101 4546 1235 4617 sanctis.

421 4667 500 4738 XIII.
527 4669 578 4739 De
606 4662 885 4761 ‘quaestionibus
911 4668 1029 4739 stultis.

410 4787 502 4882 XIIII.
529 4789 581 4859 De
608 4789 768 4882 apostolo
795 4790 981 4861 novissima
1010 4797 1169 4881 tempora
1203 4797 1237 4858 et
1270 4787 1474 4859 seductores
1505 4787 1699 4880 iniquitates
1734 4807 1859 4858 omnes

533 4917 570 4980 et
594 4909 727 4980 sceiere
753 4907 984 5002 praedicante.

438 5029 502 5098 XV.
528 5030 581 5100 De
607 5029 786 5101 virtutibus
813 5030 939 5100 sanctis
966 5038 1002 5100 et
1026 5027 1322 5122 persecutionibus
1349 5027 1452 5114 Pauli,
1480 5037 1514 5098 et
1540 5028 1690 5100 ommam
1717 5045 1860 5120 semper

531 5149 748 5220 tribulatione
774 5158 981 5220 sanctorum.

422 5268 504 5339 XVI.
531 5269 583 5341 De
610 5269 792 5342 Timotheo
820 5269 864 5341 ab
890 5269 1027 5343 infantia
1054 5270 1160 5342 sacris
1187 5270 1305 5342 litteris
1332 5265 1544 5342 'institutum
