4146 6120
770 405 949 469 EPISTULA
974 405 1082 468 PETRI
1108 407 1140 468 11.

1201 514 1312 521 .-.-.-,.-
1325 516 1336 520 ..
1354 515 1361 520 -
1382 516 1421 522 .-..
1437 517 1476 522 -..
1489 518 1695 528 .—.-——-.

103 649 105 656 v
218 621 395 706 pectantes
423 612 505 684 satis
533 611 623 704 agite
649 610 842 682 inmaculati
868 619 903 680 et
928 610 1078 682 inviolati
1106 611 1138 681 ei
1156 609 1298 680 inveniri
1317 575 1357 680 in
1374 631 1479 705 pace,
1523 608 1600 710 ¹⁵,et
1625 614 1691 686 do-

217 733 300 803 mini
326 733 432 804 nostri
459 731 748 823 longanimitatem
775 731 919 802 salntem
945 730 1168 816 arbitramini,
1197 730 1284 818 sicut
1310 741 1343 800 et
1370 731 1565 804 carissimus
1589 735 1694 806 irater

218 861 334 924 noster
361 851 485 923 Paulus
512 851 703 924 secundum
729 850 846 922 datam
873 850 938 920 sibi
963 849 1166 945 sapientiam
1193 850 1330 944 scripsit
1346 851 1460 938 vobis,
1505 843 1530 888 '⁶
1547 854 1632 925 sicut
1658 865 1693 924 et

217 972 252 1041 in
273 971 438 1042 omnihus
465 972 626 1065 epistulis,
653 973 799 1066 loquens
818 953 859 1040 'in
885 969 936 1040 eis
962 968 1008 1042 de
1034 971 1095 1056 his,
1122 971 1157 1041 in
1184 970 1308 1064 quibus
1334 980 1411 1042 sunt
1429 973 1599 1064 quaedam
1625 973 1692 1044 dii-

218 1089 317 1162 ficilia
352 1091 538 1178 intellectu,
579 1113 669 1184 quae
699 1091 828 1164 indocti
869 1100 904 1161 et
936 1090 1113 1166 instabiles
1145 1090 1338 1184 depravant
1373 1091 1459 1162 sient
1492 1101 1526 1162 et
1558 1103 1693 1164 ceteras

217 1211 404 1304 scripturas
438 1210 483 1284 ad
518 1233 616 1284 suam
649 1212 805 1306 ipsorum
837 1209 1076 1303 perditionem.
1130 1203 1155 1246 ⁴⁷
1167 1212 1239 1284 Vos
1270 1211 1385 1304 igitur,
1418 1213 1555 1300 fratres,
1587 1235 1691 1308 prae·

218 1331 367 1402 scientes
402 1332 573 1406 custodite
605 1353 650 1404 ne
682 1331 911 1425 insipientium
945 1351 1064 1400 errore
1097 1329 1480 1404 nansducnaeexcidatis
1506 1354 1525 1406 a
1552 1335 1692 1428 propria

216 1449 392 1538 firmitate,
443 1443 468 1488 ⁴⁸
486 1451 630 1524 crescite
661 1473 748 1524 vero
781 1453 817 1522 in
852 1449 962 1544 gratia
994 1459 1029 1522 et
1062 1451 1098 1522 in
1132 1451 1327 1544 cognitione
1359 1451 1488 1524 domini
1518 1454 1627 1524 nostri
1658 1465 1692 1525 et

217 1572 396 1645 salvatoris
422 1572 499 1644 lesu
526 1571 655 1644 Christi.
707 1570 775 1665 Ipsi
800 1571 909 1663 gloria
936 1579 971 1642 et
995 1592 1084 1642 nunc
1111 1581 1146 1642 et
1170 1573 1205 1644 in
1230 1571 1287 1644 die
1314 1572 1536 1658 aeternitatis,
1581 1595 1690 1648 amen.

635 1737 806 1803 amnon
835 1737 1017 1802 nrrsrnnr
1044 1737 1153 1802 rnrar
1181 1721 1260 1804 s‘ne·
