4242 6118
649 423 893 487 EVANGELlUll
920 425 1126 486 SECUNDUM
1153 421 1364 486 MATTHEUM

943 657 1059 728 xxiv.

328 856 446 914 lim)
463 865 506 935 Et
532 883 700 956 egressus
726 863 822 932 lesus
849 862 895 934 dc
922 861 1056 954 templo
1087 861 1169 944 ibat,
1197 871 1232 931 et
1259 875 1487 968 necessarum
1510 867 1669 968 discipuli
1687 882 1762 956 eius

252 996 290 1056 ut
317 983 543 1056 ostenderent
575 983 608 1053 ci
642 979 904 1052 aedificationes
937 979 1076 1074 templi.
1127 969 1238 1072 ’lpse
1273 991 1394 1052 autem
1427 989 1649 1082 respondens
1676 999 1764 1075 dixit

253 1106 305 1175 eis
330 1103 463 1178 Videtis
489 1101 748 1186 haecomnia?
775 1097 887 1170 Amen
913 1099 992 1170 dico
1010 1096 1133 1181 vobis,
1161 1118 1232 1168 non
1250 1099 1467 1194 relinquetur
1484 1105 1542 1177 bic
1554 1109 1643 1204 lapis
1656 1137 1763 1213 super

253 1221 406 1315 lapidem
440 1221 499 1313 qui
532 1241 604 1291 nou
637 1201 846 1291 destruatur.
897 1206 1015 1264 ”ml
1031 1213 1193 1286 Sedente
1224 1227 1345 1288 autem
1381 1239 1425 1291 eo
1466 1243 1575 1317 super
1609 1248 1762 1312 montem

255 1340 373 1410 oliveti
400 1348 623 1410 accesserunt
649 1337 698 1410 ad
725 1361 803 1409 eum
839 1335 996 1430 discipuli
1032 1343 1177 1406 secreto
1210 1335 1374 1408 dicentes
1400 1339 1463 1408 Dic
1489 1345 1593 1418 nobis
1620 1359 1762 1445 quando

253 1458 343 1529 baec
376 1467 492 1542 erunt,
533 1467 568 1528 et
600 1456 699 1548 quod
733 1457 868 1547 siguum
904 1454 1081 1526 adventus
1116 1454 1164 1523 tui
1190 1465 1226 1526 et
1260 1457 1578 1536 consummationis
1604 1479 1761 1548 saeculi?

252 1569 326 1648 *Et
352 1575 571 1670 respondeus
598 1576 697 1646 lesus
722 1573 810 1644 dixit
836 1574 887 1646 eis
904 1574 1027 1648 Videte
1056 1590 1102 1641 ue
1128 1573 1205 1664 quis
1231 1595 1301 1645 vos
1331 1571 1488 1646 seducat.
1515 1571 1638 1659 “Multi
1665 1595 1759 1666 enim

254 1697 393 1767 venient
419 1697 453 1766 in
480 1695 620 1766 nomine
648 1713 732 1764 mco
759 1693 914 1764 dicentes
940 1693 1016 1783 Ego
1045 1711 1123 1760 sum
1138 1692 1325 1776 ·Cbristus‚
1364 1701 1399 1762 et
1424 1697 1553 1772 multos
1579 1707 1759 1785 seducent.

254 1807 437 1887 “Auditmi
464 1814 555 1884 cuim
581 1813 669 1884 estis
697 1813 831 1904 proelia
864 1821 899 1882 et
925 1809 1109 1903 opiniones
1135 1813 1375 1902 proeliorum:
1409 1811 1527 1888 videte
1558 1845 1603 1896 uc
1637 1832 1760 1902 turbe-

256 1935 353 2019 mini;
381 1942 520 2027 oportet
545 1933 637 2004 enim
667 1931 758 2002 haec
783 1929 868 2015 fieri,
895 1928 960 1999 sed
987 1925 1142 1998 nondum
1169 1939 1224 2000 est
1250 1929 1343 2000 finis.
1405 1921 1630 2034 ⁷Consurget
1663 1952 1758 2021 enim

255 2075 343 2147 gens
370 2054 569 2144 ingentem
596 2059 632 2122 et
661 2071 810 2142 regnum
837 2049 871 2118 in
896 2067 1053 2139 regnum,
1081 2056 1116 2116 et
1142 2057 1241 2118 erunt
1274 2047 1497 2142 pestilentiae
1524 2069 1560 2128 et
1584 2063 1696 2138 sames
1724 2081 1760 2140 et

224 2233 229 2244 .
256 2183 370 2246 terrae
387 2179 502 2242 motus
514 2191 578 2262 per
589 2171 683 2241 loca,
711 2160 725 2205 ⁸
743 2169 838 2238 llaec
852 2175 969 2238 autem
990 2165 1105 2236 omnia
1125 2167 1218 2237 initia
1231 2176 1313 2238 sunt
1328 2167 1501 2242 dolorum.
1528 2167 1646 2232 ΝΜ)
1660 2185 1760 2258 Tunc

257 2293 393 2366 tradent
418 2311 484 2361 vos
509 2290 544 2360 in
568 2290 794 2361 tribulatione
822 2295 858 2356 ct
885 2283 1046 2356 occident
1071 2306 1147 2370 vos,
1176 2287 1336 2358 eteritis
1365 2287 1448 2360 odio
1476 2296 1758 2394 omnibus-gen-

257 2413 349 2483 tibus
375 2419 518 2504 propter
542 2429 676 2480 nomen
703 2419 830 2479 meum.
885 2395 913 2441 ¹⁰
927 2389 1032 2448 (Μ’)
1053 2403 1096 2474 Et
1121 2413 1202 2476 lunc
1235 2405 1565 2483 scandalizabuntur
1596 2419 1692 2490 multi
1720 2435 1758 2494 et

258 2532 405 2602 invicem
432 2527 569 2599 tradent
595 2538 630 2599 et
659 2525 743 2598 odio
771 2523 952 2596 habebunt
977 2520 1134 2594 invicem.
1185 2515 1208 2560 ¹¹
1223 2523 1267 2598 Et
1293 2527 1393 2598 multi
1418 2528 1756 2628 pseudoprophetae

258 2659 402 2743 surgent
428 2659 464 2718 et
489 2649 657 2720 seducent
683 2647 821 2717 multos.
867 2633 894 2678 ⁴¹
906 2639 950 2710 Et
975 2641 1138 2734 quoniam
1172 2639 1366 2716 abundabit
1400 2647 1577 2742 iniquitas,
1605 2655 1755 2750 redige.

258 2778 333 2841 scet
359 2768 482 2839 caritas
509 2769 705 2838 multorum.
759 2755 786 2800 ¹³
805 2761 873 2848 Qui
901 2769 1015 2832 aumm
1042 2764 1322 2853 perseveraverit
1351 2787 1461 2861 usque
1494 2768 1529 2838 in
1554 2767 1669 2858 finem
1697 2776 1755 2849 hio

259 2890 378 2960 salvus
405 2887 478 2958 crit.
532 2875 661 2932 “W
675 2885 717 2954 Et
743 2877 1006 2976 praedicabitur
1030 2880 1099 2951 boo
1131 2882 1350 2972 evangelium
1385 2887 1484 2980 regni
1518 2887 1553 2956 in
1586 2891 1775 2967 universo·

260 3009 347 3080 orbe
381 3007 415 3076 in
446 3003 681 3076 testimonium
716 3003 884 3075 omnibus
920 2999 1100 3090 gentibus,
1142 3007 1177 3069 et
1211 3009 1293 3072 tunc
1328 3005 1448 3076 veniet
1487 3013 1753 3086 consummatio.

258 3117 386 3176 mm)
402 3125 486 3196 Cum
513 3144 598 3216 ergo
625 3121 784 3192 videritis
812 3119 1109 3192 abominationem
1137 3116 1377 3210 desolationis,
1405 3145 1498 3218 quae
1531 3123 1624 3197 dicta
1649 3139 1705 3200 est
1732 3153 1753 3204 a

259 3245 426 3318 Danihele
444 3243 626 3338 propbeta,
654 3249 803 3310 stantem
819 3241 856 3310 in
874 3239 953 3308 loco
972 3249 1108 3309 sancto:
1135 3237 1194 3330 qui
1211 3239 1295 3331 legit
1312 3242 1501 3336 intellegat:
1529 3234 1555 3280 ⁴⁶
1566 3233 1658 3290 (Μ
1672 3255 1753 3320 tuno

262 3366 321 3458 qui
346 3366 381 3434 in
406 3363 535 3435 ludaea
561 3369 640 3431 sunt
665 3359 797 3450 fugiant
824 3355 872 3430 ad
898 3367 1044 3442 montes,
1097 3350 1123 3392 Π
1136 3364 1172 3426 et
1197 3357 1256 3448 qui
1283 3359 1318 3429 in
1344 3371 1435 3434 tecto
1462 3381 1531 3432 nou
1558 3361 1753 3438 descendat

262 3483 385 3554 tollere
424 3478 552 3572 aliquid
586 3477 633 3549 de
664 3473 772 3549 domo
807 3498 881 3560 sua,
933 3467 960 3512 ¹⁸
978 3486 1013 3546 et
1046 3475 1165 3568 quiin
1201 3493 1287 3565 agro
1313 3499 1384 3550 uon
1410 3489 1604 3551 revertatur
1628 3483 1751 3557 tollere

263 3603 412 3674 tunicam
447 3620 556 3671 suam.
607 3590 633 3634 ⁴⁹
646 3586 736 3642 (Ἢ)
750 3597 823 3666 Vae
858 3605 974 3666 autem
1007 3591 1255 3688 praegnatibus
1291 3605 1326 3666 et
1362 3598 1588 3669 nutrientibus
1620 3599 1655 3670 in
1687 3603 1753 3676 illis

265 3721 400 3794 diebus.
438 3707 571 3782 me)
586 3715 693 3786 Orate
720 3725 836 3786 autem
863 3724 900 3784 ut
926 3735 996 3785 non
1022 3713 1080 3784 fiat
1105 3714 1187 3806 iuga
1213 3723 1331 3785 vestra
1358 3716 1473 3788 hieme
1499 3719 1556 3789 vel
1583 3717 1750 3795 sabbato:

262 3831 286 3878 ¹⁴
302 3829 397 3886 (Μ)
415 3837 481 3907 erit
506 3835 598 3905 enim
624 3845 706 3904 tunc
731 3834 903 3905 tribulatio
930 3851 1071 3926 magna,
1099 3831 1209 3924 qualis
1243 3854 1315 3904 non
1347 3835 1408 3906 tuit
1439 3837 1484 3908 ab
1510 3838 1606 3910 initio
1632 3843 1751 3914 mundi

267 3979 376 4052 usque
411 3953 520 4026 modo
554 3975 670 4046 neque
704 3951 780 4038 fiet;
832 3944 962 4002 ”⁶⁵²ss‘’
975 3963 1011 4024 et
1042 3953 1107 4024 nisi
1141 3951 1288 4022 breviati
1319 3953 1465 4026 luissent
1495 3955 1572 4028 dies
1598 3958 1653 4044 illi,
1680 3983 1752 4033 non
1889 4001 1894 4010 ·

265 4075 364 4146 lieret
402 4075 501 4145 salva
541 4073 653 4143 omnis
697 4093 794 4144 caro:
838 4071 903 4142 sed
942 4082 1086 4166 propter
1116 4071 1256 4148 electos
1295 4071 1544 4162 breviabuntur
1584 4076 1661 4164 dies
1695 4081 1750 4150 illi.

264 4185 291 4231 ’³
304 4185 391 4240 (ω)
405 4193 501 4262 Tunc
527 4189 556 4261 si
583 4192 660 4283 quis
686 4191 789 4261 vobis
815 4191 943 4262 dixerit
967 4191 1057 4262 Ecce
1083 4190 1140 4261 bic
1166 4189 1319 4260 Christus
1346 4201 1405 4263 aut
1430 4193 1511 4264 illic:
1539 4197 1645 4268 nolite
1671 4219 1750 4269 cre-

266 4310 361 4383 dere.
404 4298 534 4356 ”imi
549 4311 697 4402 Surgent
723 4309 814 4378 euim
842 4309 1095 4403 pseudochristi
1122 4321 1158 4382 et
1189 4307 1530 4404 pseudoprophetae,
1558 4325 1593 4386 et
1619 4317 1751 4390 dabunt

266 4430 365 4522 signa
391 4449 517 4520 magna
551 4438 587 4499 et
619 4426 795 4522 prodigia,
832 4428 878 4498 ita
912 4438 949 4499 ut
980 4430 1014 4498 in
1041 4450 1198 4501 errorem
1225 4427 1438 4516 inducantur,
1466 4432 1495 4502 si
1521 4431 1595 4504 fieri
1621 4445 1747 4528 potest,

264 4549 370 4619 etiam
406 4547 515 4618 electi.
572 4539 601 4584 ¹⁵
616 4547 707 4616 Ecce
739 4545 900 4638 praedixi
940 4546 1053 4618 vobis.
1112 4539 1243 4596 ”ml
1259 4548 1294 4617 Si
1332 4569 1418 4642 ergo
1458 4550 1608 4622 dixerint
1645 4554 1748 4626 vobis

267 4667 356 4738 Ecce
383 4667 418 4736 in
444 4663 585 4736 deserto
618 4673 690 4756 est,
726 4665 832 4735 nolite
866 4665 978 4736 exire:
1013 4667 1104 4736 Ecce
1130 4667 1164 4736 in
1190 4668 1433 4757 penetralibus,
1460 4669 1566 4740 nolite
1593 4669 1747 4744 credere.

263 4777 290 4822 ²⁷
304 4777 393 4832 ‘mi
408 4783 502 4856 Sicut
528 4783 619 4872 emm
644 4783 757 4874 fulgur
784 4783 856 4852 exit
884 4783 929 4856 ab
957 4786 1089 4856 oriente
1122 4795 1158 4854 et
1189 4794 1290 4876 parel-
1323 4805 1434 4878 usqne
1460 4786 1495 4856 in
1521 4787 1746 4874 occidentem,

264 4903 311 4973 ita
337 4903 403 4974 crit
428 4913 463 4974 et
489 4901 659 4992 adventus
685 4899 743 4970 filii
770 4901 927 4973 hominis.
979 4894 1006 4940 ²⁸
1019 4895 1111 4949 (m)
1125 4903 1340 4995 Ubicumque
1374 4904 1475 4974 fuerit
1508 4925 1644 4998 corpus,
1670 4907 1749 4978 illuc

263 5022 567 5114 congregabuntur
593 5021 738 5112 aquilae.
790 5011 817 5058 ῃ
830 5011 926 5068 (Μ
943 5020 1063 5090 Statim
1091 5031 1206 5092 autem
1233 5031 1315 5114 post
1340 5021 1594 5095 tribulationem
1612 5025 1747 5098 dierum

262 5139 397 5210 illorum
424 5142 477 5212 sol
505 5139 754 5223 obscurabitur,
783 5147 818 5209 et
844 5139 924 5211 luna
945 5161 1015 5211 non
1040 5139 1137 5210 dabit
1161 5139 1277 5210 lumen
1294 5161 1404 5225 suum,
1432 5151 1467 5212 et
1484 5144 1604 5216 stellae
1622 5145 1747 5218 cadent

817 5255 974 5342 XXIV,l
1038 5297 1083 5312 --
1138 5259 1197 5333 29.
