4220 6124
724 324 904 389 EPISTULA
929 321 982 388 Al)
1009 323 1234 389 coamantes
1259 323 1279 386 l.
1662 319 1736 392 805

259 541 374 626 deum,
402 534 528 634 placuit
561 531 632 606 deo
664 547 726 626 per
752 529 926 603 stulfitiam
959 527 1223 624 praedicationis
1249 525 1366 600 salvos
1397 525 1513 600 lacere
1538 527 1737 614 credentem

258 652 462 754 ”quonism
488 661 524 726 ιι
548 649 665 726 ludaei
692 651 791 744 signa
817 659 936 744 petunt
962 659 999 722 et
1024 648 1146 722 Graeci
1171 645 1373 743 sapientiam
1399 657 1586 740 quaermt,
1633 641 1739 722 ²3rrrrs

261 787 376 852 autem
403 773 644 874 praedicamus
671 771 840 844 Christum
868 767 1077 854 crucifixum,
1103 766 1239 840 ludaeis
1256 766 1396 862 quidam
1414 766 1622 857 scandalum,
1649 791 1740 864 gen-

261 900 352 972 tibus
379 907 495 970 autem
520 893 708 978 stultitiam,
751 879 778 930 ¹*
794 890 878 986 ipsis
904 899 1020 964 autem
1037 887 1179 974 vocatis,
1205 887 1341 962 ludaeis
1365 896 1470 980 atque
1487 887 1615 976 Grecis,
1643 891 1741 964 Clui-

263 1029 353 1092 stum
379 1017 438 1092 dei
462 1015 622 1088 virtutem
658 1021 694 1084 et
727 1011 783 1085 dei
810 1011 1028 1106 sapientiam;
1070 999 1098 1046 ²⁵
1114 1009 1195 1103 quia
1226 1007 1322 1103 quod
1351 1007 1489 1080 stultum
1516 1019 1571 1082 est
1596 1009 1654 1084 dei
1681 1033 1742 1085 sa-

263 1138 412 1234 pientius
438 1145 494 1210 est
518 1131 734 1217 bominibus,
761 1139 796 1203 ιι
821 1130 917 1224 quod
951 1128 1121 1202 infirmum
1147 1137 1201 1201 est
1226 1127 1285 1202 dei
1311 1127 1431 1201 lortius
1457 1137 1511 1200 est
1534 1129 1742 1205 bominibus.

261 1249 288 1296 ’ὅ
305 1249 339 1304 (⁸)
355 1257 478 1330 Videte
509 1253 600 1326 enim
632 1251 852 1324 vocationem
884 1259 1050 1336 vestram,
1084 1249 1218 1335 iratres,
1246 1249 1422 1344 quianon
1448 1249 1542 1321 multi
1567 1253 1744 1346 sapientes
1856 1247 1861 1256 ’

265 1377 455 1450 seeundum
488 1395 644 1458 carnem,
676 1390 747 1443 non
776 1371 873 1444 mrrlti
904 1375 1084 1466 potentes,
1117 1389 1187 1442 nou
1212 1369 1308 1442 multi
1332 1369 1480 1442 nobiles:
1522 1363 1626 1444 ”sed
1653 1394 1745 1468 quae

265 1498 368 1570 stulta
394 1507 474 1570 sunt
498 1493 617 1568 mundi
650 1489 757 1584 elegit
790 1489 879 1564 deus
910 1501 948 1564 ut
972 1488 1160 1564 conlaudat
1185 1481 1379 1585 sapientes,
1406 1499 1443 1564 ιι
1466 1489 1600 1565 infirma
1625 1493 1746 1566 mundi

265 1617 370 1711 elegit
395 1617 483 1691 deus
507 1624 546 1687 ut
577 1610 765 1686 eonbmdat
796 1610 911 1698 fortia,
953 1601 980 1648 '⁸
997 1619 1033 1684 ιι
1063 1609 1226 1704 ignobilia
1259 1609 1378 1684 mundi
1412 1621 1448 1682 et
1479 1613 1747 1706 contemptibilia

264 1738 371 1831 elegit
396 1735 499 1821 dens,
532 1731 567 1806 ιι
598 1752 690 1826 quae
714 1747 785 1804 non
810 1740 903 1817 sunt,
936 1737 1049 1804 ntea
1081 1751 1171 1825 quae
1202 1737 1281 1800 suut
1312 1727 1527 1818 destruerem
1570 1724 1598 1770 ¹⁹
1612 1743 1650 1805 ut
1674 1755 1747 1808 non
1785 1815 1791 1832 ,

266 1858 432 1952 glorietm
466 1855 578 1928 omnis
605 1868 688 1925 earo
720 1851 756 1922 in
782 1861 973 1947 conspectu
1005 1850 1089 1924 aius.
1140 1841 1168 1890 ³⁰
1184 1851 1237 1924 llx
1262 1849 1342 1946 ipso
1369 1859 1485 1924 antem
1511 1873 1576 1926 vos
1603 1853 1686 1927 estis
1711 1853 1746 1926 in
1892 1929 1896 1936 ,

266 1975 400 2050 Christo
432 1975 528 2060 lesu,
563 1974 621 2069 qui
646 1973 755 2062 lactus
782 1982 836 2046 est
861 1971 1029 2068 sapientia
1053 1971 1156 2044 nobis
1182 1987 1204 2044 a
1236 1969 1306 2044 deo
1341 1981 1377 2043 ιι
1409 1971 1533 2046 iustitia
1558 1977 1594 2046 et
1619 1975 1746 2048 sancti-

267 2095 382 2168 ficatio
409 2105 446 2168 et
469 2093 682 2189 redemptio,
725 2089 751 2134 ³¹
767 2104 803 2166 ut
829 2091 1123 2188 quemadmodum
1150 2091 1313 2186 seriptum
1340 2101 1394 2164 est
1421 2093 1485 2179 Qui
1511 2093 1685 2188 gloriatur,
1711 2097 1746 2167 in

268 2213 410 2288 domino
437 2215 611 2308 glorietur.

987 2489 1023 2560 ll.

345 2687 409 2792 ⁴:⁰³
422 2695 465 2770 Et
490 2718 558 2792 ego
585 2719 663 2770 cum
689 2698 864 2770 venissem
890 2695 937 2770 ad
961 2715 1037 2781 vos,
1063 2695 1196 2780 iratres,
1224 2693 1302 2766 veni
1319 2711 1391 2768 nort
1416 2717 1480 2790 par
1505 2695 1745 2770 sublimitatem

268 2817 440 2890 sermonis
466 2827 525 2889 aut
549 2817 738 2912 sapientiae
765 2817 969 2890 adnuntians
993 2813 1095 2887 vobis
1122 2813 1352 2888 tesdmonlum
1378 2815 1510 2888 Clnisti.
1536 2807 1639 2890 ’Non
1656 2817 1746 2890 enim

268 2937 417 3010 indicaui
449 2958 506 3008 me
533 2937 623 3009 scire
655 2936 783 3030 aliquid
807 2937 896 3010 inter
921 2957 988 3008 vos
1018 2933 1084 3006 nisi
1110 2933 1277 3007 Christum
1301 2935 1432 3022 lesum,
1458 2945 1495 3008 et
1519 2935 1610 3008 bunc
1636 2937 1747 3009 eruci-

269 3056 386 3130 lixum.
437 3049 511 3127 'llt
536 3077 604 3150 ego
631 3057 666 3128 ln
690 3055 884 3130 infirmitate
910 3065 946 3127 et
970 3055 1094 3128 timore
1120 3063 1156 3127 et
1181 3069 1333 3128 tremore
1358 3056 1465 3129 multo
1490 3055 1537 3127 lui
1563 3067 1646 3152 aput
1670 3077 1745 3142 vos,

267 3163 335 3248 ‘et
359 3196 477 3248 sermo
503 3197 604 3248 meus
630 3185 666 3248 et
689 3176 903 3270 praedicatio
929 3191 1009 3248 mea
1033 3195 1104 3246 nou
1129 3175 1164 3246 in
1189 3176 1416 3270 persuasione
1433 3177 1622 3271 sapientiae
1637 3175 1746 3261 verbi,

270 3295 336 3368 sed
361 3297 396 3367 in
421 3295 622 3368 ostensione
639 3295 777 3390 spiritus
803 3305 840 3367 et
855 3293 1003 3380 tirtutis;
1045 3285 1110 3367 ὅιιι
1134 3293 1222 3368 lides
1238 3305 1355 3370 vestra
1373 3315 1441 3370 non
1459 3298 1503 3370 sit
1527 3297 1562 3370 in
1579 3296 1746 3392 sapientia

271 3415 447 3488 bominum
474 3416 540 3488 sed
573 3415 607 3488 in
632 3415 757 3488 virtute
784 3415 851 3488 dei.
900 3403 1148 3510 “Sapientiam
1181 3425 1296 3490 autem
1318 3409 1493 3511 loquimur
1518 3417 1606 3488 inter
1630 3417 1747 3510 perle-
1868 3417 1875 3432 ‘

269 3545 364 3622 ctoa;
399 3535 604 3630 sapientiam
630 3554 718 3608 vero
743 3557 814 3609 non
838 3535 939 3608 buius
964 3535 1092 3608 saeculi
1126 3553 1240 3630 neque
1265 3535 1456 3632 principum
1483 3537 1582 3609 lrnius
1607 3535 1746 3620 saeculi,

215 3694 218 3704 ·
268 3656 329 3750 qui
355 3655 591 3742 destruuntur,
633 3649 726 3730 ''sed
756 3656 927 3751 loquimur
960 3655 1018 3728 dei
1050 3655 1252 3750 sapientiam
1285 3656 1319 3728 in
1350 3657 1531 3752 mysterio,
1565 3675 1656 3750 quae
1681 3655 1746 3728 ab·

270 3775 428 3850 seondita
454 3785 517 3863 est
545 3797 648 3871 mam
674 3776 947 3872 praedestinavit
972 3773 1060 3849 deus
1085 3785 1164 3848 ante
1190 3777 1330 3849 saecula
1355 3777 1389 3848 in
1415 3777 1559 3870 gloriam
1583 3787 1746 3862 nostram,

268 3887 405 3990 ⁸quam
438 3917 543 3970 nemo
573 3896 764 3993 principum
796 3897 896 3971 buius
928 3897 1058 3971 saeculi
1091 3897 1274 3990 cognovit:
1306 3897 1336 3969 si
1368 3896 1461 3969 enim
1492 3896 1747 3990 cognovissent

271 4035 458 4110 numrpram
496 4015 674 4089 dominum
711 4018 843 4112 gloriae
874 4015 1132 4092 crucifixissent
1182 4005 1249 4062 ΗΒ)
1263 4017 1334 4090 Sed
1376 4017 1465 4090 sicut
1495 4017 1658 4112 scriptum
1692 4027 1748 4090 est

272 4137 376 4222 Quod
411 4138 531 4210 oculus
564 4157 635 4209 non
666 4138 753 4212 vidit
784 4155 850 4211 nec
885 4139 978 4212 auris
1010 4137 1139 4211 audivit
1169 4161 1235 4211 nac
1260 4139 1294 4209 in
1320 4155 1381 4210 cor
1405 4136 1554 4210 bominis
1580 4138 1746 4223 aseendit

271 4277 361 4349 quae
387 4257 607 4352 praeparavit
631 4256 721 4330 deus
746 4255 800 4330 his
825 4260 884 4354 qui
910 4259 1053 4354 diligunt
1076 4259 1178 4331 illum.
1230 4249 1256 4293 ¹⁰
1272 4245 1305 4304 ‘⁹'
1326 4256 1436 4330 Nobis
1468 4266 1583 4330 autem
1609 4259 1746 4332 revela-

270 4375 321 4474 bit
345 4377 433 4450 deus
459 4397 522 4471 per
557 4377 711 4471 spiritum
744 4401 862 4450 suum:
895 4380 1032 4472 spiritus
1064 4380 1155 4450 emm
1181 4377 1296 4450 omnia
1323 4386 1507 4463 sonatur,
1533 4379 1637 4450 etiam
1662 4399 1747 4472 pro-

271 4495 376 4568 lunda
409 4495 475 4570 dei.
527 4489 549 4534 ⁴¹
571 4497 656 4584 Quis
688 4499 779 4570 enim
811 4499 876 4570 scit
904 4499 1079 4572 hominum
1113 4519 1203 4592 quae
1235 4497 1304 4570 sint
1334 4497 1482 4570 bominis
1513 4492 1593 4570 nisi‘
1608 4497 1747 4592 spiritus

272 4615 419 4689 bominis
444 4619 502 4711 qui
528 4617 666 4712 inipso
693 4621 772 4691 est‘l
794 4619 847 4692 lta
873 4627 1024 4712 atquae
1049 4619 1107 4692 dai
1133 4627 1212 4690 sunt
1236 4638 1339 4690 nemo
1366 4617 1531 4712 cognovit
1554 4617 1620 4690 nisi
1645 4617 1748 4713 spiri-

271 4747 326 4808 tus
352 4737 419 4811 dei.
469 4728 497 4774 ⁴²
512 4727 562 4785 (ι’)
574 4735 646 4808 Nos
673 4747 788 4810 autern
814 4760 885 4811 non
911 4737 1064 4832 spiritum
1091 4739 1191 4810 buius
1217 4729 1336 4809 mundi
1361 4739 1569 4834 accepimns,
1596 4739 1661 4812 sed
1677 4739 1751 4832 spi-

272 4858 372 4928 ritum
399 4858 457 4950 qui
484 4877 531 4928 ex
549 4859 619 4930 deo
637 4869 699 4944 est
726 4870 763 4930 ut
788 4859 936 4930 seiamm
962 4881 1052 4951 quae
1080 4855 1187 4929 adeo
1214 4855 1343 4928 donata
1360 4868 1440 4930 sunt
1455 4859 1572 4944 nobis;
1617 4851 1750 4953 13ιιιιιι

271 4977 502 5070 elloquimur
527 4999 597 5050 non
630 4979 664 5049 in
698 4977 810 5052 doctis
841 4979 1012 5050 bumanae
1042 4978 1232 5074 sapientiae
1266 4979 1399 5067 verbis,
1430 4979 1496 5052 sed
1527 4981 1563 5052 in
1596 4978 1751 5052 domne
1838 5045 1843 5061 ,

272 5098 411 5192 spiritus
437 5107 473 5168 et
497 5097 647 5184 virtutis,
682 5100 891 5194 spiritalibus
925 5095 1088 5194 spiritalia
1114 5107 1352 5194 conparantes.
1403 5091 1609 5182 *linimus
1634 5107 1750 5170 autem

852 5221 950 5303 1,ἓῖ
981 5221 1089 5306 -11,
1119 5221 1177 5291 tl.

1404 5339 1449 5410 34
