4242 6118
733 429 915 494 clauum
941 431 1157 496 LECTIONUII
1182 433 1385 497 SECUNDUM
1410 435 1535 500 LUCIIII

595 657 694 707 muas
720 646 757 706 ut
781 635 1040 728 negotIareutur
1066 659 1113 710 ex
1139 638 1199 722 eis,
1227 648 1262 709 et
1288 638 1444 716 inimicos
1469 639 1566 732 regni
1600 639 1652 710 sui
1678 641 1877 732 pronuntiat

595 754 827 850 perimendos.

399 874 563 946 LXXVIII.
592 877 704 970 Super
729 876 857 970 pullum
884 876 1001 948 asinae
1035 877 1125 950 sedit
1159 877 1289 949 cunctis
1322 877 1514 950 dicentibus
1548 878 1621 950 Pax
1654 879 1812 951 incaelo
1840 892 1874 952 et

594 997 704 1088 gloria
730 997 764 1067 iu
798 996 962 1082 excelsis,
995 1007 1030 1069 et
1065 998 1110 1070 de
1145 998 1364 1092 increpandis
1399 999 1574 1094 disprulis
1609 999 1681 1071 suis
1700 999 1754 1070 ait
1779 1001 1873 1072 Sihi

553 1151 555 1161 ι
594 1116 768 1201 tacuerint,
794 1115 928 1210 Iapides
955 1119 1159 1190 clamabunt.

424 1236 564 1308 LXXIII.
592 1233 721 1306 Videus
752 1235 923 1312 ciuitatem
963 1237 1055 1310 Ilevit
1088 1261 1195 1334 super
1233 1261 1311 1310 eam
1345 1239 1589 1336 praenuntians
1628 1241 1871 1313 evertendam:

592 1355 638 1427 de
656 1355 785 1450 templo
811 1358 1003 1430 vendentes
1029 1359 1122 1430 eicit:
1149 1359 1272 1431 scribis
1298 1359 1535 1432 insidiantibus
1562 1383 1583 1431 a
1609 1361 1740 1454 populo
1758 1362 1869 1432 liben-

592 1485 645 1547 ter
671 1476 815 1548 auditur.
1653 1485 1656 1491 “

437 1595 565 1668 LXXX.
593 1597 813 1668 ScIscitautes
841 1597 886 1670 de
912 1609 1085 1693 potestate
1112 1601 1186 1672 eius
1218 1599 1369 1671 vicissim
1403 1601 1448 1671 ab
1482 1599 1715 1692 interrogante
1741 1602 1786 1674 de
1812 1603 1869 1672 lo-

590 1715 712 1786 bannis
736 1701 911 1810 baptismo
937 1719 1192 1791 convincuntur.

422 1837 562 1908 LXXXI.
589 1835 794 1908 Parabolam
821 1837 903 1909 dicit
928 1838 974 1910 de
1000 1839 1186 1912 cultoribus
1211 1839 1335 1911 vineae
1361 1840 1419 1932 qui
1445 1839 1574 1912 domiui
1607 1841 1659 1912 sui
1686 1849 1722 1912 et
1747 1861 1869 1912 servos

590 1955 753 2028 etlilium
781 1956 990 2030 occiderunt

407 2079 561 2150 LXXXII.
589 2077 788 2148 Temtautes
830 2077 876 2149 de
913 2079 1039 2151 tributo
1080 2079 1238 2152 Caesaris
1270 2078 1453 2151 reddendo
1485 2079 1616 2153 denarii
1648 2081 1866 2175 inscriptione

568 2195 768 2269 ,convincit

395 2321 561 2393 LXXXIII.
590 2315 804 2388 Sadducaeis
831 2316 877 2388 de
904 2332 1039 2415 septem
1065 2321 1205 2392 fratrum
1232 2341 1344 2391 uxore
1371 2321 1614 2412 quaerentibus
1641 2321 1866 2394 resurrectio-

588 2459 669 2510 nem
696 2437 799 2508 etiam
823 2438 910 2510 bIosi
936 2441 1130 2512 testimonio
1156 2439 1278 2512 firmat.

387 2562 566 2635 LXXXIIII.
595 2557 737 2644 Quaerit
762 2559 940 2650 quomodo
959 2561 1110 2633 Christus
1135 2559 1222 2632 filius
1248 2561 1292 2632 sit
1316 2559 1438 2645 David,
1466 2583 1544 2632 cum
1562 2560 1722 2633 domiuus
1748 2560 1793 2632 ab
1820 2581 1864 2631 eo
1969 2642 1973 2662 1

588 2685 773 2752 vocaretur
798 2676 833 2748 iu
858 2679 991 2773 psalmo
1023 2681 1212 2752 centesimo
1245 2702 1356 2753 nono:
1391 2680 1574 2752 elationem
1606 2701 1744 2774 quoque
1778 2681 1863 2750 scri-

587 2801 709 2870 barum
742 2797 867 2890 arguit:
899 2799 1039 2873 viduam
1072 2801 1106 2872 iu
1137 2801 1409 2896 gazophilacium
1454 2800 1524 2872 duo
1558 2823 1641 2874 aera
1675 2801 1863 2872 mittentem

588 2921 665 3014 plus
681 2917 852 2990 ‚omuibus
878 2921 1012 2992 misisse
1039 2921 1227 2993 confirmat.

402 3043 556 3114 LXXXV.
583 3039 817 3112 Laudautibus
844 3039 1035 3113 aedificium
1062 3043 1180 3137 templi
1205 3041 1373 3137 praedicit
1405 3043 1502 3114 ocius
1536 3041 1800 3113 destruendum:
1828 3053 1863 3113 et

587 3159 875 3252 interrogantibus
908 3161 953 3232 de
986 3161 1054 3233 fine
1093 3162 1273 3258 respoudit
1311 3163 1401 3234 mala
1438 3162 1583 3256 plurima
1623 3183 1860 3257 praecessura,

586 3303 652 3352 nco
685 3281 993 3374 praecogitandum
1026 3281 1108 3373 quid
1141 3284 1256 3356 traditi
1287 3284 1486 3376 loquantur,
1527 3283 1592 3356 sed
1628 3283 1663 3354 iu
1701 3283 1861 3377 patieutIa

586 3423 649 3473 sua
674 3399 878 3494 possideant
904 3402 1034 3473 animas
1061 3389 1151 3476 suas.

387 3523 556 3596 LXXXVI.
585 3519 872 3594 CIrcumdaudam
898 3521 943 3592 alt
971 3525 1126 3598 exercitu
1152 3525 1373 3608 Hierusalem,
1402 3531 1436 3594 et
1460 3545 1528 3594 vae
1555 3517 1857 3618 praegnantibus,

585 3642 735 3736 gladium
770 3661 910 3734 quoque
941 3653 977 3714 et
1008 3647 1237 3739 captivitatem
1271 3645 1439 3738 signaque
1473 3644 1560 3717 caeli
1590 3645 1716 3729 lutura,
1752 3665 1861 3736 seque

582 3771 764 3834 venturum
790 3761 824 3831 iu
849 3762 942 3834 nube
969 3785 1046 3869 cum
1073 3775 1245 3858 potestate
1272 3787 1399 3858 magna
1426 3775 1461 3836 et
1483 3763 1663 3836 maiestate
1681 3764 1857 3858 praedicit.

381 3883 563 3955 LXXXVII.
590 3881 808 3976 Resipiscite,
845 3881 967 3974 iuquit,
1008 3884 1087 3977 quia
1129 3885 1383 3980 adpropinquat
1422 3885 1592 3957 redemtio
1633 3893 1765 3957 vestra:
1812 3885 1856 3954 ab

356 3991 363 3999 “
584 4003 750 4073 ebrietate
781 4022 921 4094 quoque
954 4013 989 4072 et
1022 4004 1112 4076 curis
1145 4006 1244 4077 buius
1285 4007 1377 4078 vitae
1411 4005 1615 4098 prohibens,
1649 4004 1856 4097 vigilandum

581 4121 747 4216 praecipit
773 4130 808 4191 et
833 4121 1011 4195 orandum.

379 4245 574 4317 LXXXVIII.
600 4244 703 4316 ludas
728 4241 913 4334 paciscitur
937 4245 1101 4336 pretium:
1135 4255 1258 4339 parant
1292 4245 1447 4339 discipuli
1480 4245 1628 4338 pascha:
1656 4243 1855 4339 mysterium

556 4383 711 4436 ,caenae
738 4361 930 4433 domiuIcae
957 4365 1160 4436 celebratur.

377 4485 549 4558 LXXXIX.
577 4482 835 4557 Contentionem
862 4481 1106 4578 discipulorum
1133 4507 1172 4557 se
1199 4486 1310 4579 ipsum
1336 4486 1467 4556 illorum
1491 4485 1680 4556 ministrum
1700 4495 1855 4556 astruens

581 4605 682 4676 tollit:
710 4603 834 4695 quibus
859 4623 1002 4695 reguum
1030 4607 1232 4700 promittens
1259 4607 1306 4676 ait
1331 4617 1411 4700 post
1445 4605 1558 4698 aliqua
1592 4605 1694 4676 Petro
1722 4603 1854 4677 Confir-

579 4747 636 4796 ma
661 4725 784 4795 fratres
810 4717 913 4796 tuos'

484 4845 551 4915 XC.
578 4845 751 4917 Passionis
786 4855 886 4938 gesta
919 4855 1118 4931 narrantur,
1159 4847 1218 4917 ubi
1252 4847 1338 4919 inter
1371 4859 1487 4919 cetera
1511 4847 1624 4919 etiam
1658 4845 1853 4928 auriculam,

580 4989 685 5058 quam
718 4987 828 5060 puero
864 4966 985 5037 Petrus
1019 4965 1232 5051 absciderat,
1282 4969 1357 5063 ipse
1389 4991 1511 5042 manus
1552 4989 1637 5040 suae
1672 4975 1762 5064 tactu
1796 4985 1853 5034 re-

578 5087 690 5158 stituit.

469 5205 548 5276 XCI.
576 5205 857 5299 CruciIigenthus
882 5209 1018 5280 veniam
1046 5217 1191 5302 epatre
1219 5209 1429 5304 deposcens,
1465 5209 1567 5280 etiam
1597 5206 1700 5279 unum
1728 5228 1774 5279 ex
1800 5207 1852 5278 la-

577 5327 732 5399 tronibus
758 5327 957 5400 crucifixam
984 5327 1202 5402 confitentem
1229 5329 1384 5404 absolvit.
