4220 6124
681 403 864 470 EPISTULA
891 404 945 468 AD
973 405 1198 470 CORINTHIOS
1225 407 1256 466 ll.

1604 405 1739 520 '⁸3⁸5

708 513 767 520 ...-
778 512 843 518 ---—
878 513 1066 520 —-—-—-
1270 509 1579 520 .-.——------.--....

252 615 454 698 voluissem,
489 609 654 706 numquid
680 610 819 682 levitate
845 631 933 682 usus
960 612 1065 682 sum‘l
1099 619 1157 682 aut
1182 631 1272 702 quae
1298 609 1414 704 cogito
1442 609 1633 684 secunaum
1660 631 1740 682 ear-

253 758 333 806 nem
360 733 490 826 cogito,
522 741 559 804 ut
590 732 632 804 sit
665 730 758 825 apud
790 750 848 800 mc
886 740 941 802 cst
972 739 1007 800 et
1038 733 1131 802 non‘l
1181 720 1208 766 ⁴⁸
1224 729 1350 803 Fidelis
1384 738 1498 802 autern
1526 729 1631 814 deus,
1660 729 1741 822 quia

254 877 369 928 sermo
396 862 515 926 noster
541 853 598 944 qui
624 849 661 923 fit
688 849 781 945 apud
807 871 892 936 voS,
929 872 998 922 non
1025 861 1079 920 est
1103 851 1137 920 in
1170 851 1225 921 illo
1253 861 1306 922 est
1332 861 1367 922 et
1392 870 1471 921 non.
1524 841 1549 886 ¹⁹
1561 850 1625 922 Dei
1651 851 1742 921 enim

256 977 342 1047 filius
373 975 469 1044 lesus
501 972 668 1056 Christus,
702 975 759 1064 qul
793 971 827 1040 in
862 970 965 1041 vobis
998 992 1064 1064 per
1097 971 1410 1065 nospraedicatus
1437 979 1506 1054 est,
1533 993 1680 1064 perure
1708 983 1743 1042 et

256 1097 428 1167 Silvanum
456 1103 491 1163 et
517 1092 742 1177 Timotheum,
770 1115 840 1164 non
867 1092 928 1163 luit
946 1101 1001 1162 est
1026 1100 1061 1162 et
1079 1112 1157 1177 non,
1185 1091 1250 1163 sed
1277 1091 1383 1162 estin
1409 1090 1465 1160 illo
1483 1090 1552 1161 suit.
1578 1083 1742 1177 ”Quod-
1795 1187 1798 1195 .
1923 1163 1926 1174 ,

256 1216 352 1309 quod
379 1215 469 1287 enirn
497 1213 748 1307 promissiones
774 1212 833 1284 dei
861 1223 959 1296 sunt,
993 1211 1028 1283 in
1055 1213 1111 1282 illo
1138 1223 1206 1284 est:
1238 1213 1321 1286 iden
1348 1220 1384 1282 et
1410 1231 1474 1304 per
1500 1211 1612 1304 ipsum
1640 1233 1743 1283 amen

257 1338 326 1410 dco
353 1335 398 1407 ad
425 1335 571 1427 gloriam
597 1339 761 1406 nostram.
812 1323 837 1370 ²¹
855 1331 922 1418 Qui
940 1342 1057 1402 autern
1085 1331 1265 1405 confirmat
1290 1353 1357 1404 nos
1379 1331 1562 1404 vobiscum
1590 1333 1624 1404 in
1642 1333 1741 1404 Chri-

257 1468 345 1530 stum
373 1455 493 1548 etqui
519 1456 617 1528 unxit
642 1475 708 1524 nos
735 1453 842 1538 deus,
886 1445 913 1490 Ἐ
931 1461 968 1524 et
993 1451 1051 1544 qui
1078 1451 1227 1543 signavit
1252 1475 1319 1530 nos
1346 1461 1381 1522 et
1408 1451 1506 1524 dedit
1523 1453 1649 1546 pignus
1667 1454 1741 1548 spi·-

257 1580 342 1650 ritus
370 1578 404 1648 in
430 1575 596 1648 cordibus
621 1573 758 1647 nostris.
809 1563 837 1610 ⁹³
850 1564 883 1622 ‘⁴'
901 1571 976 1666 Ego
1012 1581 1129 1644 autem
1162 1583 1288 1646 testem
1320 1572 1427 1644 deum
1454 1573 1578 1646 invoco
1605 1576 1640 1646 in
1666 1576 1742 1647 ani·-

257 1721 350 1772 mam
377 1717 501 1781 meam,
529 1694 625 1788 quod
651 1714 798 1788 parcens
825 1692 927 1764 vobis
953 1693 1127 1766 conveni
1154 1695 1242 1766 ultra
1269 1693 1482 1778 Corinthum,
1521 1683 1548 1731 ²⁵
1564 1715 1634 1768 non
1662 1696 1744 1789 quia

258 1807 477 1892 dominamur
502 1813 583 1888 tidei
615 1823 770 1900 vestrae,
804 1813 871 1886 sed
903 1811 1082 1884 adiutores
1115 1835 1236 1886 sumus
1269 1813 1387 1906 gaudii
1413 1814 1535 1886 vestri:
1562 1837 1644 1888 nam
1671 1815 1741 1888 tide

259 1939 411 2012 stetistis.
701 1936 704 1944 ¹
857 1953 860 1960 '

983 2209 1018 2278 ll.

336 2405 398 2464 ”’)
417 2415 524 2488 Statvri
552 2425 670 2488 autern
695 2413 763 2486 hoc
789 2414 865 2507 ipse
890 2413 986 2510 apud
1012 2435 1080 2499 rne,
1107 2435 1152 2486 ne
1179 2415 1303 2488 iterum
1329 2418 1363 2488 in
1391 2415 1559 2490 tristitiam
1586 2419 1740 2492 venirem

259 2538 306 2612 ad
330 2559 407 2610 vos.
458 2529 525 2608 2Si
551 2535 642 2608 enim
669 2554 737 2626 ego
764 2534 928 2608 contristo
955 2556 1030 2622 vos,
1058 2535 1196 2628 etquis
1222 2545 1277 2610 est
1303 2537 1361 2629 qui
1388 2558 1445 2608 mc
1471 2537 1648 2624 laetificet,
1676 2539 1740 2610 nisi

259 2659 318 2752 qm'
350 2657 572 2730 contristatur
605 2675 650 2726 ex
685 2657 766 2726 me?
808 2647 881 2728 ³Et
913 2655 982 2730 hoc
1020 2656 1133 2750 ipsum
1166 2655 1290 2748 scripsi
1324 2666 1361 2728 ut
1395 2678 1466 2732 non
1498 2681 1577 2730 cunr
1610 2679 1741 2730 venero

259 2778 427 2850 tristitiam
461 2797 566 2870 super
600 2774 771 2848 tristitiam
803 2774 952 2848 habeam
992 2775 1039 2850 dc
1073 2775 1199 2868 quibus
1240 2786 1441 2868 oportuerat
1478 2797 1535 2850 mc
1573 2777 1740 2870 gaudere,

259 2897 438 2970 conlidens
472 2895 693 2968 inomnibus
718 2895 821 2967 vobis
855 2897 934 2988 quia
968 2919 1084 2970 meum
1116 2895 1281 2989 gaudium
1315 2899 1468 2972 omnium
1495 2908 1649 2972 vestrum
1676 2907 1740 2970 est.

253 3007 273 3084 .’
289 3019 376 3090 Nam
397 3016 452 3088 'ex
477 3015 585 3086 multa
612 3015 829 3088 tribulatione
862 3026 898 3088 et
930 3011 1088 3109 ang'vmtia
1123 3017 1240 3089 cordis
1266 3017 1389 3110 scripsi
1421 3017 1523 3092 vobis
1549 3039 1613 3111 per
1638 3017 1740 3088 lacri-

260 3159 336 3208 mas
361 3137 496 3218 multas,
522 3155 593 3206 non
624 3145 663 3206 ut
689 3136 952 3220 contristemini,
986 3134 1051 3208 sed
1077 3144 1115 3209 ut
1140 3135 1255 3210 scians
1288 3159 1392 3230 quam
1420 3137 1599 3210 caritatem
1624 3138 1739 3210 babeo

261 3253 492 3330 abundantius
518 3253 553 3324 in
577 3253 690 3326 vobis.
742 3245 809 3324 ⁶St
836 3256 913 3347 quis
940 3265 1055 3328 autem
1081 3246 1301 3341 contristavit,
1329 3277 1399 3328 non
1432 3277 1490 3330 me
1516 3258 1739 3341 contristavit,

212 3431 217 3439 .
261 3375 325 3448 sed
351 3395 398 3446 ex
423 3381 539 3466 parte,
572 3383 709 3446 utnon
739 3395 899 3456 onerem,
933 3395 1054 3448 ornnes
1085 3397 1160 3448 vos
1211 3366 1372 3450 ⁶Sufficit
1404 3377 1449 3450 illi
1483 3377 1542 3470 qui
1567 3377 1739 3450 eiusmodi

260 3507 315 3568 est
341 3493 536 3586 obimgatio
563 3493 651 3566 baec
677 3515 768 3587 quae
793 3494 831 3567 lit
856 3518 877 3568 a
903 3495 1076 3589 pluribus,
1118 3487 1195 3568 'ita
1220 3505 1257 3567 ut
1283 3517 1304 3567 e
1330 3498 1644 3591 contrario-magis
1671 3497 1739 3570 do-

221 3605 223 3610 ’
259 3617 348 3688 netis
374 3623 409 3686 et
435 3614 669 3701 consolemini,
695 3637 740 3686 ne
765 3617 854 3688 lorte
880 3615 1119 3690 abundantiori
1146 3615 1278 3688 tristitia
1304 3617 1534 3692 absorbeatur
1560 3619 1618 3712 qui
1645 3617 1739 3718 cius-

261 3737 445 3810 medient
497 3725 670 3828 ⁸Propter
703 3735 799 3830 quod
831 3736 983 3843 obsecro
1015 3755 1079 3808 vos
1111 3745 1148 3808 ut
1179 3735 1390 3810 confirmetis
1416 3732 1471 3810 'in
1494 3738 1587 3810 illum
1613 3738 1739 3812 carita-

259 3868 345 3930 tem:
388 3847 494 3930 ⁹ideo
526 3855 618 3928 enim
652 3857 772 3950 scripsi
803 3866 841 3928 nt
874 3877 1085 3950 cognoscam
1120 3858 1399 3952 experimentum
1431 3869 1602 3944 vestrum,
1636 3881 1680 3932 arr
1706 3859 1740 3930 in

259 3977 420 4050 omnibns
451 3975 681 4050 oboedientes
713 3977 795 4048 sitis.
849 3967 875 4016 ¹⁰
892 3978 953 4052 Cui
984 3987 1098 4052 autem
1133 3979 1262 4072 aliquid
1295 3979 1450 4064 donatis,
1485 3989 1520 4052 et
1546 4001 1632 4072 ogo:
1659 4001 1740 4052 narn

259 4111 295 4170 et
320 4121 388 4192 ego
423 4097 520 4192 quod
553 4096 695 4184 donavi,
731 4097 762 4170 si
794 4098 878 4191 quid
910 4099 1053 4185 donavi,
1088 4109 1232 4194 propter
1265 4121 1332 4174 vos
1363 4100 1398 4172 in
1422 4121 1575 4194 persona
1602 4097 1738 4182 Christi,

259 4213 281 4256 ”
302 4229 339 4290 ut
367 4241 438 4290 non
472 4219 779 4292 circumveniamur
816 4241 838 4290 a
870 4229 1009 4294 satana:
1048 4241 1118 4295 non
1148 4218 1239 4292 enim
1273 4219 1474 4312 ignoramus
1513 4219 1740 4312 cogitationes

192 4435 194 4440 Α
260 4337 343 4406 eius.
387 4329 413 4374 ⁴²
424 4328 460 4384 ‘⁰'
479 4339 563 4410 Cum
589 4339 763 4412 venissem
791 4347 906 4412 autem
933 4341 1105 4416 Troadem
1131 4351 1288 4442 propter!
1309 4341 1524 4432 evangelium
1558 4338 1680 4414 Christi
1706 4347 1741 4409 et

260 4457 384 4529 ostium
418 4456 500 4527 mihi
535 4469 691 4551 apertum
726 4470 821 4530 esset
852 4461 886 4530 in
920 4459 1077 4546 domino,
1132 4453 1159 4499 ⁴³
1175 4483 1244 4532 non
1275 4460 1379 4532 habui
1420 4461 1576 4553 requiem
1609 4458 1741 4553 spiritui

260 4599 350 4663 rnen,
378 4597 423 4648 co
450 4577 545 4669 quod
571 4599 640 4648 non
666 4579 854 4651 invenerim
882 4579 992 4652 Titum
1018 4581 1157 4653 lratrem
1176 4597 1301 4666 meam,
1329 4583 1395 4654 sed
1419 4581 1644 4654 valefaciens
1672 4573 1740 4650 ‘eis

259 4699 434 4792 proiectus
462 4719 539 4768 sum
565 4697 599 4767 in
624 4699 898 4771 Machedoniam.
942 4687 968 4736 ”
987 4701 1059 4772 Deo
1079 4713 1192 4773 autem
1212 4703 1350 4794 gratias,
1377 4703 1435 4796 qui
1453 4721 1593 4794 semper
1620 4699 1740 4770 trium-

259 4818 344 4912 phat
368 4841 433 4891 nos
458 4818 493 4890 in
518 4817 651 4890 Christo
676 4819 755 4892 lesu
781 4827 816 4890 et
841 4819 987 4892 odorem
1013 4820 1153 4892 nnlih'ae
1185 4843 1272 4894 suae
1298 4824 1493 4896 manifestat
1526 4841 1591 4915 por
1615 4841 1680 4892 nos
1706 4819 1741 4887 in

260 4941 354 5010 omni
380 4941 476 5024 loco,
520 4929 546 4978 ¹⁵
563 4941 644 5032 quin
670 4939 792 5012 Christi
819 4939 933 5012 bonus
961 4939 1049 5014 odor
1075 4963 1193 5016 sumus
1220 4944 1289 5016 dco
1315 4946 1349 5016 in
1376 4945 1429 5016 his
1456 4943 1514 5036 qui
1546 4940 1632 5014 salvi
1658 4939 1741 5012 liunt

259 5069 294 5130 et
319 5059 352 5131 in
379 5061 432 5132 his
458 5061 516 5154 qui
533 5071 696 5154 pereunt,
741 5051 852 5132 ¹⁶nliis
879 5061 1018 5153 quidem
1045 5060 1136 5132 odor
1152 5065 1273 5138 mortis
1299 5066 1333 5137 in
1350 5076 1508 5150 mortem,
1535 5063 1608 5136 aliis
1626 5069 1739 5134 autern

260 5181 349 5254 odor
375 5183 466 5254 vitae
492 5183 526 5254 in
552 5181 667 5256 vitam.
718 5184 762 5254 Et
787 5181 939 5254 adhaec
964 5183 1040 5274 quis
1064 5189 1135 5254 tarn
1161 5183 1330 5258 idoneus?
1374 5178 1400 5224 ”
1416 5185 1494 5259 Non
1512 5184 1601 5260 enim
1621 5204 1739 5256 sumus

838 5303 860 5388 l,
890 5305 935 5374 l8
966 5340 1012 5354 -
1040 5303 1074 5386 tl,
1106 5305 1162 5378 tl.
