4254 6130
657 363 899 433 numerumn
927 363 1130 428 sxuuunuu
1158 363 1356 426 romanus
1690 353 1761 434 llll

682 469 1002 481 -...—.--.-.-

260 574 474 672 perditionis,
502 581 541 644 ut
568 573 739 667 scriptura
766 570 959 664 impleatur.
1011 561 1153 642 13Νιιιιο
1183 579 1298 642 autem
1325 569 1370 641 ad
1397 581 1432 639 te
1461 571 1579 656 venio,
1608 571 1757 642 ethaeo

260 700 384 790 loquor
415 695 450 764 in
486 692 617 763 mundo
655 705 693 766 ut
727 692 880 764 habeant
914 689 1078 782 goudium
1114 709 1233 762 meum
1259 687 1437 784 impletum
1464 692 1498 761 in
1525 677 1758 786 semetipsis.

260 806 286 854 ¹⁴
305 817 380 909 Ego
408 789 492 886 dedi
518 813 570 882 eis
596 833 800 886 sermonem
828 819 937 895 tuum,
972 820 1007 880 et
1041 811 1194 884 mundus
1221 811 1304 884 odio
1331 831 1395 883 eos
1422 811 1555 898 habuit,
1584 815 1664 906 quia
1691 831 1761 884 non
1835 837 1838 846 ·

263 945 341 1010 sunt
367 933 412 1008 de
438 932 588 1018 mundo,
623 935 716 1006 sicut
740 940 777 1003 et
803 951 872 1024 ego
898 948 969 1001 non
996 951 1073 1002 sum
1100 932 1149 1004 de
1176 933 1316 1005 mundo.
1369 923 1395 968 ¹⁵
1411 931 1489 1003 Non
1514 953 1603 1026 rogo
1631 943 1667 1005 ut
1692 933 1760 1005 tol-

263 1059 315 1129 las
341 1076 404 1128 eos
431 1053 477 1124 de
503 1052 648 1140 mundo,
677 1051 743 1126 sed
771 1059 806 1122 ut
833 1069 955 1122 serves
982 1071 1045 1122 eos
1071 1071 1119 1123 ex
1146 1054 1250 1124 malo.
1295 1044 1388 1122 16[ιιι
1416 1051 1546 1124 mundo
1573 1073 1644 1125 non
1670 1063 1758 1139 sunt,

265 1179 352 1250 sicut
378 1185 413 1246 ct
446 1195 514 1268 ego
547 1193 620 1244 non
655 1193 732 1244 sum
766 1172 813 1244 de
847 1170 988 1242 mundo.
1040 1163 1066 1208 ⁴⁷
1084 1171 1267 1245 sanctifica
1293 1193 1358 1244 eos
1391 1172 1612 1245 inveritate:
1640 1193 1770 1246 sermo.

265 1309 343 1370 tuus
375 1295 504 1368 veritas
540 1302 603 1366 est.
663 1287 689 1332 ¹⁸
702 1293 797 1364 Siout
827 1311 885 1362 me
915 1289 1036 1363 misisti
1067 1293 1102 1365 in
1135 1293 1317 1380 mundum,
1350 1301 1385 1362 et
1419 1313 1487 1384 ego
1521 1291 1599 1366 misi
1632 1314 1696 1366 eos
1723 1295 1758 1364 in

265 1417 446 1491 mundum:
490 1407 569 1486 19ιιι
593 1435 662 1508 pro
690 1411 741 1486 eis
768 1431 837 1505 ogo
864 1409 1039 1484 sanctifico
1065 1435 1122 1486 me
1149 1415 1272 1508 ipsum,
1298 1423 1336 1484 ut
1361 1413 1427 1483 sint
1453 1423 1488 1484 et
1512 1414 1578 1507 ipsi
1604 1413 1757 1486 sanctifi-

267 1539 334 1610 cati
359 1537 393 1608 in
417 1537 571 1609 veritato.
625 1528 654 1574 ²⁰
667 1517 747 1606 Non
773 1552 840 1628 pro
867 1531 920 1602 his
947 1539 1060 1606 aulem
1086 1555 1175 1628 rogo
1203 1539 1348 1618 tantum,
1376 1533 1441 1604 sed
1468 1541 1502 1605 et
1529 1555 1594 1628 pro
1621 1536 1672 1606 eis
1699 1536 1758 1628 qui

268 1657 428 1731 credituri
454 1667 532 1728 sunt
567 1677 633 1751 por
665 1655 813 1728 verbum
846 1673 967 1725 eorum
1002 1655 1037 1726 in
1063 1678 1134 1742 me,
1176 1640 1259 1726 l''ut
1286 1673 1409 1727 onmes
1435 1675 1540 1726 unum
1567 1656 1642 1740 sint,
1671 1655 1759 1726 sicut

269 1790 306 1850 tu
331 1787 430 1872 pater
455 1779 490 1850 in
515 1797 574 1849 me
601 1785 638 1848 et
665 1795 733 1868 ego
760 1775 795 1844 in
821 1782 872 1860 te,
908 1784 946 1845 ut
971 1785 1006 1846 et
1030 1777 1096 1871 ipsi
1121 1777 1159 1846 in
1182 1773 1285 1848 nobis
1311 1795 1416 1845 unum
1443 1774 1519 1860 sint,
1545 1785 1583 1848 ut
1609 1775 1758 1849 mundus

270 1899 391 1972 credat
416 1899 495 1991 quia
519 1909 557 1969 tu
585 1916 643 1968 me
669 1895 800 1967 misisti.
851 1885 878 1932 ²
896 1892 938 1965 Et
964 1915 1031 1988 ego
1065 1897 1254 1968 claritatem
1282 1915 1386 1988 quarn
1414 1894 1539 1968 dedisti
1565 1895 1647 1967 mihi
1674 1895 1757 1970 dedi

270 2020 344 2105 illis,
370 2029 407 2090 ut
432 2019 499 2090 sint
522 2039 628 2089 unum
657 2018 745 2088 sieut
769 2037 835 2088 nos
861 2039 965 2088 unum
993 2037 1128 2103 sumus,
1170 2009 1197 2056 ⁷³
1210 2039 1280 2110 ego
1307 2017 1342 2085 in
1368 2015 1417 2086 eis
1444 2026 1480 2087 et
1505 2027 1541 2088 tu
1567 2018 1602 2087 in
1627 2037 1693 2103 me,
1720 2029 1759 2090 ut

272 2139 338 2211 sint
363 2139 591 2210 consummati
624 2139 659 2208 in
692 2159 812 2225 unum,
845 2148 881 2210 et
907 2147 1097 2232 cognoseat
1126 2137 1275 2209 mundus
1302 2133 1381 2228 qula
1414 2145 1450 2207 tu
1476 2157 1533 2208 me
1560 2137 1696 2224 misisti,
1723 2147 1759 2212 et

273 2257 422 2331 dilexisti
448 2279 513 2331 eos
555 2261 645 2331 sicut
677 2267 712 2328 et
743 2277 801 2330 me
836 2259 994 2330 dilexisti.
1045 2247 1072 2294 '⁵
1089 2255 1199 2342 Pater,
1226 2273 1317 2348 quos
1343 2255 1467 2329 dedisti
1493 2258 1585 2344 mihi,
1612 2259 1695 2330 volo
1722 2271 1758 2330 ut

273 2381 331 2452 ubi
358 2401 425 2472 ogo
451 2401 529 2452 sum
563 2391 599 2452 et
623 2380 670 2451 illi
695 2378 763 2450 sint
788 2397 941 2465 mecum,
976 2387 1011 2448 ut
1036 2377 1178 2450 videant
1204 2376 1391 2448 claritatem
1419 2397 1533 2450 meam
1561 2399 1664 2473 quam
1691 2379 1756 2452 de-

272 2501 351 2574 disti
383 2501 480 2586 mibi,
521 2499 603 2592 quia
637 2498 788 2570 dilexisti
822 2519 880 2570 me
915 2509 994 2570 ante
1027 2498 1304 2570 constitutionem
1330 2495 1458 2570 mundi.
1508 2491 1637 2546 “ml
1655 2499 1757 2572 Pater

273 2623 375 2706 iuste,
411 2629 446 2690 et
479 2618 630 2690 mundus
663 2627 699 2690 te
732 2639 803 2690 non
836 2617 1016 2713 cognovit,
1052 2639 1121 2712 ego
1148 2625 1264 2689 autem
1291 2629 1325 2690 te
1351 2619 1516 2712 cognovi,
1543 2609 1644 2664 (Μ’
1663 2629 1699 2692 et
1723 2621 1757 2691 hi

273 2749 512 2834 cognoverunt
545 2739 626 2832 quia
662 2747 698 2808 tu
732 2759 789 2811 me
821 2741 956 2813 misisti:
1006 2731 1033 2776 ’ὓ
1046 2749 1081 2810 et
1113 2749 1232 2810 notum
1263 2740 1329 2811 leci
1360 2741 1413 2811 eis
1447 2757 1576 2810 nomen
1601 2749 1696 2811 tuum
1722 2751 1758 2811 et

274 2871 392 2934 uotum
419 2861 550 2945 luciam,
578 2867 615 2930 ut
640 2857 779 2932 dilectio
805 2880 874 2954 qua
900 2859 1050 2932 dilexisti
1077 2879 1134 2930 me
1160 2859 1195 2928 in
1220 2860 1304 2952 ipsis
1330 2861 1374 2934 sit
1399 2869 1528 2952 elego
1555 2860 1588 2930 in
1615 2859 1707 2953 ipsis.

961 3131 1069 3205 xvur.
1171 3103 1174 3112 ’

352 3332 467 3386 “¹⁶⁶¹'l
495 3339 590 3412 Haec
615 3361 693 3412 cum
720 3339 866 3411 dixisset
890 3341 995 3424 lesus,
1023 3357 1187 3431 egressus
1204 3351 1259 3412 est
1285 3361 1362 3411 curn
1381 3339 1557 3433 discipulis
1574 3343 1646 3412 suis
1664 3353 1756 3414 trans

276 3469 463 3531 torrentem
499 3461 651 3546 Cedrou,
685 3459 745 3531 ubi
778 3471 854 3532 erat
886 3457 1020 3544 hortus,
1055 3459 1089 3528 in
1124 3479 1227 3550 quem
1254 3459 1403 3530 introivit
1436 3459 1513 3553 ipse
1540 3470 1575 3532 et
1601 3461 1757 3556 discipuli

276 3581 361 3652 cius.
413 3572 539 3626 '‘¹⁵⁷·¹⁰·l
557 3577 698 3652 Sciebat
723 3589 839 3652 autem
866 3589 901 3651 et
926 3578 1039 3672 ludas·
1064 3579 1121 3672 qui
1148 3578 1307 3652 tradebat
1323 3595 1412 3665 eum,
1439 3581 1561 3666 locum,
1589 3583 1669 3674 quia
1687 3585 1756 3654 fre-

277 3709 423 3794 quanter
455 3701 551 3772 lesus
586 3711 797 3772 convenerat
828 3701 907 3771 illuc
945 3721 1023 3770 cum
1057 3699 1234 3793 discipulis
1268 3699 1350 3771 suis.
1402 3691 1518 3742 ΝΜ)
1535 3699 1637 3774 ludas
1670 3721 1755 3797 ergo

277 3843 356 3891 oum
383 3821 576 3916 accepisset
608 3821 787 3893 cohortem
813 3831 895 3894 eta
927 3819 1144 3915 pontificibus
1176 3829 1212 3891 et
1236 3817 1431 3892 Pharisaeis
1457 3821 1638 3909 ministros,
1665 3825 1758 3896 venit

277 3939 356 4010 illuc
382 3961 459 4010 emn
486 3942 648 4032 lanternis
675 3953 711 4013 et
735 3939 867 4014 lacibus
894 3952 929 4013 et
955 3942 1067 4014 armis.
1120 3928 1247 3986 “m
1266 3941 1362 4012 lesus
1378 3939 1494 4033 itaquo
1512 3942 1624 4014 sciens
1640 3945 1758 4017 omnia

278 4080 367 4152 quae
400 4069 545 4132 venturo
575 4073 674 4134 mant
708 4083 814 4156 super
847 4081 944 4148 eum,
980 4061 1151 4155 processit
1182 4069 1218 4132 et
1242 4061 1332 4164 dicit
1349 4060 1401 4132 eis
1428 4062 1539 4147 Quem
1567 4065 1756 4157 quaeritis?

277 4173 572 4274 ⁵llespouderunt
598 4184 630 4254 ei
657 4185 771 4255 lesum
797 4179 1020 4256 Nazarenum.
1072 4181 1160 4252 Dicit
1186 4181 1237 4254 eis
1264 4183 1361 4253 lesus
1386 4179 1462 4273 Ego
1497 4203 1583 4254 sum.
1637 4183 1757 4255 Stabat

279 4309 393 4371 autem
419 4309 455 4372 et
478 4301 580 4375 ludus
617 4305 675 4396 qui
710 4303 868 4376 tradebat
898 4323 977 4376 eum
1011 4323 1088 4375 curn
1121 4302 1214 4396 ipsis.
1265 4294 1338 4373 “Ut
1371 4323 1457 4395 ergo
1489 4303 1576 4375 dixit
1601 4303 1652 4374 eis
1677 4303 1752 4396 Ego

278 4441 364 4506 sum,
391 4421 547 4494 abierunt
572 4432 759 4496 retrorsum
785 4435 821 4496 et
846 4425 1043 4496 ceciderunt
1068 4423 1103 4494 in
1128 4429 1265 4493 terram.
1316 4411 1467 4494 'lterum
1498 4442 1583 4516 ergo
1611 4445 1675 4496 eos
1700 4425 1753 4494 in-

278 4542 466 4633 terrogavit
491 4543 603 4628 Quem
630 4545 819 4636 quaeritis?
851 4540 900 4615 Illi
926 4553 1040 4615 autem
1066 4543 1227 4614 dixerunt
1250 4543 1363 4614 lesum
1389 4543 1614 4616 Nazarenum.
1652 4535 1752 4615 ⁸lle·

279 4661 417 4752 spondit
440 4663 536 4734 lesus
561 4665 640 4735 Dixi
665 4665 767 4736 vobis
794 4663 873 4757 quia
899 4686 967 4758 ego
994 4683 1086 4735 sum:
1113 4663 1142 4733 si
1167 4683 1253 4755 ergo
1279 4683 1336 4732 me
1363 4663 1535 4756 quaeritis,
1562 4663 1661 4734 sinite
1687 4665 1753 4735 bos

278 4781 384 4852 abire.
433 4776 508 4869 ,⁹Ut
540 4784 738 4877 impleretur
770 4803 886 4888 sermo
921 4803 1024 4877 quem
1058 4782 1144 4854 dixit
1177 4783 1256 4875 quio
1291 4803 1380 4874 quos
1405 4759 1531 4853 dedisti
1558 4779 1657 4869 mihi,
1684 4805 1754 4856 nou

277 4899 414 4994 perdidi
439 4923 487 4974 ex
511 4901 597 4999 ipsis
622 4924 841 4998 quemquam.
894 4895 919 4941 ¹⁰
934 4895 1021 4950 (Μ)
1039 4903 1156 4974 Simon
1181 4919 1267 4993 ergo
1294 4900 1413 4973 Petms
1440 4901 1573 4974 habens
1600 4899 1749 4996 gladium

278 5019 398 5092 eduxit
431 5043 511 5096 eum
543 5035 579 5095 et
609 5025 778 5118 percussit
808 5017 999 5116 'pontificis
1035 5039 1174 5096 servum
1205 5031 1240 5092 et
1279 5021 1426 5095 abscidit
1459 5023 1533 5095 eius
1566 5025 1750 5098 auriculam

277 5139 454 5216 dextram:
493 5149 569 5216 erat
601 5155 716 5218 autem
749 5163 876 5216 nomen
911 5163 1014 5217 servo
1046 5143 1210 5216 blolcbus.
1270 5133 1294 5178 ¹⁴
1310 5131 1398 5188 “Ml
1414 5143 1510 5214 Dixit
1543 5167 1628 5238 ergo
1660 5147 1754 5218 lesus

784 5261 878 5350 lel,
907 5267 951 5336 l3
982 5305 1028 5318 —
1055 5262 1162 5348 XVlll,
1194 5266 1250 5334 ll.

1403 5389 1449 5456 ut
