4254 6130
690 395 930 462 uvsmuumuu
956 399 1156 464 SECUNDUM
1184 399 1379 463 ΙΟΗΑΝΝΕΜ
1507 345 1511 356 Ι
1698 395 1769 464 155

274 605 420 676 ¹seimus
447 602 529 694 quia
558 621 641 674 uere
668 603 723 672 bie
748 611 803 673 est
829 601 980 676 salvator
1007 603 1133 674 mundi.
1185 594 1306 654 Vim>
1325 603 1408 692 Post
1441 603 1531 674 duos
1559 611 1675 674 autem
1702 597 1779 672 dies

283 724 371 798 ¹omit
406 721 489 794 inde
527 731 563 793 et
596 721 678 794 abiit
709 721 742 790 in
778 717 973 792 Galilaeain.
1026 712 1142 770 utut.)
1160 723 1238 816 lpse
1283 726 1374 796 enim
1413 725 1509 796 lesus
1550 723 1780 794 testimonium

286 843 459 941 perbibuit
486 843 570 935 quia
597 841 767 936 propheta
794 841 828 910 in
855 861 918 910 sua
946 843 1057 933 patria
1083 842 1254 916 honorem
1281 867 1350 918 non
1378 846 1497 918 babet.
1550 831 1678 888 ΝΜ)
1696 842 1781 914 Cum

287 987 372 1058 ergo
399 963 559 1034 venisset
584 962 618 1032 in
646 961 844 1044 Galilaeam,
871 971 1086 1054 exceperunt
1111 962 1202 1034 illum
1230 965 1386 1050 Galilaei,
1423 985 1502 1034 oum
1531 962 1647 1034 omnia
1672 963 1781 1036 vidis-

288 1095 363 1157 sent
389 1105 482 1175 quae
520 1084 651 1154 fecerat
683 1080 932 1174 Hierosolymis
964 1081 999 1150 in
1036 1080 1094 1152 die
1129 1085 1234 1156 festo:
1268 1093 1303 1156 et
1329 1086 1394 1179 ipsi
1423 1084 1516 1154 enim
1543 1085 1783 1158 veneruntad

286 1205 378 1276 diem
406 1203 545 1272 testum.
599 1192 625 1238 ⁴⁶
643 1201 741 1272 Venit
766 1221 852 1293 ergo
879 1199 1002 1270 iterum
1040 1199 1074 1269 in
1110 1203 1205 1275 Cana
1239 1205 1429 1289 Galilaeae,
1467 1203 1525 1274 ubi
1551 1204 1629 1274 lecit
1655 1227 1783 1298 aquam

267 1303 419 1426 uinum(
452 1313 588 1392 (³⁷·³’llt
621 1331 698 1393 erat
728 1320 868 1414 quidam
903 1320 1058 1411 regulus
1093 1323 1188 1394 onius
1222 1324 1308 1395 lilius
1342 1323 1599 1408 infirmabatur,
1627 1325 1783 1419 Caphar-

286 1465 406 1514 naum:
451 1430 478 1474 ⁴⁷
496 1439 552 1511 bic
578 1463 658 1512 cum
688 1441 843 1514 audisset
868 1441 948 1533 quia
973 1439 1070 1510 lesus
1097 1441 1277 1516 adveniret
1310 1466 1331 1515 a
1364 1444 1497 1516 ludaea
1525 1444 1559 1512 in
1586 1443 1782 1532 Galilaeam,

288 1562 368 1636 abiit
394 1557 442 1632 ad
469 1580 548 1630 cum
576 1571 612 1632 et
639 1561 794 1654 rogabat
819 1583 899 1632 eum
925 1569 962 1632 ut
987 1559 1219 1634 descenderet
1245 1573 1280 1634 et
1306 1573 1451 1640 sanaret
1478 1560 1582 1632 filium
1609 1565 1699 1636 eius:
1728 1567 1781 1638 in-

287 1681 436 1776 cipiebat
460 1680 550 1750 enirn
578 1682 681 1754 mori.
736 1671 867 1754 ”nixu
892 1701 979 1773 ergo
1005 1681 1100 1752 lesus
1127 1681 1173 1755 ad
1199 1703 1278 1754 eum
1311 1684 1384 1753 Nisi
1418 1681 1521 1773 signa
1555 1691 1590 1752 et
1621 1687 1780 1782 prodigia

289 1799 446 1885 videritis,
472 1821 540 1872 non
565 1803 727 1876 eraditis.
778 1790 903 1874 ”uicit
928 1801 974 1872 ad
1001 1822 1079 1872 eum
1112 1803 1250 1892 regulus
1275 1803 1444 1886 Domine,
1482 1800 1658 1878 descende
1684 1809 1779 1900 prius

290 1945 391 2017 quarn
417 1922 575 1994 moriatur
600 1923 697 1996 lilius
728 1942 835 1994 meus.
885 1915 912 1960 ⁵⁰
928 1922 1014 1993 Dicit
1040 1922 1072 1994 ei
1097 1921 1193 1992 lesus
1218 1921 1324 2007 Vade,
1352 1922 1443 1994 filius
1470 1931 1548 1994 tuus
1575 1925 1665 1997 vivit.
1693 1928 1777 2002 Cre-

291 2044 376 2118 didit
400 2023 503 2114 homo
530 2045 688 2115 sermoni
720 2063 824 2137 quem
851 2041 938 2113 dixit
964 2041 996 2112 ei
1021 2041 1125 2126 lesus,
1153 2050 1188 2110 et
1213 2027 1292 2112 ibat.
1344 2035 1367 2079 ⁵¹
1383 2043 1458 2114 lam
1490 2049 1604 2116 antem
1638 2067 1683 2119 eo
1710 2049 1776 2122 de-

198 2205 203 2215 ’
293 2163 479 2237 scendente
513 2163 604 2234 servi
636 2171 868 2235 occurrerunt
902 2162 934 2234 oi
967 2171 1002 2234 et
1033 2161 1454 2233 nuntiaveruntdicentes
1481 2162 1561 2259 quia
1588 2163 1775 2244 filiuseius

294 2285 433 2356 viveret.
482 2274 764 2376 ⁵²lnterrogabat
796 2304 881 2375 ergo
916 2281 1037 2353 boram
1072 2281 1116 2353 ab
1150 2281 1200 2352 eis
1233 2281 1267 2351 in
1293 2303 1361 2374 qua
1388 2282 1513 2353 melius
1539 2283 1711 2358 babuerit:
1739 2303 1774 2364 et

223 2419 226 2424 ·
294 2404 454 2476 dixerunt
479 2404 511 2476 ei
537 2403 616 2496 quia
635 2403 719 2474 'beri
745 2404 831 2476 bora
858 2402 1002 2498 septima
1029 2401 1164 2496 reliquit
1189 2422 1267 2474 eum
1293 2401 1408 2472 labris.
1453 2394 1661 2498 &Cognovit
1686 2429 1772 2503 orgo

295 2534 393 2620 pater
419 2523 514 2618 quod
539 2524 594 2595 illa
621 2524 708 2596 bora
736 2524 869 2596 eratin
896 2547 964 2618 qua
992 2521 1078 2596 dixit
1104 2524 1136 2596 ei
1152 2523 1256 2594 lesus
1282 2522 1383 2593 Filius
1409 2531 1487 2596 tuus
1512 2525 1604 2612 vivit,
1632 2537 1667 2598 et
1692 2551 1770 2602 ora-

294 2645 381 2718 didit
410 2648 486 2740 ipse
523 2655 559 2716 et
588 2641 715 2716 domus
749 2644 823 2716 eius
857 2624 958 2716 totas
987 2633 1015 2680 ⁵⁶
1031 2645 1106 2716 Hoc
1135 2643 1258 2716 iterum
1297 2642 1486 2716 seeundum
1519 2646 1654 2739 signum
1692 2650 1792 2724 lecit.

295 2767 388 2838 lesus
414 2788 490 2839 curn
517 2765 670 2838 venisset
696 2786 716 2836 a
743 2764 870 2837 ludaea
896 2765 929 2837 in
956 2757 1151 2840 Galilaeu'm.

1014 3043 1052 3113 V.

369 3239 470 3293 ΗΜ)
484 3247 567 3318 Post
593 3244 679 3316 baec
705 3256 779 3318 erat
805 3246 880 3319 dies
908 3247 1015 3320 festus
1040 3245 1254 3333 ludaeorum,
1282 3259 1317 3319 et
1343 3246 1497 3320 ascendit
1521 3249 1615 3320 lesus
1642 3250 1764 3320 Hiero-

295 3367 443 3462 solymis.
494 3359 586 3436 'Est
611 3375 725 3436 autern
752 3366 998 3462 Hierosolymis
1027 3360 1148 3462 'snper
1173 3367 1352 3462 probatica
1378 3368 1507 3462 piscina
1524 3391 1615 3461 quae
1632 3389 1765 3462 cogno-

294 3489 438 3558 minatur
471 3486 634 3558 hebraice
663 3486 863 3574 Bethsaida,
906 3487 1055 3580 quinque
1087 3488 1238 3581 porticus
1270 3487 1417 3560 babens:
1461 3479 1525 3559 ³in
1551 3489 1604 3562 his
1629 3489 1766 3562 iacebat

293 3606 471 3679 multitudo
490 3628 616 3698 magna
634 3606 875 3700 languentium,
902 3627 1097 3694 caecorum,
1124 3607 1335 3692 claudorum,
1362 3607 1544 3694 aridorum,
1573 3619 1763 3704 expectan-

292 3730 374 3800 tium
401 3749 512 3820 aquae
539 3735 679 3796 motum.
730 3718 911 3821 ‘Angelus
937 3737 1052 3799 autern
1078 3727 1208 3800 domini
1234 3726 1423 3800 secumdum
1440 3737 1587 3822 tempus
1613 3731 1763 3803 descen-

292 3851 398 3922 debat
422 3849 457 3918 in
482 3847 646 3942 piscinam
673 3857 707 3918 et
733 3850 899 3920 movebat
924 3869 1064 3940 aquam:
1093 3849 1150 3941 qui
1176 3868 1262 3940 ergo
1279 3848 1409 3941 primus
1427 3849 1668 3924 descendisset
1683 3859 1764 3945 post

292 3980 421 4042 motum
449 3989 570 4060 aquae,
598 3989 703 4040 sanus
729 3969 836 4040 fiebat
860 3993 882 4042 a
907 3989 1125 4062 quocumque
1150 3969 1316 4060 languore
1343 3969 1532 4042 tenebatur.
1566 3963 1674 4044 5lirat
1700 3995 1762 4044 au-

291 4101 361 4162 tern
393 4088 532 4185 quidam
566 4087 672 4160 bomo
708 4088 756 4160 ibi
788 4089 923 4182 triginta
955 4095 1034 4160 octo
1074 4109 1182 4160 annos
1220 4087 1353 4160 babens
1391 4090 1425 4160 in
1459 4089 1651 4164 infirmitate
1683 4113 1761 4164 sua:

270 4203 406 4282 ·⁶lrunc
432 4231 508 4281 cum
534 4207 678 4280 vidisset
703 4209 798 4280 lesus
823 4209 993 4280 iacentem
1019 4218 1054 4279 et
1079 4207 1302 4302 cognovisset
1326 4208 1405 4301 quia
1423 4211 1565 4284 multum
1582 4212 1651 4283 iam
1673 4220 1761 4284 tem-

291 4351 356 4424 pus
390 4329 513 4414 babet,
549 4327 630 4400 dicit
661 4328 693 4398 ei
725 4327 782 4398 Vis
817 4349 921 4400 sanus
955 4328 1055 4400 fieri‘l
1098 4321 1313 4424 lllespondit
1344 4329 1376 4400 ei
1401 4330 1582 4422 languidus
1607 4332 1761 4416 Domine,
1891 4335 1895 4344 '

291 4449 465 4522 bominem
478 4469 561 4520 <non
586 4448 702 4520 babeo
728 4457 765 4519 ut
790 4469 868 4520 curn
895 4449 1030 4523 turbata
1055 4449 1156 4520 luerit
1181 4471 1271 4542 aqua
1298 4449 1407 4520 mittat
1438 4471 1501 4522 me·
1520 4451 1555 4522 in
1580 4451 1760 4545 piscinam:
1790 4481 1801 4492 ·

290 4569 373 4642 dum
398 4569 501 4640 venio
528 4569 617 4640 enim
644 4588 730 4660 ego,
766 4569 850 4640 alius
885 4579 964 4641 ante
996 4589 1054 4640 me
1087 4567 1275 4641 descendit.
1327 4562 1440 4640 ⁸oicit
1473 4571 1505 4641 ei
1529 4572 1625 4642 lesus
1651 4573 1761 4665 Surge

288 4690 370 4762 tolle
397 4689 578 4781 grabatum
605 4700 698 4760 tuum
726 4695 760 4758 et
786 4689 932 4762 ambula.
983 4681 1056 4762 ”Et
1088 4689 1200 4762 statim
1236 4711 1341 4762 sanus
1373 4689 1483 4762 lactus
1515 4697 1568 4760 est
1594 4691 1699 4764 bomo
1726 4700 1760 4764 et

289 4807 422 4880 sustulit
446 4809 639 4900 grabattum
664 4829 775 4892 suum,
803 4819 838 4880 et
863 4810 1074 4882 ambulabat:
1102 4819 1177 4881 erat
1203 4822 1317 4882 autem
1344 4809 1526 4882 sabbatum
1552 4809 1586 4880 in
1612 4811 1759 4884 illudio.

287 4919 315 4964 ¹⁰
326 4927 493 4999 Dicebant
518 4929 635 5000 ludaei
659 4927 704 4998 illi
730 4929 786 5021 qui
812 4941 951 5002 sanatus
976 4933 1087 5002 luerat
1112 4929 1301 5002 Sabbatum
1327 4939 1389 5014 est,
1417 4951 1486 5002 non
1511 4931 1590 5002 licet
1615 4931 1674 5002 tibi
1692 4933 1758 5004 tol-
1798 4925 1803 4934 ’

287 5049 360 5119 lere
392 5049 587 5141 grabattum
621 5059 723 5121 tuum.
782 5039 804 5084 ¹¹
819 5041 908 5096 (wll
926 5049 1116 5144 Respondit
1146 5049 1196 5121 cis
1231 5051 1296 5134 Qui
1332 5073 1389 5122 me
1423 5050 1502 5122 lecit
1534 5072 1672 5138 sunum,
1704 5053 1758 5124 ille

287 5169 368 5240 mibi
394 5167 480 5241 dixit
505 5169 601 5242 Tolle
626 5169 819 5262 grabattum
846 5177 939 5252 tuum
966 5179 1000 5240 et
1025 5171 1171 5241 ambula.
1217 5162 1552 5265 ''lntemogaverunt
1575 5193 1661 5266 ergo
1679 5195 1758 5245 eum

841 5290 890 5376 lV,
920 5288 966 5362 t3
998 5327 1042 5344 -
1071 5291 1108 5374 V,
1139 5293 1194 5364 ta.

1370 5415 1452 5488 20l
