4146 6120
761 379 1016 446 uromuursrs
1042 339 1218 445 ιοιιΑιιιιιε
1651 373 1723 446 tot-t
1848 367 1853 382 '

254 599 290 662 et
317 587 419 658 datae
445 597 524 658 sunt
550 585 613 658 illis
641 594 774 678 septem
801 585 913 656 tubae.
965 575 1037 656 3Ει
1062 584 1147 654 ειίιιε
1174 583 1316 676 angelus
1341 586 1433 658 venit
1464 593 1500 658 ει
1529 583 1621 656 stetit
1646 589 1726 656 ante

255 711 362 782 altaro
387 707 520 780 babens
547 705 740 785 turabulum
768 727 919 788 aureum,
946 715 981 775 et
1006 704 1086 794 data
1113 713 1189 775 suut
1222 703 1266 774 illi
1290 704 1429 780 incensa
1457 705 1570 791 ιιιιιΙιε,
1598 713 1634 792 ut
1660 702 1725 776 da-

255 839 307 900 ret
334 827 545 900 orationibus
579 835 775 898 sauctorum
809 825 959 898 omnium
994 844 1099 917 super
1132 824 1238 896 altare
1271 845 1412 898 aureum
1446 825 1540 918 quod
1567 833 1621 896 cst
1647 828 1727 894 aute

255 949 424 1022 thronum.
476 937 547 1017 *Et
574 944 729 1021 ascendit
755 948 866 1018 bimus
891 945 1110 1018 incensorum
1138 943 1183 1016 dc
1210 944 1421 1020 orationibus
1439 957 1634 1018 sauctorum
1661 937 1727 1012 'dc

257 1091 358 1142 manu
385 1068 496 1161 augeli
522 1087 640 1138 coram
667 1065 746 1138 deo.
797 1059 869 1138 5Ει
895 1063 1028 1158 accepit
1053 1067 1193 1156 angelus
1219 1065 1416 1153 turibulum,
1450 1077 1484 1138 et
1508 1063 1661 1159 implevit
1685 1061 1726 1132 il-

255 1190 314 1262 lud
339 1189 384 1263 de
410 1189 479 1281 igni
505 1186 619 1260 altaris
645 1195 680 1258 et
705 1186 795 1258 misit
818 1187 854 1256 in
881 1193 1022 1257 terram:
1049 1193 1084 1256 et
1108 1185 1196 1258 lacta
1222 1195 1301 1258 sunt
1325 1188 1472 1260 tonitrua
1499 1194 1533 1258 et
1557 1202 1666 1256 voces
1693 1189 1729 1252 ει

256 1311 387 1403 brlgora
414 1319 449 1380 et
474 1317 587 1378 terrae
605 1316 720 1378 motus
738 1309 891 1399 magnius.
935 1297 1003 1376 6Ει
1028 1314 1160 1398 septem
1187 1307 1298 1398 angeli
1317 1308 1375 1400 qui
1392 1307 1567 1400 habebant
1592 1309 1727 1396 septem

255 1431 354 1502 tubas
380 1435 590 1523 paraverunt
615 1447 655 1496 se
681 1435 718 1496 ιιι
743 1427 826 1498 tuba
852 1433 1024 1498 canerent.
1074 1417 1148 1495 “llt
1172 1426 1302 1520 primus
1327 1429 1471 1520 angelus
1489 1426 1572 1498 tuba
1594 1421 1726 1507 cecinit,

255 1561 290 1622 ει
315 1553 404 1622 lacta
430 1557 485 1620 est
510 1545 644 1639 grando
671 1555 706 1617 ει
732 1547 819 1638 ignis
845 1546 953 1618 mixta
978 1544 1014 1614 iu
1039 1546 1239 1638 sanguinem
1265 1557 1300 1618 ct
1333 1549 1480 1620 missum
1514 1555 1568 1619 εει
1596 1547 1631 1618 in
1653 1554 1727 1618 ter-
1750 1547 1755 1564 '

256 1693 346 1742 ram:
374 1679 408 1740 ει
433 1667 533 1740 tortia
554 1687 636 1760 pars
662 1675 776 1738 terrae
802 1667 983 1739 combusta
1010 1676 1071 1750 ost,
1100 1675 1134 1738 et
1159 1668 1257 1739 tertia
1281 1689 1364 1762 pars
1391 1669 1558 1740 arborum
1584 1667 1728 1742 combu-

256 1799 309 1860 sta
336 1799 405 1872 est,
442 1796 478 1858 et
504 1807 606 1858 omne
632 1779 767 1860 laeuum
800 1786 910 1859 viride
936 1785 1153 1858 combustum
1179 1797 1241 1858 est.
1292 1781 1360 1860 ⁸Et
1386 1788 1564 1862 secundus
1589 1791 1731 1884 angelus

256 1909 337 1980 tuba
362 1908 499 1992 cecinit,
525 1915 560 1978 et
585 1917 758 2000 tamquam
786 1929 886 1978 mons
913 1929 1059 1999 maguus
1084 1908 1164 2000 igne
1188 1907 1315 1980 ardeus
1341 1908 1477 1984 missus
1502 1921 1555 1984 εει
1570 1913 1604 1986 ιιι
1620 1933 1730 1986 mare:

255 2038 289 2100 ot
315 2030 402 2100 laeta
429 2037 483 2100 est
509 2027 608 2098 tortia
633 2047 713 2120 pars
739 2029 843 2100 maris
869 2026 1024 2120 sanguis,
1067 2018 1133 2098 9ει
1157 2037 1291 2100 mortua
1316 2037 1370 2100 est
1396 2032 1502 2104 tertia
1526 2054 1609 2126 pars
1631 2057 1730 2108 crea-

258 2159 368 2232 turae,
395 2169 485 2241 quae
512 2147 640 2218 habeut
671 2149 817 2232 animas,
850 2157 884 2218 et
911 2145 1008 2218 tertia
1033 2167 1115 2240 pars
1145 2149 1283 2220 navium
1316 2147 1455 2222 interiit.
1509 2145 1534 2190 ¹⁰
1545 2153 1586 2224 Et
1612 2156 1732 2228 ιειιιιιε

255 2269 399 2360 angelus
433 2268 515 2341 tuba
549 2267 684 2354 cecinit,
712 2278 746 2340 et
772 2267 895 2342 cecidit
921 2266 967 2339 de
992 2267 1090 2338 caelo
1118 2267 1215 2338 stella
1241 2289 1367 2360 magua
1394 2269 1526 2342 ardens
1552 2281 1727 2366 tamquam

255 2389 372 2473 iacula,
400 2398 435 2458 et
461 2388 585 2460 recidit
610 2389 644 2460 in
671 2389 802 2460 tertiam
829 2397 962 2482 partem
989 2387 1163 2458 {luminum
1190 2395 1225 2458 et
1250 2387 1284 2458 iu
1301 2389 1413 2460 tontes
1432 2411 1609 2484 aquarum.
1649 2384 1729 2497 “Et
1842 2435 1844 2441 ·

254 2531 381 2582 nomeu
415 2509 534 2580 stellae
568 2507 689 2580 dieitur
722 2508 918 2581 absinthius.
971 2507 1013 2578 Et
1042 2508 1131 2580 lacta
1165 2517 1220 2580 ost
1253 2509 1351 2580 tertia
1385 2533 1469 2603 pars
1501 2531 1666 2602 aquarum
1692 2512 1727 2584 in

255 2630 475 2714 absinthium,
510 2639 545 2700 et
570 2630 665 2702 multi
690 2629 864 2702 bominum
897 2627 1022 2699 mortui
1048 2637 1126 2700 sunt
1151 2628 1196 2701 de
1223 2628 1337 2720 aquis,
1364 2631 1445 2723 quia
1471 2649 1589 2702 amare
1614 2631 1726 2704 ιιειεε

255 2756 341 2818 sunt.
393 2737 419 2782 ¹²
431 2745 473 2816 Et
499 2753 638 2837 quartus
663 2751 805 2843 angelus
832 2749 914 2820 tuba
939 2748 1071 2834 cecinit,
1098 2757 1134 2819 et
1159 2767 1324 2842 pereussa
1350 2755 1404 2818 est
1429 2747 1527 2818 tertia
1555 2771 1638 2842 pars
1665 2772 1723 2822 so·

254 2866 295 2934 lis
322 2875 356 2936 et
388 2866 485 2936 tertia
519 2885 599 2958 pars
631 2867 732 2938 lunae
766 2878 801 2940 ει
833 2869 931 2940 tertia
964 2891 1046 2963 pars
1079 2868 1267 2952 stellarum,
1294 2877 1331 2938 ut
1356 2867 1599 2940 obscuraretur
1624 2869 1722 2940 tertia

255 3005 335 3075 pars
362 3005 483 3058 eorum
510 2995 545 3054 ει
572 2984 640 3056 diei
665 3009 735 3058 uon
760 2989 890 3060 luceret
914 3010 996 3082 pars
1020 2989 1127 3073 tertia,
1155 2997 1190 3060 ει
1220 3009 1294 3058 uox
1326 2987 1483 3058 similitor.
1536 2979 1616 3057 13Ει
1641 2988 1720 3072 vidi,
1794 3069 1800 3076 ¹

255 3112 290 3174 et
317 3102 430 3174 autlivi
457 3125 579 3174 vocem
607 3103 703 3176 utrius
729 3107 862 3198 aquilae
880 3108 1025 3178 volantis
1052 3129 1112 3196 per
1129 3107 1280 3178 madium
1305 3107 1445 3191 caelum,
1472 3105 1614 3178 dicentis
1631 3128 1720 3178 voce

255 3243 379 3314 magna
404 3223 475 3314 Vae
501 3245 565 3292 vae
591 3243 657 3294 vae
682 3223 909 3296 babitantibus
935 3247 1039 3318 super
1065 3237 1189 3300 terram
1216 3225 1262 3300 de
1288 3227 1413 3298 ceteris
1446 3223 1591 3296 vocibus
1616 3225 1720 3296 tubae

254 3343 352 3416 trium
380 3344 591 3436 angelorum,
618 3343 676 3435 qui
702 3355 798 3416 erant
824 3346 905 3416 tuba
930 3346 1078 3418 canituri.

962 3623 1013 3692 lx.

330 3819 401 3898 'Et
426 3827 561 3920 quintus
594 3827 735 3919 augelus
768 3828 851 3899 tuba
884 3829 1020 3914 coemit,
1046 3839 1081 3900 et
1105 3827 1175 3900 udi
1200 3826 1331 3898 stellam
1358 3823 1403 3898 de
1429 3825 1527 3898 caelo
1553 3825 1718 3900 cecidisse

254 3949 286 4018 iu
313 3957 448 4032 terram,
475 3957 510 4021 et
535 3946 616 4020 data
642 3956 697 4019 est
721 3947 766 4018 illi
792 3947 909 4020 clavis·
922 3949 1014 4044 putei
1041 3949 1175 4042 abyssi:
1218 3939 1284 4018 'et
1310 3945 1464 4020 ascendit
1487 3947 1598 4018 fumus
1625 3948 1717 4041 putei

254 4068 340 4139 siout
364 4069 476 4140 sumus
503 4067 649 4142 lornacis
674 4090 831 4164 magnae,
859 4078 894 4140 et
919 4069 1121 4142 obscuratus
1147 4075 1201 4138 est
1225 4068 1279 4140 sol
1304 4076 1339 4138 et
1364 4089 1424 4140 aer
1456 4065 1501 4140 de
1532 4067 1625 4138 fumo
1650 4089 1716 4160 pu-

254 4188 307 4258 tei.
358 4179 426 4260 ³llt
451 4189 497 4260 de
522 4191 615 4262 sumo
641 4189 799 4262 exierunt
824 4190 975 4262 lucustae
1001 4189 1035 4262 in
1060 4197 1196 4272 terram,
1223 4196 1258 4258 et
1284 4186 1366 4260 data
1391 4197 1444 4258 est
1473 4197 1628 4280 potestas
1654 4187 1716 4258 illis

253 4306 339 4378 sicut
364 4307 492 4380 habeut
516 4317 721 4401 potestatem
747 4309 948 4404 scorpiones
974 4319 1096 4382 terrae.
1148 4295 1220 4378 *Et
1252 4316 1475 4402 praeceptum
1506 4305 1646 4380 catillis
1672 4325 1716 4378 ne

252 4426 408 4500 lederent
421 4429 568 4500 ,faenum
592 4437 706 4500 terrae
730 4449 843 4522 neque
870 4423 992 4502 'omne
1017 4429 1128 4502 viride
1152 4449 1267 4522 neque
1292 4449 1430 4500 omnem
1456 4427 1627 4512 arborem,
1651 4425 1715 4498 nisi

248 4555 382 4620 tantum
406 4547 564 4622 bomines
590 4547 647 4642 qui
672 4569 743 4622 non
767 4549 895 4622 habant
920 4550 1053 4643 signum
1079 4549 1137 4624 dei
1161 4549 1196 4620 in
1219 4549 1395 4622 irontibus.
1428 4539 1496 4620 ‘tlt
1521 4547 1638 4622 datum
1664 4553 1716 4618 est

251 4665 314 4736 illis
340 4687 384 4738 ue
418 4667 616 4742 occiderent
646 4689 724 4755 eos,
760 4668 825 4742 sed
858 4681 895 4740 ut
926 4671 1157 4744 cruciarentur
1181 4669 1358 4742 mensibus
1388 4668 1549 4762 quinque:
1576 4676 1611 4738 et
1635 4687 1714 4738 oru-

252 4786 359 4858 ciatus
385 4807 506 4860 eorum
533 4779 588 4860 'ut
614 4791 782 4864 cruciatus
809 4789 948 4885 scorpii,
983 4811 1061 4864 cum
1094 4790 1241 4883 percutit
1266 4789 1448 4862 hominem.
1499 4780 1566 4862 ⁰lu
1591 4785 1743 4860 utobm·

251 4907 314 4978 illia
347 4919 512 5000 quaerent
543 4909 699 4986 hominos
733 4920 880 4984 mortem
912 4921 947 4983 et
964 4933 1048 4984 ,non
1079 4911 1252 4984 invenient
1283 4931 1376 4996 cam,
1411 4919 1446 4982 et
1471 4907 1714 4984 desiderabunt

251 5027 339 5100 mori
364 5037 399 5100 et
424 5030 530 5122 turgio
554 5053 648 5104 mora
674 5032 719 5104 ab
745 5031 836 5126 ipsis.
886 5023 959 5104 ‘'Et
984 5025 1235 5104 ‘aimllbrdmes
1251 5031 1459 5104 lucustarum
1476 5029 1601 5102 similes
1618 5026 1715 5120 ratris

251 5149 378 5241 paratis
410 5149 443 5222 iu
474 5152 656 5246 proelium,
691 5165 726 5228 et
757 5173 861 5250 super
886 5151 998 5247 capita
1024 5145 1162 5226 'earum
1198 5162 1372 5246 amquam
1407 5171 1556 5224 coronae
1587 5148 1714 5222 similes

815 5273 888 5358 Vlll,
917 5275 937 5342 3
969 5313 1013 5326 -
1041 5274 1093 5358 ΙΧ,
1123 5267 1154 5346 ’1.

1327 5393 1412 5464 tlt*
