4102 6128
803 361 1083 426 rnonaeouum
1626 395 1705 442 mn

188 480 285 492 ,,.-.-
311 479 329 486 ι-
341 467 1125 484 —u--ffl-—t———u———ss———fl-
1162 463 1608 489 auu-...Q

1610 483 1701 491 ..—

178 589 215 651 et
241 577 376 648 matum
403 570 522 665 plane,
540 563 677 638 dosunt,
706 561 738 652 7,
767 571 798 638 6.
827 569 951 641 indicat
976 591 1025 664 pr.
1054 591 1108 637 m.
1139 567 1212 658 legi
1245 571 1430 641 morientes
1466 593 1535 664 pro
1564 577 1693 660 mortis,

179 699 245 771 sed
272 689 442 791 praeterit
470 685 576 778 quod
604 686 727 758 eadem
754 709 857 760 ruauu
883 691 1033 783 pergitur
1060 688 1106 756 in
1138 708 1218 780 quo,
1246 711 1314 760 non
1339 691 1372 760 in
1398 711 1478 782 qua.
1510 697 1540 778 9,
1570 699 1601 766 6.
1637 696 1690 764 as-

180 823 246 891 tert
273 816 353 910 „qni
381 835 426 884 ex
451 803 567 880 Israel
597 817 685 890 sunt,
713 807 746 878 hi
773 819 865 880 sunt:
893 819 927 880 at
952 819 1029 881 sunt
1054 803 1166 902 prius
1193 831 1259 880 uon
1285 821 1338 880 est
1363 810 1396 879 iu
1422 811 1554 882 codice.
1585 816 1684 895 toa.

181 939 290 1012 edidit
316 931 490 1021 ‚,adsistitit
517 923 643 1023 (sic)“:
672 938 706 999 at
733 929 766 998 in
792 930 913 1002 codiee
940 941 992 1002 est
1017 951 1068 1022 pr.
1094 947 1143 996 rn.
1171 929 1310 1016 adsistit,
1339 927 1428 1000 unde
1456 951 1525 1002 sec.
1547 953 1590 1000 m.
1618 931 1683 1002 de·

181 1065 251 1132 teto
278 1059 307 1128 si
334 1059 456 1128 sactum
483 1059 540 1121 est
573 1048 717 1120 adstitit.

279 1181 378 1264 Quae
404 1195 505 1267 quum
531 1173 586 1240 ita
622 1171 696 1256 siut,
725 1181 840 1242 textus
859 1161 1078 1260 hmiatinus¹l
1109 1191 1128 1240 a
1155 1167 1254 1240 nohis
1281 1169 1394 1240 editus
1421 1189 1587 1260 nusquam
1615 1189 1680 1236 neo

185 1305 254 1374 ullo
287 1297 395 1369 modo
426 1300 541 1388 potest
579 1289 632 1360 ad
659 1291 782 1362 Fleckii
820 1303 920 1364 notas
953 1289 1106 1362 iudicari.
1165 1291 1237 1360 Noc
1279 1289 1368 1358 enim
1402 1307 1545 1380 usquam
1582 1285 1679 1376 quod

186 1421 346 1493 Fleckius
379 1414 519 1487 exhibet
551 1429 629 1479 non
663 1411 836 1502 cognitum
873 1413 977 1483 habui
1013 1421 1083 1482 tum
1117 1433 1221 1504 quum
1252 1408 1408 1479 codicem
1442 1414 1522 1477 ante
1556 1405 1677 1475 oculos

189 1541 377 1623 habebam,
405 1535 449 1604 ita
474 1539 512 1600 ut
538 1528 705 1621 quicquid
731 1531 787 1601 ille
815 1533 940 1602 erravit
965 1551 1034 1602 non
1062 1531 1106 1603 ad
1126 1529 1274 1602 schedas
1301 1547 1398 1598 meas
1419 1525 1484 1596 sed
1502 1524 1675 1617 adipsum

190 1661 351 1732 codicem
379 1650 662 1725 examinaverim.
718 1651 821 1736 Quod
848 1652 939 1724 idem
966 1651 1090 1721 sactum
1117 1661 1171 1720 cst
1197 1671 1218 1720 a
1244 1649 1284 1718 el.
1311 1647 1490 1739 Tregellio.

895 1925 977 1996 XIV.

291 2135 451 2204 lamvero
482 2129 563 2200 nihil
594 2131 758 2202 infelicius
791 2131 863 2201 heri
897 2130 1007 2222 potuit
1038 2150 1141 2223 quam
1174 2128 1268 2222 (paud
1302 2129 1340 2198 cl.
1375 2124 1675 2198 Lachmannus

196 2259 230 2326 in
264 2253 425 2324 versione
464 2251 601 2342 vulgata
643 2250 689 2323 ad
729 2273 862 2345 paucos
908 2249 973 2320 sed
1006 2250 1208 2320 veterrimos
1244 2241 1385 2319 codices
1419 2239 1673 2346 conformanda,

196 2397 301 2468 quum
337 2371 488 2465 inprimis
522 2371 747 2442 Laurentiano
782 2371 908 2444 codice
942 2369 1105 2442 utendum
1138 2369 1325 2452 iudicabat,
1360 2387 1430 2438 non
1456 2376 1595 2435 secutus
1621 2367 1674 2427 ost

125 2485 129 2494 ’
197 2495 261 2566 nisi
287 2489 616 2586 imperfectissimam
650 2513 692 2564 ao
723 2491 980 2562 vitiosissimam
1010 2490 1132 2560 Fleckii
1159 2489 1390 2572 collationem,
1413 2485 1508 2558 unde
1536 2499 1674 2552 errores

127 2621 135 2630 “
198 2626 233 2686 et
259 2615 384 2684 multos
410 2621 595 2702 etgraves
622 2631 690 2680 non
717 2621 837 2703 posset
864 2631 937 2682 non
964 2611 996 2680 in
1022 2611 1142 2681 librum
1175 2610 1358 2680 transferre
1391 2628 1499 2678 suum.
1552 2601 1674 2692 Neque

198 2735 250 2805 rei
277 2753 361 2804 suae
386 2732 478 2801 hene
504 2730 684 2824 prospexit
709 2751 753 2802 eo
781 2731 880 2823 quod
907 2729 1043 2803 Fleckio
1070 2731 1176 2802 modo
1203 2729 1308 2800 fidem
1325 2727 1451 2810 habuit,
1481 2722 1587 2794 modo
1605 2739 1674 2789 nou

200 2853 326 2924 hahuit.
381 2852 595 2942 Quamquam
623 2851 722 2936 euim,
750 2873 819 2944 quo
848 2861 906 2922 est
932 2851 1097 2936 acumine,
1124 2851 1253 2944 passim
1281 2849 1385 2920 invito
1419 2843 1583 2915 collatore
1610 2861 1673 2910 ve-

201 2995 277 3044 rum
304 2972 494 3066 suspicatus
521 2980 590 3052 est,
625 2981 738 3042 tamen
766 2971 892 3044 accidit
924 2981 960 3042 ut
986 2969 1175 3044 diffidendo
1203 2990 1315 3062 aequo
1343 2990 1383 3039 ao
1410 2963 1551 3036 fidendo
1578 2959 1674 3032 salle-

203 3103 305 3164 retur.
360 3091 462 3176 Quod
488 3097 525 3161 ut
551 3091 742 3182 aegerrime
769 3091 948 3164 serendum
975 3103 1036 3178 est,
1064 3091 1109 3163 ita
1135 3089 1263 3186 optime
1290 3089 1345 3160 ille
1382 3087 1426 3159 dc
1453 3085 1520 3155 hoc
1544 3083 1675 3154 littera-

203 3235 278 3283 rum
305 3232 435 3304 genere
462 3211 650 3304 promeruit
676 3211 795 3282 studiis
822 3213 855 3280 in
882 3211 1040 3283 Fuldensi
1068 3210 1188 3284 codice
1215 3211 1351 3304 positis,
1379 3207 1434 3301 qui
1467 3225 1536 3276 non
1563 3211 1676 3272 aetate

204 3339 330 3403 tautum
359 3331 423 3402 sed
450 3331 551 3400 etiam
569 3331 723 3402 lectionis
740 3331 891 3402 bonitate
910 3353 1020 3426 prope
1039 3335 1082 3406 ad
1101 3331 1305 3403 Amiatinum
1324 3327 1464 3400 accedit.
1492 3325 1676 3394 Praeterea

204 3453 238 3522 in
265 3449 368 3522 latino
395 3450 521 3544 pariter
547 3459 648 3544 atquo
675 3451 706 3518 in
738 3471 866 3540 graeco
894 3449 1032 3522 edendo
1066 3463 1160 3524 textu
1194 3451 1249 3522 ille
1276 3451 1406 3545 primus
1438 3443 1533 3540 quod
1570 3441 1675 3513 sciam

205 3569 378 3642 eiusmodi
411 3571 715 3662 interpunctionem
750 3569 904 3641 adhibuit
939 3593 1029 3663 quae
1063 3589 1098 3644 ct
1130 3571 1311 3643 intellectui
1344 3581 1458 3642 textus
1491 3561 1677 3660 prodesset

205 3701 240 3761 et
267 3691 392 3784 antiqui
420 3690 588 3760 sermonis
615 3690 813 3762 conveniret
838 3691 969 3763 rationi.

905 3965 972 4035 XV.
1071 4021 1074 4028 .

301 4171 463 4240 Textus
498 4169 667 4241 hmiatino
704 4171 823 4242 codiee
858 4173 1001 4244 traditus
1040 4183 1076 4243 ut
1108 4173 1293 4244 innumeris
1327 4172 1413 4242 locis
1447 4169 1491 4239 ab
1526 4165 1675 4238 editione

206 4291 416 4361 Clementina
455 4291 654 4382 pervulgata
687 4291 741 4360 itta
773 4283 928 4385 differat),
967 4294 1012 4362 ita
1045 4294 1155 4364 nullus
1188 4289 1307 4364 dubito
1342 4291 1421 4384 quin
1460 4288 1577 4383 paucis
1611 4305 1700 4390 en-x

206 4411 317 4504 ceptis
344 4409 512 4480 eiusmodi
546 4411 588 4479 sit
620 4431 721 4502 quom
755 4411 829 4502 ipso
856 4409 1002 4482 ediderit
1033 4413 1269 4507 [lieronymus.
1320 4413 1430 4483 Nemo
1457 4410 1555 4502 igitur
1580 4403 1676 4487 ullus,

294 4647 322 4730 t)
342 4653 504 4712 Praeterea
527 4665 586 4708 nou
608 4649 723 4708 maiore
745 4646 901 4728 diligentia
923 4666 998 4712 usus
1022 4651 1122 4710 estin
1145 4651 1333 4730 argumentis
1353 4651 1499 4711 librorum
1520 4645 1596 4706 Novi
1619 4643 1678 4704 Te-

207 4755 351 4815 stamenti
373 4771 412 4814 ex
434 4751 538 4814 codice
561 4747 703 4812 edendis:
726 4749 987 4832 quemadmodum
1010 4752 1042 4812 in
1064 4761 1243 4832 argumento
1273 4771 1380 4834 evang.
1409 4747 1549 4812 {ohannis
1572 4747 1678 4827 plures

207 4874 318 4918 versus
339 4857 447 4932 (omnia
475 4872 553 4935 quae
581 4861 652 4933 post
676 4851 910 4932 ,‚oorruptione“
933 4854 1082 4933 leguntur)
1104 4853 1195 4934 plane
1222 4855 1444 4932 praetermisit,
1468 4861 1499 4913 ot
1524 4847 1678 4912 secundae

207 4957 247 5018 ad
270 4957 438 5019 Corinthios
454 4955 601 5036 epistulae
624 4963 837 5035 argumentum
861 4955 976 5016 nullum
999 4973 1070 5016 csso
1093 4975 1258 5036 perperam
1281 4948 1368 5018 dixit

290 5061 322 5136 θ)
344 5059 461 5120 Sixtina
482 5056 573 5119 editio
595 5057 694 5138 paullo
716 5056 855 5136 pluribus
877 5057 951 5118 locis
974 5075 1066 5136 quam
1090 5057 1279 5120 Clementina
1294 5075 1364 5120 curn
1385 5052 1678 5119 lectionehmiatina

207 5163 286 5225 tacit.
308 5161 350 5223 Ct.
373 5178 466 5240 supra
488 5177 556 5239 pag.
571 5159 622 5220 Xll
637 5177 682 5240 sq.
706 5159 758 5219 ubi
780 5159 909 5220 relatum
934 5165 981 5220 cst
1003 5158 1103 5238 ipsum
1126 5159 1314 5222 hmiatinum
1337 5159 1473 5222 codicem
1494 5161 1578 5221 iussu
1601 5157 1676 5218 Sinti

207 5267 242 5326 V.
265 5266 380 5326 Romae
402 5261 441 5322 ad
463 5258 654 5324 emendanda
676 5259 770 5320 biblia
792 5259 961 5322 adhibitum
984 5277 1061 5321 esse.
