4254 6130
370 1393 530 1502 Primum
555 1430 730 1524 queantur
762 1449 869 1522 quare
901 1439 983 1523 post
1016 1427 1209 1521 evangelia,
1236 1447 1328 1520 quae
1354 1429 1630 1530 supplementum
1654 1430 1743 1524 legis

184 1635 189 1648 ⁸
268 1560 347 1626 sunt
371 1558 407 1622 et
431 1549 467 1622 in
493 1549 618 1644 quibus
643 1549 744 1622 nobis
770 1548 932 1643 exempla
958 1558 993 1620 et
1016 1557 1204 1644 praecepta
1219 1547 1580 1642 vivendiplenissime
1606 1549 1743 1643 digesta

268 1681 362 1758 sunt,
397 1669 545 1744 vuluerit
575 1669 755 1764 apostolus
787 1668 851 1742 bas
884 1667 1048 1762 epistulas
1063 1679 1066 1685 '
1083 1667 1129 1741 ad
1166 1669 1316 1764 singulas
1357 1668 1523 1742 ecclesias
1556 1668 1740 1744 destinare.

267 1792 340 1864 Hac
365 1799 480 1862 antem
506 1809 612 1862 causa
635 1789 762 1862 lacurm
787 1788 932 1874 videtur,
959 1797 997 1860 nt
1022 1787 1150 1860 scillcet
1174 1787 1267 1860 initia
1292 1788 1463 1861 nascentis
1489 1789 1657 1864 ecelesiae
1673 1813 1740 1864 no-

266 1911 320 1984 uis
345 1909 459 1983 causis
485 1909 711 1982 existentibus
737 1903 748 1927 ⁸
760 1909 980 2003 praeueniret
1008 1917 1044 1979 et
1068 1908 1263 2002 praesentia
1295 1918 1398 2002 atque
1431 1909 1575 1982 orientia
1589 1919 1740 1984 resecu-

267 2039 321 2102 ret
344 2029 441 2116 vitia,
474 2038 510 2102 et
541 2038 579 2102 ut
602 2037 698 2124 post·
714 2029 842 2102 bitures
868 2027 1332 2122 excluderet-quaestiones,
1360 2030 1522 2123 exemplo
1549 2030 1739 2126 propbeta-

266 2171 342 2222 rnm
368 2148 531 2244 quipost
555 2148 684 2222 editam
709 2147 822 2240 legem
847 2147 945 2234 blosi,
970 2148 1004 2220 in
1030 2170 1100 2242 qua
1126 2150 1240 2222 omnia
1266 2149 1324 2222 dei
1349 2149 1511 2223 mandata
1527 2150 1739 2248 legebantur,

267 2262 504 2342 fmbdommus
536 2279 652 2342 tamen
683 2267 839 2342 doctrina
874 2289 939 2342 sua
971 2287 1011 2338 re
1042 2266 1156 2340 divina
1187 2289 1327 2363 semper
1359 2270 1479 2366 populi
1512 2291 1740 2365 conpressera

266 2397 410 2486 peccata
435 2398 471 2461 et
494 2397 639 2484 propter
664 2389 862 2483 exemplum
888 2381 897 2402 '
911 2387 1018 2460 libros
1045 2387 1091 2460 ad
1112 2397 1267 2462 nosbam
1284 2387 1388 2461 etiam
1405 2389 1607 2464 memoriam
1625 2401 1739 2464 uena-

265 2510 439 2582 miserunt.
490 2507 624 2582 Deinde
650 2508 823 2602 quaeritur
849 2530 910 2580 cur
939 2529 1011 2580 non
1036 2508 1181 2603 amplius
1214 2529 1319 2602 quam
1352 2507 1477 2582 decem
1504 2511 1666 2606 epistulas
1693 2513 1739 2586 ad

265 2630 430 2704 ecclesias
454 2627 638 2723 scripserit
669 2627 801 2700 Decem
826 2637 905 2701 sunt
929 2627 1121 2702 enimcum
1146 2629 1209 2704 illa'
1225 2651 1316 2724 quae
1338 2629 1525 2704 dicitur-ad
1542 2630 1738 2704 Hebraeos:

263 2773 345 2824 uam
370 2749 521 2843 reliquae
546 2756 706 2840 quatuor
732 2745 780 2820 ad
805 2746 992 2843 discipulos
1017 2747 1211 2844 specialiter
1236 2759 1316 2824 sunt
1339 2760 1532 2844 porrectae.
1559 2749 1601 2822 Ut
1618 2760 1738 2823 osten·

264 2870 366 2944 deret
389 2891 518 2944 novum
541 2887 613 2940 non
638 2865 839 2962 discrepare
864 2889 885 2940 a
910 2867 1020 2940 veteri
1043 2877 1249 2942 testamento
1276 2879 1312 2941 et
1336 2891 1377 2942 se
1394 2881 1514 2944 contm
1536 2871 1652 2964 legem
1669 2892 1739 2944 non

263 2992 378 3064 lucere
402 2989 503 3074 bloei,
536 2985 584 3062 ad
615 2987 768 3082 priorum
803 3009 984 3063 nnmerum
1010 2987 1169 3082 decalogi
1200 2988 1441 3064 mandatorum
1467 3012 1549 3064 suas
1575 2989 1739 3084 epistulas

264 3110 449 3195 ordinavit,
478 3101 533 3180 'et
558 3116 643 3201 quot
665 3107 722 3180 ille
747 3107 943 3203 praeceptis
969 3129 991 3180 a
1015 3107 1193 3182 Pharaone
1218 3107 1359 3182 instituit
1382 3109 1561 3194 liberatos,
1593 3108 1738 3181 totidem

263 3230 320 3302 bic
350 3229 513 3324 epistulas
549 3249 571 3299 a
604 3226 733 3300 diaboli
765 3237 800 3300 et
830 3227 1011 3302 idolatriae
1027 3228 1206 3300 'servitute
1236 3227 1363 3302 edocet
1396 3229 1597 3324 adquisitos.
1647 3227 1738 3300 Nam

264 3359 300 3422 et
331 3349 419 3423 duas
453 3347 587 3422 tabidas
618 3347 773 3441 lapideas
812 3346 960 3421 duorum
994 3356 1278 3424 testamentorum
1293 3347 1454 3441 liguram
1486 3347 1649 3420 habuisse
1673 3346 1738 3418 vi'ri

263 3467 482 3542 eruditissimi
506 3465 728 3540 tradiderunt.
759 3467 968 3564 'Epistulam
994 3489 1080 3540 sane
1106 3479 1197 3563 iprae
1223 3468 1270 3542 ad
1293 3468 1451 3540 llebreos
1478 3465 1635 3540 scribitur
1660 3466 1737 3560 qni-

262 3589 345 3662 dam
361 3588 455 3660 Pauli
479 3607 549 3658 non
574 3607 656 3658 esse
681 3587 900 3674 contendunt,
927 3610 971 3662 eu
998 3586 1095 3684 qnod
1114 3601 1204 3662 non'
1217 3587 1260 3660 sit
1285 3587 1360 3662 eius
1385 3587 1524 3662 nomine
1549 3587 1678 3661 titulata
1701 3599 1737 3660 et

260 3719 405 3805 propter
437 3707 607 3780 sermonis
637 3707 772 3801 utilique
804 3706 1033 3794 dmmntiam,=
1051 3708 1117 3782 sed
1138 3719 1208 3782 ant
1232 3707 1411 3780 Barnabae
1436 3707 1532 3780 iuxta
1557 3707 1735 3780 Tertullia-

259 3851 342 3902 num
368 3837 427 3902 eut
450 3829 565 3900 Lucae
588 3826 684 3900 iuxta
710 3827 884 3921 quosdam
908 3829 966 3902 vel
990 3838 1085 3902 certe
1100 3827 1291 3902 ¹Clementis
1316 3827 1474 3922 discipuli
1499 3829 1734 3924 apostolorum

260 3959 295 4021 et
327 3948 484 4046 episcopi
514 3967 680 4020 romanae
714 3947 882 4020 ecclesiae
914 3958 998 4044 post
1022 3941 1224 4043 'apostolus
1252 3947 1406 4022 ordinati.
1446 3947 1649 4034 Quibusita
1662 3971 1736 4022 -re-

259 4067 502 4164 spondendum
528 4076 591 4140 est
624 4067 660 4138 Si
685 4061 796 4140 'enim
820 4078 1008 4165 propterea
1033 4069 1129 4142 Pauli
1153 4090 1222 4143 non
1248 4067 1416 4161 eritquia
1442 4067 1515 4139 eius
1540 4069 1734 4142 nonhabet

258 4211 402 4274 nomen,
437 4208 523 4282 ergo
556 4208 623 4258 neo
654 4187 794 4260 alcuius
829 4189 894 4260 erit
927 4189 1007 4284 quia
1038 4189 1160 4262 nullius
1193 4187 1330 4262 nomine
1363 4185 1519 4257 titulatur.
1573 4189 1732 4276 Quodsi

258 4306 446 4382 absurdum
472 4315 535 4392 est,
560 4307 667 4400 ipsius
693 4305 805 4402 magis
830 4329 911 4382 esse
937 4310 1112 4383 credenda
1138 4320 1192 4382 est
1217 4329 1307 4404 quae
1332 4314 1425 4377 tanto
1452 4304 1629 4380 docuinae
1647 4329 1732 4382 suae

256 4429 364 4522 brlget
389 4427 543 4520 eloquio;
571 4425 823 4521 sedquoniam
849 4427 943 4524 apud
959 4429 1197 4502 Hebraeorum
1224 4426 1387 4501 ecclesias
1414 4425 1512 4520 qnasi
1537 4426 1732 4502 destructor

258 4548 344 4642 legis
369 4547 454 4620 salse
487 4547 683 4642 suspicione
708 4545 916 4634 habebatur,
941 4549 1049 4623 voluit
1073 4550 1177 4622 tacito
1203 4549 1342 4620 nomine
1367 4545 1414 4618 de
1438 4543 1556 4640 liguris
1582 4547 1669 4642 legis
1696 4558 1732 4620 et

255 4667 401 4740 veritate
427 4667 549 4740 Christi
573 4666 723 4740 reddere
749 4667 927 4754 rationem,
951 4689 997 4741 ne
1022 4669 1141 4744 odimn
1165 4668 1311 4741 nominis
1335 4667 1447 4738 bonte
1471 4665 1615 4760 praelati
1639 4668 1729 4740 utili-

255 4797 361 4860 tatem
387 4787 588 4860 excluderet
611 4786 776 4860 lectionis.
827 4789 902 4859 Non
934 4799 988 4860 est
1012 4811 1097 4860 sane
1123 4789 1246 4859 mirum
1277 4787 1307 4858 si
1332 4785 1548 4880 eloquentior
1571 4785 1730 4860 videatur

255 4907 455 5004 inproprie
480 4906 518 4979 id
543 4916 598 4979 est
621 4907 775 4980 hebraeo
802 4927 906 5000 Qum
930 4908 966 4979 in
990 4909 1175 5004 peregrino
1197 4907 1234 4979 id
1259 4914 1313 4978 est
1338 4927 1475 5000 graeco,
1503 4927 1572 5000 quo
1591 4916 1728 4980 ceterae

254 5028 423 5124 epistulae
449 5037 527 5100 sunt
552 5027 702 5122 scriptae
728 5047 900 5100 sermone.
951 5027 1068 5100 Movet
1093 5026 1196 5098 etiam
1222 5023 1394 5120 quosdam
1420 5046 1528 5120 quare
1552 5027 1726 5102 Romano-

253 5171 330 5221 rum
356 5149 502 5244 epistule
534 5147 706 5242 inprime
737 5147 781 5218 sit
810 5146 939 5242 posita,
974 5167 1053 5220 cum
1079 5165 1157 5218 eam
1187 5166 1257 5218 non
1281 5144 1428 5240 primam
1453 5147 1615 5243 scriptam
1639 5149 1726 5221 ratio

253 5269 455 5342 manifestet.
508 5267 596 5340 Nam
623 5268 710 5340 hanc
727 5289 768 5342 se
784 5265 1059 5362 proficiscentem
1077 5266 1352 5362 Hierosolymam
1373 5266 1555 5362 scripsisse
1572 5277 1725 5357 testatur,

1371 5389 1418 5458 30
