4220 6124
577 305 585 318 ι
704 356 884 422 EPISTULA
911 359 964 422 Ab
991 357 1219 423 CORINTHIOS
1243 358 1274 418 ll.

254 465 802 478 Μ-*ι--ν--μ--
1116 465 1232 472 ....—--
1245 461 1498 470 Mau—.-
1511 464 1520 469 -
1536 464 1688 472 ——w-——q-
1699 465 1725 471 -

964 599 1017 668 Xl.

329 798 404 854 “¹⁴³
419 807 550 878 Utinam
576 797 789 878 sustineretis
811 801 988 874 modicum
1014 803 1096 896 quid
1121 801 1334 894 insipientiae
1357 823 1473 872 meae:
1501 801 1566 874 sed
1589 811 1624 872 et
1647 823 1731 894 sup-

252 937 387 1020 portate
413 949 479 998 me.
532 919 726 998 ’Aemulor
753 924 843 996 cuim
876 945 943 996 vos
976 924 1033 996 dei
1066 923 1314 994 aemulatione:
1350 921 1511 1015 dispondi
1546 921 1635 992 enim
1666 942 1731 992 vos

254 1049 310 1118 uni
343 1049 418 1120 viro
452 1047 619 1142 virginem
654 1053 786 1118 castam
821 1044 989 1116 exhibere
1025 1044 1168 1116 Christo.
1230 1034 1381 1115 ³Timeo
1416 1051 1531 1114 autem
1565 1065 1609 1112 ne
1645 1042 1732 1112 sicut

254 1189 398 1262 serpens
432 1169 540 1239 Evam
575 1166 714 1238 seduxit
748 1165 869 1236 astutia
903 1187 986 1249 sua,
1022 1165 1068 1234 ita
1102 1174 1366 1258 corrumpantur
1400 1185 1524 1234 sensus
1558 1163 1664 1234 vestri
1698 1171 1732 1232 et

254 1288 416 1360 excidant
447 1311 468 1360 a
501 1287 734 1381 simplicitate,
768 1307 857 1378 quae
891 1295 945 1356 est
974 1284 1008 1356 in
1041 1284 1183 1356 Christo.
1236 1274 1417 1356 “²⁵‘Nam
1445 1283 1529 1354 siis
1556 1283 1733 1375 quiverit

254 1410 356 1482 alium
383 1410 551 1480 Christum
577 1405 757 1501 praedicat
781 1427 885 1499 quem
912 1428 982 1476 non
1014 1405 1315 1498 praedicabimus
1349 1414 1407 1476 aut
1440 1403 1542 1475 alium
1578 1403 1732 1497 spiritum

254 1523 434 1624 'accepitis
460 1549 563 1621 quem
591 1549 660 1598 nou
686 1525 875 1618 accepistis,
904 1536 964 1597 aut
989 1525 1072 1596 aliut
1098 1526 1315 1620 evangelium
1343 1525 1437 1618 quod
1458 1546 1528 1596 non
1552 1523 1730 1618 recipistis,

211 1715 214 1728 ,
253 1665 348 1722 recte
374 1648 594 1743 pateremini:
639 1639 853 1718 ⁵exhistimo
880 1646 970 1718 enim
997 1645 1078 1716 nihil
1104 1668 1161 1717 me
1188 1647 1299 1718 minus
1326 1646 1450 1717 fecisse
1476 1645 1610 1738 magnis
1642 1666 1731 1740 apo-

253 1770 359 1842 stolis.
410 1759 513 1838 ⁰Etsi
538 1767 717 1861 imperitus
750 1787 929 1851 sermone,
965 1765 1030 1838 sed
1062 1787 1132 1836 non
1163 1767 1320 1850 scientia,
1355 1766 1389 1836 iu
1423 1765 1582 1836 omnibus
1615 1776 1730 1838 autem

253 1890 486 1962 manifestatus
514 1909 588 1960 sum
615 1886 726 1958 vobis.
778 1878 877 1956 'Aut
901 1883 1067 1978 numquid
1092 1897 1274 1979 peccatum
1306 1886 1390 1970 leci,
1427 1906 1484 1955 me
1518 1885 1630 1979 ipsum
1663 1885 1729 1958 hu-

252 2011 385 2082 milians
415 2018 452 2080 ut
485 2029 551 2079 vos
585 2006 802 2090 exaltemini,
839 2005 1000 2098 quoniam
1034 1997 1139 2097 gratis
1167 2006 1383 2097 evangelium
1411 2005 1468 2076 dei
1495 2005 1729 2098 evangelizavi

253 2131 379 2202 vobis?
431 2120 555 2199 ⁸Alias
582 2127 748 2199 ecclesias
775 2126 964 2218 expoliavi,
997 2125 1171 2218 accipiens
1197 2125 1406 2220 stipendium
1433 2127 1480 2198 ad
1506 2127 1729 2202 ministerium

248 2262 419 2334 vestrum,
458 2239 519 2320 ⁹et
545 2269 623 2320 cum
651 2269 767 2318 essem
795 2245 889 2340 apud
915 2265 980 2316 vos
1007 2257 1042 2316 et
1068 2257 1227 2339 egerem,
1254 2247 1335 2318 nulli
1362 2267 1531 2320 onerosus
1559 2248 1621 2320 lui:
1648 2271 1729 2319 nam

246 2371 348 2464 vquod
373 2369 454 2444 mihi
481 2369 603 2440 deerat
628 2368 874 2461 suppleverunt
899 2367 1021 2436 iratres
1048 2366 1105 2458 qni
1131 2376 1299 2439 venerunt
1325 2367 1606 2440 aMachedonia:
1635 2369 1729 2440 etin

242 2490 412 2590 ,omnibus
438 2489 511 2560 siue
539 2507 646 2560 onere
672 2508 787 2559 meme
812 2486 914 2558 vobis
942 2487 1078 2558 servavi
1105 2496 1140 2558 et
1163 2489 1323 2559 servabo.
1366 2479 1392 2524 ⁴⁰
1408 2487 1468 2560 Est
1486 2489 1613 2560 veritas
1632 2489 1727 2559 Chri·

252 2613 292 2684 sti
326 2611 360 2680 in
395 2632 471 2693 me,
512 2607 675 2700 quoniam
708 2605 797 2680 haec
829 2607 939 2698 gloria
971 2627 1040 2678 non
1073 2607 1271 2699 infringetur
1305 2607 1338 2678 in
1371 2630 1428 2679 me
1462 2609 1496 2680 in
1527 2609 1728 2701 regionibus

250 2731 413 2804 Achaiae.
465 2720 488 2765 ⁴¹
509 2729 653 2814 Quare‘l
688 2727 871 2819 quianon
905 2727 1010 2820 diligo
1046 2731 1139 2800 vos‘l
1173 2729 1268 2800 Deus
1301 2728 1374 2800 scit.
1433 2723 1459 2768 ⁴²
1477 2728 1580 2814 Quod
1613 2738 1728 2800 autem

246 2853 356 2934 facio,
384 2858 419 2920 et
443 2848 594 2932 luciam,
609 2856 646 2918 ut
673 2856 847 2941 amputem
875 2849 1095 2920 occasionem
1122 2860 1243 2919 corum
1269 2849 1327 2940 qui
1352 2850 1471 2922 volunt
1497 2848 1726 2930 occasionem,

251 2983 288 3044 ut
313 2973 348 3041 in
374 2991 443 3061 qno
470 2967 656 3060 gloriantur
681 2966 894 3038 inveniuntur
920 2969 1007 3040 sicut
1034 2977 1069 3038 et
1093 2989 1167 3039 nos.
1208 2957 1295 3012 Μ)
1308 2969 1396 3040 Nam
1424 2968 1595 3041 eiusmodi
1620 2987 1727 3060 psen-

251 3069 459 3182 doapostoli,
487 3087 636 3178 operarii
662 3074 809 3170 subdoli,
837 3087 1118 3179 transfigurantes
1144 3109 1183 3159 se
1210 3088 1244 3158 in
1270 3090 1451 3181 apostolos
1470 3087 1600 3160 Christi.
1643 3075 1669 3122 ⁴⁴
1685 3087 1728 3156 Et

251 3231 321 3281 nou
347 3209 487 3278 mirum:
521 3203 597 3297 ipse
624 3203 715 3275 enim
742 3201 897 3278 'saunas
926 3205 1143 3298 transfigurat
1168 3230 1209 3278 se
1235 3207 1270 3276 in
1296 3211 1454 3301 angelum
1480 3209 1582 3280 lucis:
1615 3197 1641 3240 ⁴⁵
1656 3227 1728 3276 non

251 3341 306 3402 est
332 3350 416 3421 ergo
444 3346 606 3417 maguum
633 3324 662 3396 si
688 3324 830 3396 ministri
857 3325 931 3397 eius
957 3325 1238 3418 transfigurentur
1264 3328 1358 3400 velut
1388 3329 1531 3400 ministri
1561 3326 1726 3410 iustitiae;

251 3469 397 3544 quorum
413 3445 593 3518 bniserit
618 3443 809 3516 seeundum
836 3465 945 3539 opera
970 3447 1133 3540 ipsorum.
1184 3439 1346 3518 ⁴⁶lterum
1373 3449 1469 3532 dico,
1496 3465 1541 3518 ne
1568 3446 1644 3538 quis
1670 3465 1726 3516 me

251 3578 348 3665 putat
372 3567 604 3660 insipientem:
632 3565 781 3657 alioquin
806 3566 900 3638 vclut
925 3566 1140 3660 insipientem
1163 3568 1306 3661 accipite
1324 3590 1391 3654 me,
1417 3579 1455 3640 ut
1472 3577 1508 3640 et
1525 3589 1593 3660 ego
1611 3565 1726 3637 modi-

251 3713 329 3762 cum
357 3687 439 3782 quid
465 3686 601 3778 glorier.
654 3678 679 3722 ⁴⁷
698 3685 801 3771 Quod
827 3687 964 3779 loquor,
996 3707 1066 3758 non
1091 3687 1216 3780 loquor
1242 3688 1432 3760 seeundum
1448 3687 1635 3761 vdomiuum
1662 3685 1726 3758 sed

251 3810 349 3905 quasi
375 3810 409 3880 in
435 3806 664 3900 insipientiam
697 3806 731 3877 in
763 3806 829 3878 bac
862 3807 1050 3894 substantia
1084 3808 1223 3900 gloriae.
1276 3799 1302 3844 ⁴⁸
1320 3809 1490 3894 Quoniam
1521 3807 1615 3878 multi
1647 3808 1725 3899 glo-

250 3934 378 4003 riantur
410 3927 600 4000 seeundum
634 3947 792 4011 carnem,
828 3937 864 3998 et
898 3937 966 4021 ego
996 3927 1181 4020 gloriabor.
1232 3921 1259 3967 ⁴⁹
1274 3929 1436 4001 Libenter
1462 3929 1553 4001 enim
1580 3926 1725 3998 suffertis

249 4033 465 4146 insipientes,
500 4069 578 4118 cum
613 4047 685 4118 sitis
717 4047 782 4141 ipsi
813 4048 1004 4141 sapientes:
1048 4041 1074 4086 ²⁰
1091 4048 1263 4120 sustinetis
1296 4049 1387 4120 enim
1421 4051 1451 4120 si
1486 4049 1562 4142 quis
1594 4069 1660 4118 vos
1691 4047 1725 4118 in

250 4172 448 4245 servitutem
475 4167 614 4260 redigit,
642 4167 670 4238 si
697 4169 773 4261 quis
800 4167 962 4255 devorat,
991 4170 1021 4242 si
1047 4169 1123 4262 quis
1149 4169 1288 4262 accipit,
1323 4171 1455 4263 siquis
1481 4168 1669 4252 extollitur,
1696 4167 1724 4236 si

250 4291 327 4382 quis
355 4285 439 4361 'vos
465 4288 647 4359 infaciem
675 4289 796 4362 caedit.
848 4281 872 4328 ²¹
891 4289 1090 4362 Secundum
1115 4289 1361 4381 ignobilitatem
1380 4288 1491 4374 dico,
1528 4287 1625 4381 quasi
1659 4309 1724 4357 uos

249 4407 372 4480 infirmi
398 4408 577 4478 fuerimus:
604 4408 639 4478 in
665 4431 735 4501 qno
762 4410 838 4502 quis
865 4411 980 4495 audet,
1009 4403 1060 4480 'iu
1083 4410 1310 4504 insipientiam
1334 4410 1422 4493 dico,
1450 4409 1564 4480 audeo
1588 4418 1623 4479 et
1645 4429 1722 4499 ego.

249 4521 275 4566 ²²
291 4527 440 4598 Hebraei
474 4530 583 4598 sunt‘l
620 4536 655 4598 et
688 4549 766 4621 ego.
819 4528 1016 4600 Israhelitae
1051 4533 1159 4602 sunt?
1194 4541 1229 4602 et
1263 4553 1341 4624 ego.
1401 4531 1528 4601 Samen
1562 4527 1724 4600 Abrahae

249 4651 353 4718 sunt?
380 4657 414 4718 et
440 4667 518 4738 ego.
557 4637 734 4720 2³llinistri
760 4648 881 4720 Christi
908 4652 1011 4720 sunt‘l
1038 4659 1075 4720 ut
1100 4652 1211 4722 minus
1239 4652 1379 4744 sapiens
1406 4649 1504 4735 dico,
1532 4650 1608 4743 plus
1635 4670 1724 4741 ego,

250 4767 284 4838 in
311 4767 487 4838 laboribus
513 4766 674 4861 plurimis,
702 4769 734 4838 in
762 4768 959 4840 carceribus
985 4768 1221 4850 abundantius,
1248 4770 1288 4840 m·
1307 4770 1418 4864 plagis
1441 4792 1545 4864 supra
1569 4767 1721 4852 modum,
1822 4856 1825 4870 ἱ

249 4891 283 4960 in
317 4890 484 4962 mortibus
518 4889 734 4980 frequenter:
778 4877 841 4960 ”a
867 4888 1004 4960 ludaeis
1036 4890 1216 4983 quinquies
1251 4891 1492 4984 quadragenas
1518 4913 1586 4962 unu
1612 4890 1723 4961 minus

249 5011 392 5105 accepi,
435 5001 462 5046 ἦ
479 5019 532 5080 ter
563 5007 669 5101 virgis
702 5029 827 5080 caesus
853 5031 947 5092 snrn,
976 5011 1084 5080 semel
1111 5010 1280 5106 lapidatus
1307 5035 1402 5098 sum,
1431 5023 1484 5084 ter
1510 5011 1722 5104 naufragium

247 5133 323 5220 leci,
350 5142 451 5206 nocte
478 5141 513 5203 et
538 5131 595 5203 die
623 5131 656 5202 iu
682 5127 888 5224 profundum
916 5129 1019 5200 maris
1045 5131 1100 5214 lui,
1140 5122 1212 5202 ffiin
1239 5132 1414 5206 itineribus
1441 5153 1557 5228 saepe,
1585 5133 1723 5228 perieu-

855 5249 906 5334 xl,
938 5252 950 5319 l
989 5290 1032 5302 -—
1062 5253 1121 5326 26.
