4146 6120
686 1263 837 1335 menn
863 1261 1071 1333 serenum
1096 1259 1156 1332 an
1183 1259 1436 1332 rmornauu
1461 1241 1550 1332 s'rt‘h‘·

1106 1536 1127 1603 l.

449 1763 458 1807 ⁴
475 1759 504 1816 (¹³
527 1765 668 1876 Paulus,
696 1790 873 1886 apostolus
892 1789 1012 1861 Christi
1037 1791 1114 1860 lesu
1140 1811 1204 1882 per
1230 1791 1440 1862 voluntatem
1464 1789 1522 1862 dei
1548 1789 1740 1864 secundum
1767 1813 1853 1884 pro-

372 1915 572 1986 missionem
608 1913 696 1984 vitae
731 1932 822 2004 quae
855 1919 908 1980 est
940 1909 974 1980 in
1007 1909 1140 1984 Christo
1172 1911 1267 1996 lesu,
1310 1903 1520 1984 2Timotheo
1562 1909 1739 1984 carissimo
1780 1909 1853 1982 lilio

372 2035 483 2128 gratia
526 2033 761 2106 misericordia
803 2051 874 2124 pax
905 2052 925 2100 a
958 2029 1026 2102 deo
1065 2039 1164 2123 patre
1202 2039 1237 2102 et
1268 2030 1401 2104 Christo
1433 2032 1512 2106 lesu
1543 2028 1686 2104 domino
1720 2023 1853 2104 nostr'o.

371 2150 541 2236 ³Gratias,
563 2175 630 2247 ago
658 2152 737 2238 deo,
764 2151 818 2224 cui
846 2150 960 2222 servio
988 2172 1009 2222 a
1035 2150 1314 2245 progenitoribus
1341 2151 1374 2222 in
1397 2149 1607 2228 conscientia
1624 2171 1719 2244 pura,
1746 2172 1853 2244 quum

373 2276 446 2348 sine
479 2271 730 2345 intermissione
763 2271 909 2341 habeam
945 2272 992 2344 tui
1027 2269 1230 2344 memoriam
1263 2271 1298 2342 in
1329 2269 1540 2341 orationibus
1567 2271 1654 2341 meis
1679 2281 1782 2342 nocte
1809 2293 1854 2342 ac

373 2396 450 2479 die,
489 2384 722 2464 *desiderans
748 2401 783 2462 te
809 2389 944 2474 videre,
973 2411 1107 2461 memor
1133 2390 1350 2462 lacrimarum
1376 2399 1525 2474 tuarum,
1559 2401 1597 2460 ut
1631 2389 1756 2484 gaudio
1783 2390 1852 2460 im-

372 2517 488 2608 plear,
526 2504 834 2582 ⁵recordationem
875 2510 1047 2602 accipiens
1083 2511 1156 2582 eius
1192 2509 1271 2580 fidei
1308 2531 1398 2603 quae
1433 2519 1488 2580 est
1520 2509 1555 2580 in
1589 2521 1624 2582 te
1658 2533 1728 2582 non
1760 2509 1851 2586 licta,

373 2655 464 2727 quae
491 2643 525 2702 et
550 2629 717 2702 habitavit
743 2631 887 2722 primurn
914 2631 948 2700 in
974 2631 1050 2702 avia
1079 2641 1136 2702 tua
1162 2629 1269 2702 Loide
1297 2641 1333 2701 et
1355 2638 1466 2700 matre
1491 2639 1548 2701 tua
1570 2631 1706 2715 Eunice,
1735 2640 1852 2701 certus

373 2777 450 2826 sum
477 2761 592 2823 autem
619 2749 714 2842 quod
741 2759 776 2819 et
802 2749 835 2818 iu
862 2759 905 2820 te.
956 2741 1133 2844 ⁶Propter
1160 2770 1263 2841 quam
1291 2769 1430 2820 causam
1462 2749 1636 2822 admoneo
1668 2761 1701 2822 te
1728 2760 1765 2820 ut
1790 2773 1851 2821 re-

373 2873 520 2948 suscites
545 2870 688 2964 gratiam
717 2867 788 2954 dei,
821 2891 909 2962 quae
937 2879 991 2940 est
1016 2869 1050 2937 in
1077 2877 1111 2938 te
1138 2890 1202 2960 per
1228 2869 1469 2962 inpositionem
1495 2891 1658 2942 manuum
1684 2891 1851 2942 mearum.

371 2990 479 3065 ἿΝοιι
505 2991 594 3062 enim
622 2989 719 3061 dedit
744 2989 844 3060 nohis
870 2989 957 3061 deus
983 2988 1137 3082 spiritum
1165 2989 1311 3073 timoris,
1353 2989 1416 3060 sed
1445 2991 1574 3061 virtutis
1600 3000 1635 3062 et
1660 2988 1852 3062 dilectionis

373 3124 408 3185 et
434 3110 639 3184 sobrietatis.
682 3101 743 3158 ΒΨ)
756 3110 833 3180 Noli
860 3110 976 3201 itaque
1003 3109 1212 3179 erubescere
1240 3109 1470 3182 testimonium
1498 3110 1628 3182 domini
1652 3111 1760 3182 nostri
1783 3131 1851 3180 ne-

373 3255 443 3328 que
469 3226 545 3302 'me
571 3230 722 3302 vinctum
750 3230 838 3314 eius,
866 3230 932 3300 sed
958 3229 1146 3300 conlabora
1172 3229 1354 3322 evangelio
1381 3231 1570 3302 secundum
1596 3231 1754 3302 virtulem
1781 3230 1850 3314 dei,

370 3348 461 3447 ⁹qui
485 3373 552 3423 nos
577 3351 734 3422 liberavit
760 3363 795 3421 et
818 3349 957 3422 vocavit
980 3350 1163 3421 vocatione
1189 3359 1317 3436 sancta,
1344 3371 1414 3421 non
1441 3350 1631 3422 secundum
1658 3369 1765 3443 opera
1782 3369 1850 3420 no-

373 3486 451 3554 stra,
479 3472 542 3544 sed
570 3469 759 3542 secundum
785 3471 999 3564 propositum
1027 3491 1127 3542 suum
1154 3478 1190 3540 et
1215 3471 1358 3562 gratiam
1384 3492 1475 3562 quae
1501 3470 1582 3542 data
1609 3481 1663 3542 est
1687 3469 1787 3540 nohis
1814 3469 1850 3561 in

374 3595 506 3666 Christo
533 3593 609 3662 lesu
637 3601 714 3662 ante
742 3600 899 3684 tempora
926 3588 1129 3673 saecularia,
1169 3581 1195 3625 ⁴⁰
1207 3591 1423 3662 manifestata
1449 3599 1504 3660 est
1529 3600 1644 3662 autem
1670 3611 1759 3662 nunc
1785 3611 1851 3684 per

372 3714 660 3787 inluminationem
687 3711 868 3782 salvatoris
895 3709 1001 3781 nostri
1027 3711 1107 3780 lesu
1134 3709 1269 3795 Christi,
1304 3711 1362 3812 qui
1388 3711 1559 3783 destruxit
1585 3709 1724 3802 quidem
1751 3731 1848 3782 mor-

373 3847 459 3920 tem,
477 3830 703 3905 'inluminavit
735 3840 848 3901 autem
880 3830 986 3900 vitam
1020 3839 1054 3900 et
1087 3829 1377 3923 incorruptionem
1409 3851 1472 3924 per
1498 3830 1732 3922 evangelium,
1771 3822 1794 3866 ¹⁴
1813 3831 1848 3900 in

373 3975 443 4048 quo
469 3953 603 4048 positus
629 3973 706 4022 sum
733 3971 800 4041 ego
829 3950 1046 4044 praedicator
1070 3959 1106 4019 et
1123 3950 1302 4043 apostolus
1320 3961 1356 4020 et
1373 3951 1536 4042 magister
1553 3950 1721 4041 gentium,
1761 3941 1848 4020 '’ob

373 4095 478 4166 quam
506 4094 648 4144 causam
675 4070 776 4142 etiam
803 4071 890 4142 haec
916 4069 1036 4163 patior,
1065 4068 1225 4140 sednon
1252 4069 1458 4154 confundor:
1485 4069 1558 4141 scio
1584 4071 1674 4140 enim
1697 4070 1751 4140 cui
1768 4091 1848 4140 cre-

373 4191 462 4276 didi,
498 4200 534 4262 et
567 4202 681 4262 certus
716 4212 793 4260 sum
827 4187 905 4280 quia
932 4198 1057 4281 potens
1083 4199 1137 4260 est
1163 4187 1358 4282 depositum
1386 4210 1501 4260 meum
1529 4210 1671 4260 servare
1697 4191 1731 4260 in
1756 4190 1847 4260 illum

373 4313 474 4384 diem.
526 4303 552 4348 ⁴³
565 4302 599 4359 (³³
616 4312 777 4382 Formam
803 4309 894 4380 habe
922 4329 1085 4380 sanorum
1111 4309 1297 4378 verborum
1324 4329 1414 4401 quae
1440 4331 1459 4379 3
1488 4329 1544 4379 me
1571 4309 1694 4382 audisti
1718 4310 1752 4379 in
1777 4309 1848 4380 lide

373 4445 407 4504 et
434 4431 619 4503 dilectione
645 4432 678 4501 in
705 4429 836 4502 Christo
864 4428 958 4497 lesu:
1003 4417 1028 4463 ¹⁵
1045 4429 1174 4499 bonum
1202 4427 1399 4521 depositum
1433 4429 1568 4500 custodi
1599 4451 1662 4522 per
1693 4429 1848 4524 spiritum

373 4562 530 4626 sanctum
557 4551 614 4643 qui
641 4549 828 4622 habitatin
854 4546 963 4618 nobis.
1003 4539 1117 4619 ⁴⁵Scis
1144 4549 1212 4620 hoc
1238 4549 1333 4641 quod
1360 4550 1471 4620 aversi
1500 4559 1577 4620 sunt
1604 4572 1625 4621 a
1650 4569 1706 4620 me
1725 4571 1848 4622 omnes

373 4673 491 4768 quiin
517 4670 599 4741 Asia
625 4679 717 4753 sunt,
745 4690 791 4738 ex
819 4668 943 4762 quihus
970 4677 1024 4738 est
1049 4667 1221 4763 Phygelus
1249 4680 1284 4740 et
1308 4671 1555 4762 Hermogenes.
1609 4662 1634 4706 ¹⁶
1650 4671 1716 4741 Det
1741 4671 1848 4742 mise-

373 4793 557 4865 ricordiam
585 4789 745 4861 dominus
774 4787 943 4860 Onesilori
969 4788 1098 4874 domui,
1138 4790 1218 4882 quia
1244 4811 1352 4884 saepe
1386 4813 1443 4860 me
1469 4789 1684 4882 refrigeravit
1716 4799 1751 4860 et
1786 4811 1848 4862 ca-

373 4926 486 4984 tenam
518 4931 632 4982 meam
665 4931 735 4982 non
770 4909 921 4993 eruhuit,
961 4901 986 4944 Π
1005 4908 1069 4979 sed
1102 4931 1180 4980 cum
1210 4911 1355 4981 Romam
1390 4910 1581 4996 venissem,
1616 4909 1756 4980 sollicite
1791 4931 1849 4980 me

373 5031 541 5126 quaesivit
572 5041 608 5102 et
639 5031 775 5104 invenit.
828 5020 935 5098 181)(33
968 5028 1013 5097 illi
1047 5029 1206 5100 dominus
1240 5030 1394 5100 invenire
1426 5029 1696 5101 misericordiam
1727 5052 1748 5100 a
1780 5029 1849 5102 do-

372 5152 464 5225 mino
493 5151 526 5222 in
553 5151 608 5224 illa
635 5151 700 5223 die.
753 5151 794 5220 Et
820 5159 945 5240 quanta
972 5148 1101 5240 Ephesi
1128 5149 1343 5234 ministravit,
1370 5149 1491 5220 melius
1518 5157 1553 5218 tu
1580 5147 1679 5220 nosti.

998 5267 1234 5354 l,l-l8.
