<?xml version="1.0" encoding="UTF-8"?>
<!DOCTYPE html PUBLIC "-//W3C//DTD XHTML 1.0 Transitional//EN"
    "http://www.w3.org/TR/xhtml1/DTD/xhtml1-transitional.dtd">
<html xmlns="http://www.w3.org/1999/xhtml" xml:lang="en" lang="en">
 <head>
  <title>
</title>
<meta http-equiv="Content-Type" content="text/html;charset=utf-8" />
  <meta name='ocr-system' content='tesseract 3.04.00' />
  <meta name='ocr-capabilities' content='ocr_page ocr_carea ocr_par ocr_line ocrx_word'/>
</head>
<body>
  <div class='ocr_page' id='page_1' title='image "./novumtestamentu02tiscgoog_0126.png"; bbox 0 0 4242 6118; ppageno 0'>
   <div class='ocr_carea' id='block_1_1' title="bbox 692 384 1771 464">
    <p class='ocr_par' dir='ltr' id='par_1_1' title="bbox 692 384 1771 464">
     <span class='ocr_line' id='line_1_1' title="bbox 692 384 1771 464; baseline 0.002 -6"><span class='ocrx_word' id='word_1_1' title='bbox 692 391 941 458; x_wconf 76' lang='lat' dir='ltr'>EVAMGELIUM</span> <span class='ocrx_word' id='word_1_2' title='bbox 970 395 1171 460; x_wconf 79' lang='lat' dir='ltr'>SECUNDUM</span> <span class='ocrx_word' id='word_1_3' title='bbox 1197 395 1350 462; x_wconf 78' lang='lat' dir='ltr'>MARCUM</span> <span class='ocrx_word' id='word_1_4' title='bbox 1724 384 1771 464; x_wconf 81' lang='lat'><strong>75</strong></span> 
     </span>
    </p>
   </div>
   <div class='ocr_carea' id='block_1_2' title="bbox 283 589 1772 696">
    <p class='ocr_par' dir='ltr' id='par_1_2' title="bbox 283 589 1772 696">
     <span class='ocr_line' id='line_1_2' title="bbox 283 589 1772 696; baseline -0.003 -21"><span class='ocrx_word' id='word_1_5' title='bbox 283 601 449 696; x_wconf 78' lang='lat' dir='ltr'><strong>cophinos</strong></span> <span class='ocrx_word' id='word_1_6' title='bbox 475 604 745 694; x_wconf 77' lang='lat' dir='ltr'><strong>fragmentorum</strong></span> <span class='ocrx_word' id='word_1_7' title='bbox 773 595 903 690; x_wconf 86' lang='lat' dir='ltr'><strong>plenos</strong></span> <span class='ocrx_word' id='word_1_8' title='bbox 927 600 1135 672; x_wconf 79' lang='lat' dir='ltr'><strong>sustulistis?</strong></span> <span class='ocrx_word' id='word_1_9' title='bbox 1159 601 1282 673; x_wconf 82' lang='lat' dir='ltr'><strong>Dicunt</strong></span> <span class='ocrx_word' id='word_1_10' title='bbox 1306 603 1339 672; x_wconf 91' lang='lat' dir='ltr'><strong>ei</strong></span> <span class='ocrx_word' id='word_1_11' title='bbox 1355 599 1558 672; x_wconf 87' lang='lat' dir='ltr'><strong>Duodecim.</strong></span> <span class='ocrx_word' id='word_1_12' title='bbox 1584 589 1772 681; x_wconf 72' lang='lat' dir='ltr'><strong>”Quando</strong></span> 
     </span>
    </p>
   </div>
   <div class='ocr_carea' id='block_1_3' title="bbox 139 718 1907 941">
    <p class='ocr_par' dir='ltr' id='par_1_3' title="bbox 139 718 1907 941">
     <span class='ocr_line' id='line_1_3' title="bbox 139 718 1773 815; baseline -0.004 -20"><span class='ocrx_word' id='word_1_13' title='bbox 139 738 142 750; x_wconf 92' lang='grc'><strong><em>·</em></strong></span> <span class='ocrx_word' id='word_1_14' title='bbox 204 762 209 766; x_wconf 96' lang='grc'>-</span> <span class='ocrx_word' id='word_1_15' title='bbox 283 731 320 794; x_wconf 91' lang='lat' dir='ltr'><strong>et</strong></span> <span class='ocrx_word' id='word_1_16' title='bbox 344 731 476 815; x_wconf 90' lang='lat' dir='ltr'><strong>septem</strong></span> <span class='ocrx_word' id='word_1_17' title='bbox 503 741 613 815; x_wconf 84' lang='lat' dir='ltr'><strong>panes</strong></span> <span class='ocrx_word' id='word_1_18' title='bbox 639 720 675 792; x_wconf 92' lang='lat' dir='ltr'><strong>in</strong></span> <span class='ocrx_word' id='word_1_19' title='bbox 701 724 868 814; x_wconf 86' lang='lat' dir='ltr'><strong>quattuor</strong></span> <span class='ocrx_word' id='word_1_20' title='bbox 894 719 1004 804; x_wconf 87' lang='lat' dir='ltr'><strong>milia,</strong></span> <span class='ocrx_word' id='word_1_21' title='bbox 1038 730 1123 814; x_wconf 88' lang='lat' dir='ltr'><strong>quot</strong></span> <span class='ocrx_word' id='word_1_22' title='bbox 1156 731 1294 814; x_wconf 89' lang='lat' dir='ltr'><strong>sportas</strong></span> <span class='ocrx_word' id='word_1_23' title='bbox 1327 723 1598 813; x_wconf 80' lang='lat' dir='ltr'><strong>fragmentorum</strong></span> <span class='ocrx_word' id='word_1_24' title='bbox 1623 718 1773 790; x_wconf 77' lang='lat' dir='ltr'><strong>tulistis?</strong></span> 
     </span>
     <span class='ocr_line' id='line_1_4' title="bbox 283 827 1907 941; baseline -0.005 -27"><span class='ocrx_word' id='word_1_25' title='bbox 283 845 326 914; x_wconf 86' lang='lat' dir='ltr'><strong>Et</strong></span> <span class='ocrx_word' id='word_1_26' title='bbox 351 842 467 914; x_wconf 85' lang='lat' dir='ltr'><strong>dieunt</strong></span> <span class='ocrx_word' id='word_1_27' title='bbox 499 841 531 912; x_wconf 93' lang='lat' dir='ltr'><strong>ei</strong></span> <span class='ocrx_word' id='word_1_28' title='bbox 565 841 718 934; x_wconf 90' lang='lat' dir='ltr'><strong>Septem.</strong></span> <span class='ocrx_word' id='word_1_29' title='bbox 771 827 796 872; x_wconf 73' lang='lat'><strong>¹⁴</strong></span> <span class='ocrx_word' id='word_1_30' title='bbox 816 835 862 908; x_wconf 83' lang='lat' dir='ltr'><strong>Et</strong></span> <span class='ocrx_word' id='word_1_31' title='bbox 894 839 1034 912; x_wconf 81' lang='lat' dir='ltr'><strong>dicebat</strong></span> <span class='ocrx_word' id='word_1_32' title='bbox 1066 841 1115 912; x_wconf 88' lang='lat' dir='ltr'><strong>eis</strong></span> <span class='ocrx_word' id='word_1_33' title='bbox 1148 842 1334 926; x_wconf 87' lang='lat' dir='ltr'><strong>Quomodo</strong></span> <span class='ocrx_word' id='word_1_34' title='bbox 1366 839 1523 912; x_wconf 89' lang='lat' dir='ltr'><strong>nondum</strong></span> <span class='ocrx_word' id='word_1_35' title='bbox 1552 837 1771 941; x_wconf 83' lang='lat' dir='ltr'><strong>inteUegitis‘l</strong></span> <span class='ocrx_word' id='word_1_36' title='bbox 1905 885 1907 892; x_wconf 23' lang='grc' dir='ltr'><em>ν</em></span> 
     </span>
    </p>
   </div>
   <div class='ocr_carea' id='block_1_4' title="bbox 206 953 1773 2487">
    <p class='ocr_par' dir='ltr' id='par_1_4' title="bbox 206 953 1773 2487">
     <span class='ocr_line' id='line_1_5' title="bbox 283 953 1772 1052; baseline -0.003 -18"><span class='ocrx_word' id='word_1_37' title='bbox 283 956 309 1000; x_wconf 73' lang='lat'><strong>¹¹</strong></span> <span class='ocrx_word' id='word_1_38' title='bbox 322 953 409 1012; x_wconf 65' lang='lat' dir='ltr'><strong>‘⁸¹¹¹0l</strong></span> <span class='ocrx_word' id='word_1_39' title='bbox 427 963 469 1034; x_wconf 83' lang='lat' dir='ltr'><strong>Et</strong></span> <span class='ocrx_word' id='word_1_40' title='bbox 495 961 635 1034; x_wconf 77' lang='lat' dir='ltr'><strong>veniunt</strong></span> <span class='ocrx_word' id='word_1_41' title='bbox 661 956 870 1034; x_wconf 89' lang='lat' dir='ltr'><strong>Bethsaida:</strong></span> <span class='ocrx_word' id='word_1_42' title='bbox 905 972 941 1034; x_wconf 93' lang='lat' dir='ltr'><strong>et</strong></span> <span class='ocrx_word' id='word_1_43' title='bbox 974 961 1150 1034; x_wconf 81' lang='lat' dir='ltr'><strong>adducunt</strong></span> <span class='ocrx_word' id='word_1_44' title='bbox 1184 962 1216 1034; x_wconf 91' lang='lat' dir='ltr'><strong>ei</strong></span> <span class='ocrx_word' id='word_1_45' title='bbox 1243 983 1403 1046; x_wconf 85' lang='lat' dir='ltr'><strong>eaeoum,</strong></span> <span class='ocrx_word' id='word_1_46' title='bbox 1432 970 1467 1032; x_wconf 88' lang='lat' dir='ltr'><strong>et</strong></span> <span class='ocrx_word' id='word_1_47' title='bbox 1491 959 1664 1052; x_wconf 91' lang='lat' dir='ltr'><strong>rogabant</strong></span> <span class='ocrx_word' id='word_1_48' title='bbox 1691 979 1772 1030; x_wconf 89' lang='lat' dir='ltr'><strong>eum</strong></span> 
     </span>
     <span class='ocr_line' id='line_1_6' title="bbox 283 1074 1773 1175; baseline -0.001 -21"><span class='ocrx_word' id='word_1_49' title='bbox 283 1082 435 1154; x_wconf 89' lang='lat' dir='ltr'><strong>utillum</strong></span> <span class='ocrx_word' id='word_1_50' title='bbox 462 1089 631 1174; x_wconf 89' lang='lat' dir='ltr'><strong>tangeret.</strong></span> <span class='ocrx_word' id='word_1_51' title='bbox 684 1074 711 1120; x_wconf 84' lang='lat'><strong>¹³</strong></span> <span class='ocrx_word' id='word_1_52' title='bbox 727 1082 770 1154; x_wconf 84' lang='lat' dir='ltr'><strong>Et</strong></span> <span class='ocrx_word' id='word_1_53' title='bbox 796 1080 1067 1175; x_wconf 81' lang='lat' dir='ltr'><strong>adprehendens</strong></span> <span class='ocrx_word' id='word_1_54' title='bbox 1101 1105 1240 1154; x_wconf 89' lang='lat' dir='ltr'><strong>manum</strong></span> <span class='ocrx_word' id='word_1_55' title='bbox 1274 1082 1372 1154; x_wconf 85' lang='lat' dir='ltr'><strong>eaeei</strong></span> <span class='ocrx_word' id='word_1_56' title='bbox 1405 1079 1526 1152; x_wconf 85' lang='lat' dir='ltr'><strong>eduxit</strong></span> <span class='ocrx_word' id='word_1_57' title='bbox 1560 1101 1639 1152; x_wconf 89' lang='lat' dir='ltr'><strong>eum</strong></span> <span class='ocrx_word' id='word_1_58' title='bbox 1671 1091 1773 1154; x_wconf 85' lang='lat' dir='ltr'><strong>extra</strong></span> 
     </span>
     <span class='ocr_line' id='line_1_7' title="bbox 282 1200 1770 1296; baseline 0 -22"><span class='ocrx_word' id='word_1_59' title='bbox 282 1204 405 1288; x_wconf 86' lang='lat' dir='ltr'><strong>viuum,</strong></span> <span class='ocrx_word' id='word_1_60' title='bbox 432 1212 469 1274; x_wconf 82' lang='lat' dir='ltr'><strong>et</strong></span> <span class='ocrx_word' id='word_1_61' title='bbox 493 1223 654 1296; x_wconf 87' lang='lat' dir='ltr'><strong>expuens</strong></span> <span class='ocrx_word' id='word_1_62' title='bbox 679 1204 713 1274; x_wconf 91' lang='lat' dir='ltr'><strong>in</strong></span> <span class='ocrx_word' id='word_1_63' title='bbox 739 1203 860 1274; x_wconf 90' lang='lat' dir='ltr'><strong>oculos</strong></span> <span class='ocrx_word' id='word_1_64' title='bbox 886 1203 961 1274; x_wconf 86' lang='lat' dir='ltr'><strong>eius</strong></span> <span class='ocrx_word' id='word_1_65' title='bbox 986 1202 1143 1296; x_wconf 86' lang='lat' dir='ltr'><strong>inpositis</strong></span> <span class='ocrx_word' id='word_1_66' title='bbox 1168 1203 1329 1276; x_wconf 86' lang='lat' dir='ltr'><strong>manibus</strong></span> <span class='ocrx_word' id='word_1_67' title='bbox 1356 1200 1428 1272; x_wconf 75' lang='lat' dir='ltr'><strong>siris</strong></span> <span class='ocrx_word' id='word_1_68' title='bbox 1452 1203 1675 1294; x_wconf 79' lang='lat' dir='ltr'><strong>interrogavit</strong></span> <span class='ocrx_word' id='word_1_69' title='bbox 1692 1225 1770 1274; x_wconf 90' lang='lat' dir='ltr'><strong>eum</strong></span> 
     </span>
     <span class='ocr_line' id='line_1_8' title="bbox 282 1314 1771 1418; baseline 0.001 -24"><span class='ocrx_word' id='word_1_70' title='bbox 282 1324 311 1394; x_wconf 91' lang='lat' dir='ltr'><strong>si</strong></span> <span class='ocrx_word' id='word_1_71' title='bbox 338 1323 465 1416; x_wconf 88' lang='lat' dir='ltr'><strong>aliquid</strong></span> <span class='ocrx_word' id='word_1_72' title='bbox 490 1323 636 1394; x_wconf 87' lang='lat' dir='ltr'><strong>videret.</strong></span> <span class='ocrx_word' id='word_1_73' title='bbox 688 1314 716 1362; x_wconf 68' lang='lat'><strong>²⁸</strong></span> <span class='ocrx_word' id='word_1_74' title='bbox 731 1323 774 1394; x_wconf 82' lang='lat' dir='ltr'><strong>Mt</strong></span> <span class='ocrx_word' id='word_1_75' title='bbox 800 1325 970 1418; x_wconf 85' lang='lat' dir='ltr'><strong>aspiciens</strong></span> <span class='ocrx_word' id='word_1_76' title='bbox 997 1323 1045 1396; x_wconf 91' lang='lat' dir='ltr'><strong>ait</strong></span> <span class='ocrx_word' id='word_1_77' title='bbox 1070 1323 1180 1396; x_wconf 90' lang='lat' dir='ltr'><strong>Video</strong></span> <span class='ocrx_word' id='word_1_78' title='bbox 1207 1323 1371 1396; x_wconf 87' lang='lat' dir='ltr'><strong>homines</strong></span> <span class='ocrx_word' id='word_1_79' title='bbox 1402 1321 1497 1392; x_wconf 87' lang='lat' dir='ltr'><strong>velut</strong></span> <span class='ocrx_word' id='word_1_80' title='bbox 1523 1323 1669 1396; x_wconf 89' lang='lat' dir='ltr'><strong>arbores</strong></span> <span class='ocrx_word' id='word_1_81' title='bbox 1695 1346 1771 1396; x_wconf 90' lang='lat' dir='ltr'><strong>am-</strong></span> 
     </span>
     <span class='ocr_line' id='line_1_9' title="bbox 279 1434 1773 1540; baseline 0 -24"><span class='ocrx_word' id='word_1_82' title='bbox 279 1445 450 1516; x_wconf 88' lang='lat' dir='ltr'><strong>bulantes.</strong></span> <span class='ocrx_word' id='word_1_83' title='bbox 502 1434 531 1480; x_wconf 69' lang='lat'><strong>²⁵</strong></span> <span class='ocrx_word' id='word_1_84' title='bbox 547 1442 681 1517; x_wconf 86' lang='lat' dir='ltr'><strong>Deinde</strong></span> <span class='ocrx_word' id='word_1_85' title='bbox 707 1444 829 1516; x_wconf 90' lang='lat' dir='ltr'><strong>iterum</strong></span> <span class='ocrx_word' id='word_1_86' title='bbox 856 1443 1006 1539; x_wconf 88' lang='lat' dir='ltr'><strong>inposuit</strong></span> <span class='ocrx_word' id='word_1_87' title='bbox 1031 1465 1154 1516; x_wconf 87' lang='lat' dir='ltr'><strong>manus</strong></span> <span class='ocrx_word' id='word_1_88' title='bbox 1179 1465 1286 1538; x_wconf 90' lang='lat' dir='ltr'><strong>super</strong></span> <span class='ocrx_word' id='word_1_89' title='bbox 1321 1442 1444 1514; x_wconf 88' lang='lat' dir='ltr'><strong>oeulos</strong></span> <span class='ocrx_word' id='word_1_90' title='bbox 1470 1441 1561 1528; x_wconf 82' lang='lat' dir='ltr'><strong>eiua,</strong></span> <span class='ocrx_word' id='word_1_91' title='bbox 1596 1455 1631 1516; x_wconf 89' lang='lat' dir='ltr'><strong>et</strong></span> <span class='ocrx_word' id='word_1_92' title='bbox 1657 1445 1773 1540; x_wconf 85' lang='lat' dir='ltr'><strong>eoepit</strong></span> 
     </span>
     <span class='ocr_line' id='line_1_10' title="bbox 277 1553 1772 1649; baseline 0 -12"><span class='ocrx_word' id='word_1_93' title='bbox 277 1564 410 1649; x_wconf 88' lang='lat' dir='ltr'><strong>videre,</strong></span> <span class='ocrx_word' id='word_1_94' title='bbox 441 1573 477 1636; x_wconf 91' lang='lat' dir='ltr'><strong>et</strong></span> <span class='ocrx_word' id='word_1_95' title='bbox 502 1563 679 1636; x_wconf 89' lang='lat' dir='ltr'><strong>restitutus</strong></span> <span class='ocrx_word' id='word_1_96' title='bbox 705 1573 760 1636; x_wconf 87' lang='lat' dir='ltr'><strong>est</strong></span> <span class='ocrx_word' id='word_1_97' title='bbox 784 1565 829 1636; x_wconf 89' lang='lat' dir='ltr'><strong>ita</strong></span> <span class='ocrx_word' id='word_1_98' title='bbox 856 1575 894 1636; x_wconf 91' lang='lat' dir='ltr'><strong>nt</strong></span> <span class='ocrx_word' id='word_1_99' title='bbox 918 1563 1056 1637; x_wconf 88' lang='lat' dir='ltr'><strong>videret</strong></span> <span class='ocrx_word' id='word_1_100' title='bbox 1081 1565 1174 1636; x_wconf 84' lang='lat' dir='ltr'><strong>elare</strong></span> <span class='ocrx_word' id='word_1_101' title='bbox 1201 1561 1329 1636; x_wconf 89' lang='lat' dir='ltr'><strong>omnia.</strong></span> <span class='ocrx_word' id='word_1_102' title='bbox 1383 1553 1410 1600; x_wconf 71' lang='lat'><strong>¹⁸</strong></span> <span class='ocrx_word' id='word_1_103' title='bbox 1426 1562 1469 1634; x_wconf 88' lang='lat' dir='ltr'><strong>Et</strong></span> <span class='ocrx_word' id='word_1_104' title='bbox 1499 1565 1590 1636; x_wconf 87' lang='lat' dir='ltr'><strong>misit</strong></span> <span class='ocrx_word' id='word_1_105' title='bbox 1619 1565 1711 1636; x_wconf 91' lang='lat' dir='ltr'><strong>illum</strong></span> <span class='ocrx_word' id='word_1_106' title='bbox 1737 1565 1772 1638; x_wconf 92' lang='lat' dir='ltr'><strong>in</strong></span> 
     </span>
     <span class='ocr_line' id='line_1_11' title="bbox 277 1681 1770 1775; baseline 0.001 -17"><span class='ocrx_word' id='word_1_107' title='bbox 277 1687 424 1759; x_wconf 88' lang='lat' dir='ltr'><strong>domum</strong></span> <span class='ocrx_word' id='word_1_108' title='bbox 461 1707 561 1756; x_wconf 87' lang='lat' dir='ltr'><strong>suam</strong></span> <span class='ocrx_word' id='word_1_109' title='bbox 596 1685 717 1757; x_wconf 88' lang='lat' dir='ltr'><strong>dieens</strong></span> <span class='ocrx_word' id='word_1_110' title='bbox 750 1685 843 1758; x_wconf 84' lang='lat' dir='ltr'><strong>Vade</strong></span> <span class='ocrx_word' id='word_1_111' title='bbox 875 1685 909 1756; x_wconf 91' lang='lat' dir='ltr'><strong>in</strong></span> <span class='ocrx_word' id='word_1_112' title='bbox 944 1685 1087 1756; x_wconf 91' lang='lat' dir='ltr'><strong>domum</strong></span> <span class='ocrx_word' id='word_1_113' title='bbox 1118 1694 1227 1770; x_wconf 89' lang='lat' dir='ltr'><strong>tuam,</strong></span> <span class='ocrx_word' id='word_1_114' title='bbox 1262 1692 1299 1754; x_wconf 94' lang='lat' dir='ltr'><strong>et</strong></span> <span class='ocrx_word' id='word_1_115' title='bbox 1332 1681 1361 1752; x_wconf 88' lang='lat' dir='ltr'><strong>si</strong></span> <span class='ocrx_word' id='word_1_116' title='bbox 1393 1681 1428 1752; x_wconf 93' lang='lat' dir='ltr'><strong>in</strong></span> <span class='ocrx_word' id='word_1_117' title='bbox 1452 1683 1565 1756; x_wconf 88' lang='lat' dir='ltr'><strong>vieurn</strong></span> <span class='ocrx_word' id='word_1_118' title='bbox 1591 1685 1770 1775; x_wconf 85' lang='lat' dir='ltr'><strong>introieris,</strong></span> 
     </span>
     <span class='ocr_line' id='line_1_12' title="bbox 206 1795 1771 1902; baseline 0.002 -23"><span class='ocrx_word' id='word_1_119' title='bbox 206 1882 213 1902; x_wconf 41' lang='lat' dir='ltr'><strong><em>s</em></strong></span> <span class='ocrx_word' id='word_1_120' title='bbox 277 1805 406 1880; x_wconf 91' lang='lat' dir='ltr'><strong>nemini</strong></span> <span class='ocrx_word' id='word_1_121' title='bbox 438 1805 580 1877; x_wconf 80' lang='lat' dir='ltr'><strong>dixeris.</strong></span> <span class='ocrx_word' id='word_1_122' title='bbox 623 1796 650 1842; x_wconf 55' lang='grc' dir='ltr'><strong>’Ἰ</strong></span> <span class='ocrx_word' id='word_1_123' title='bbox 669 1795 743 1856; x_wconf 65' lang='lat'><strong>‘⁸²⁴⁴</strong></span> <span class='ocrx_word' id='word_1_124' title='bbox 760 1807 803 1877; x_wconf 87' lang='lat' dir='ltr'><strong>Et</strong></span> <span class='ocrx_word' id='word_1_125' title='bbox 829 1825 992 1898; x_wconf 87' lang='lat' dir='ltr'><strong>egressus</strong></span> <span class='ocrx_word' id='word_1_126' title='bbox 1018 1815 1073 1876; x_wconf 86' lang='lat' dir='ltr'><strong>est</strong></span> <span class='ocrx_word' id='word_1_127' title='bbox 1097 1806 1193 1877; x_wconf 88' lang='lat' dir='ltr'><strong>lesus</strong></span> <span class='ocrx_word' id='word_1_128' title='bbox 1219 1814 1255 1876; x_wconf 89' lang='lat' dir='ltr'><strong>et</strong></span> <span class='ocrx_word' id='word_1_129' title='bbox 1281 1802 1443 1894; x_wconf 81' lang='lat' dir='ltr'><strong>discipuli</strong></span> <span class='ocrx_word' id='word_1_130' title='bbox 1468 1805 1542 1877; x_wconf 93' lang='lat' dir='ltr'><strong>eius</strong></span> <span class='ocrx_word' id='word_1_131' title='bbox 1567 1805 1600 1878; x_wconf 91' lang='lat' dir='ltr'><strong>in</strong></span> <span class='ocrx_word' id='word_1_132' title='bbox 1627 1805 1771 1882; x_wconf 76' lang='lat' dir='ltr'><strong>castello</strong></span> 
     </span>
     <span class='ocr_line' id='line_1_13' title="bbox 280 1922 1771 2018; baseline -0.001 -14"><span class='ocrx_word' id='word_1_133' title='bbox 280 1931 479 2004; x_wconf 79' lang='lat' dir='ltr'><strong>Caesareae</strong></span> <span class='ocrx_word' id='word_1_134' title='bbox 512 1925 674 2018; x_wconf 87' lang='lat' dir='ltr'><strong>Philippi:</strong></span> <span class='ocrx_word' id='word_1_135' title='bbox 717 1936 753 1997; x_wconf 89' lang='lat' dir='ltr'><strong>et</strong></span> <span class='ocrx_word' id='word_1_136' title='bbox 786 1927 820 1996; x_wconf 94' lang='lat' dir='ltr'><strong>in</strong></span> <span class='ocrx_word' id='word_1_137' title='bbox 851 1925 908 1998; x_wconf 90' lang='lat' dir='ltr'><strong>via</strong></span> <span class='ocrx_word' id='word_1_138' title='bbox 942 1925 1181 2018; x_wconf 87' lang='lat' dir='ltr'><strong>interrogabat</strong></span> <span class='ocrx_word' id='word_1_139' title='bbox 1219 1922 1412 2016; x_wconf 81' lang='lat' dir='ltr'><strong>discipulos</strong></span> <span class='ocrx_word' id='word_1_140' title='bbox 1451 1947 1534 1998; x_wconf 87' lang='lat' dir='ltr'><strong>snos</strong></span> <span class='ocrx_word' id='word_1_141' title='bbox 1566 1927 1687 2000; x_wconf 89' lang='lat' dir='ltr'><strong>dieens</strong></span> <span class='ocrx_word' id='word_1_142' title='bbox 1720 1931 1771 2004; x_wconf 86' lang='lat' dir='ltr'><strong>eis</strong></span> 
     </span>
     <span class='ocr_line' id='line_1_14' title="bbox 281 2037 1770 2138; baseline 0 -15"><span class='ocrx_word' id='word_1_143' title='bbox 281 2054 395 2138; x_wconf 89' lang='lat' dir='ltr'><strong>Quem</strong></span> <span class='ocrx_word' id='word_1_144' title='bbox 423 2068 481 2118; x_wconf 86' lang='lat' dir='ltr'><strong>me</strong></span> <span class='ocrx_word' id='word_1_145' title='bbox 516 2045 634 2117; x_wconf 89' lang='lat' dir='ltr'><strong>dieunt</strong></span> <span class='ocrx_word' id='word_1_146' title='bbox 667 2065 747 2117; x_wconf 87' lang='lat' dir='ltr'><strong>esse</strong></span> <span class='ocrx_word' id='word_1_147' title='bbox 781 2045 962 2117; x_wconf 81' lang='lat' dir='ltr'><strong>homines?</strong></span> <span class='ocrx_word' id='word_1_148' title='bbox 1015 2037 1043 2083; x_wconf 78' lang='lat'><strong>²⁸</strong></span> <span class='ocrx_word' id='word_1_149' title='bbox 1059 2045 1125 2129; x_wconf 85' lang='lat' dir='ltr'><strong>Qui</strong></span> <span class='ocrx_word' id='word_1_150' title='bbox 1157 2043 1417 2138; x_wconf 89' lang='lat' dir='ltr'><strong>responderunt</strong></span> <span class='ocrx_word' id='word_1_151' title='bbox 1450 2047 1495 2118; x_wconf 89' lang='lat' dir='ltr'><strong>illi</strong></span> <span class='ocrx_word' id='word_1_152' title='bbox 1528 2049 1683 2122; x_wconf 84' lang='lat' dir='ltr'><strong>dieentes</strong></span> <span class='ocrx_word' id='word_1_153' title='bbox 1714 2053 1770 2123; x_wconf 91' lang='lat' dir='ltr'><strong>lo-</strong></span> 
     </span>
     <span class='ocr_line' id='line_1_15' title="bbox 282 2145 1771 2262; baseline 0.001 -19"><span class='ocrx_word' id='word_1_154' title='bbox 282 2175 421 2244; x_wconf 88' lang='lat' dir='ltr'><strong>hannen</strong></span> <span class='ocrx_word' id='word_1_155' title='bbox 437 2167 633 2260; x_wconf 86' lang='lat' dir='ltr'><strong>baptistam,</strong></span> <span class='ocrx_word' id='word_1_156' title='bbox 661 2165 715 2236; x_wconf 87' lang='lat' dir='ltr'><strong>alii</strong></span> <span class='ocrx_word' id='word_1_157' title='bbox 732 2165 874 2251; x_wconf 83' lang='lat' dir='ltr'><strong>Ueliam,</strong></span> <span class='ocrx_word' id='word_1_158' title='bbox 900 2164 957 2236; x_wconf 90' lang='lat' dir='ltr'><strong>alii</strong></span> <span class='ocrx_word' id='word_1_159' title='bbox 982 2185 1067 2236; x_wconf 93' lang='lat' dir='ltr'><strong>vero</strong></span> <span class='ocrx_word' id='word_1_160' title='bbox 1087 2165 1186 2257; x_wconf 87' lang='lat' dir='ltr'><strong>qnasi</strong></span> <span class='ocrx_word' id='word_1_161' title='bbox 1211 2145 1330 2237; x_wconf 46' lang='lat' dir='ltr'><strong>unum*</strong></span> <span class='ocrx_word' id='word_1_162' title='bbox 1348 2163 1395 2237; x_wconf 91' lang='lat' dir='ltr'><strong>de</strong></span> <span class='ocrx_word' id='word_1_163' title='bbox 1413 2167 1600 2262; x_wconf 89' lang='lat' dir='ltr'><strong>prophetis.</strong></span> <span class='ocrx_word' id='word_1_164' title='bbox 1632 2161 1661 2210; x_wconf 57' lang='lat'><strong>³</strong></span> <span class='ocrx_word' id='word_1_165' title='bbox 1677 2172 1771 2246; x_wconf 84' lang='lat' dir='ltr'><strong>Tune</strong></span> 
     </span>
     <span class='ocr_line' id='line_1_16' title="bbox 283 2282 1770 2380; baseline 0.001 -15"><span class='ocrx_word' id='word_1_166' title='bbox 283 2290 366 2365; x_wconf 88' lang='lat' dir='ltr'><strong>dieit</strong></span> <span class='ocrx_word' id='word_1_167' title='bbox 390 2289 454 2359; x_wconf 91' lang='lat' dir='ltr'><strong>illis</strong></span> <span class='ocrx_word' id='word_1_168' title='bbox 479 2289 552 2360; x_wconf 87' lang='lat' dir='ltr'><strong>Vos</strong></span> <span class='ocrx_word' id='word_1_169' title='bbox 577 2306 664 2358; x_wconf 89' lang='lat' dir='ltr'><strong>vero</strong></span> <span class='ocrx_word' id='word_1_170' title='bbox 690 2307 794 2378; x_wconf 88' lang='lat' dir='ltr'><strong>quem</strong></span> <span class='ocrx_word' id='word_1_171' title='bbox 819 2307 877 2358; x_wconf 89' lang='lat' dir='ltr'><strong>me</strong></span> <span class='ocrx_word' id='word_1_172' title='bbox 903 2285 1015 2358; x_wconf 83' lang='lat' dir='ltr'><strong>diuitis</strong></span> <span class='ocrx_word' id='word_1_173' title='bbox 1041 2287 1149 2358; x_wconf 79' lang='lat' dir='ltr'><strong>ease?</strong></span> <span class='ocrx_word' id='word_1_174' title='bbox 1181 2282 1416 2380; x_wconf 85' lang='lat' dir='ltr'><strong>Respondens</strong></span> <span class='ocrx_word' id='word_1_175' title='bbox 1440 2287 1561 2362; x_wconf 87' lang='lat' dir='ltr'><strong>Petrus</strong></span> <span class='ocrx_word' id='word_1_176' title='bbox 1587 2291 1635 2364; x_wconf 89' lang='lat' dir='ltr'><strong>ait</strong></span> <span class='ocrx_word' id='word_1_177' title='bbox 1661 2292 1692 2363; x_wconf 90' lang='lat' dir='ltr'><strong>ei</strong></span> <span class='ocrx_word' id='word_1_178' title='bbox 1720 2295 1770 2366; x_wconf 83' lang='lat' dir='ltr'><strong>Tu</strong></span> 
     </span>
     <span class='ocr_line' id='line_1_17' title="bbox 284 2395 1770 2487; baseline 0.002 -3"><span class='ocrx_word' id='word_1_179' title='bbox 284 2435 325 2485; x_wconf 85' lang='lat' dir='ltr'><strong>es</strong></span> <span class='ocrx_word' id='word_1_180' title='bbox 350 2411 512 2482; x_wconf 86' lang='lat' dir='ltr'><strong>Christus.</strong></span> <span class='ocrx_word' id='word_1_181' title='bbox 566 2396 593 2446; x_wconf 80' lang='lat'><strong>³⁰</strong></span> <span class='ocrx_word' id='word_1_182' title='bbox 606 2395 680 2458; x_wconf 56' lang='grc' dir='ltr'><strong>(Μ)</strong></span> <span class='ocrx_word' id='word_1_183' title='bbox 693 2407 736 2478; x_wconf 85' lang='lat' dir='ltr'><strong>Et</strong></span> <span class='ocrx_word' id='word_1_184' title='bbox 761 2407 989 2478; x_wconf 82' lang='lat' dir='ltr'><strong>comminatus</strong></span> <span class='ocrx_word' id='word_1_185' title='bbox 1015 2415 1069 2476; x_wconf 89' lang='lat' dir='ltr'><strong>est</strong></span> <span class='ocrx_word' id='word_1_186' title='bbox 1093 2405 1146 2478; x_wconf 90' lang='lat' dir='ltr'><strong>eis</strong></span> <span class='ocrx_word' id='word_1_187' title='bbox 1170 2427 1216 2476; x_wconf 89' lang='lat' dir='ltr'><strong>ne</strong></span> <span class='ocrx_word' id='word_1_188' title='bbox 1242 2406 1298 2477; x_wconf 89' lang='lat' dir='ltr'><strong>eui</strong></span> <span class='ocrx_word' id='word_1_189' title='bbox 1324 2403 1481 2481; x_wconf 87' lang='lat' dir='ltr'><strong>dioerent</strong></span> <span class='ocrx_word' id='word_1_190' title='bbox 1506 2409 1553 2482; x_wconf 94' lang='lat' dir='ltr'><strong>de</strong></span> <span class='ocrx_word' id='word_1_191' title='bbox 1577 2411 1644 2483; x_wconf 93' lang='lat' dir='ltr'><strong>illo.</strong></span> <span class='ocrx_word' id='word_1_192' title='bbox 1687 2405 1712 2452; x_wconf 76' lang='lat'><strong>³¹</strong></span> <span class='ocrx_word' id='word_1_193' title='bbox 1726 2413 1770 2487; x_wconf 83' lang='lat' dir='ltr'><strong>Et</strong></span> 
     </span>
    </p>
   </div>
   <div class='ocr_carea' id='block_1_5' title="bbox 285 2523 1897 2628">
    <p class='ocr_par' dir='ltr' id='par_1_5' title="bbox 285 2523 1897 2628">
     <span class='ocr_line' id='line_1_18' title="bbox 285 2523 1897 2628; baseline -0.002 -22"><span class='ocrx_word' id='word_1_194' title='bbox 285 2532 401 2627; x_wconf 87' lang='lat' dir='ltr'><strong>eoepit</strong></span> <span class='ocrx_word' id='word_1_195' title='bbox 425 2531 558 2604; x_wconf 85' lang='lat' dir='ltr'><strong>dooere</strong></span> <span class='ocrx_word' id='word_1_196' title='bbox 584 2527 660 2598; x_wconf 88' lang='lat' dir='ltr'><strong>illos</strong></span> <span class='ocrx_word' id='word_1_197' title='bbox 686 2527 846 2620; x_wconf 90' lang='lat' dir='ltr'><strong>quoniam</strong></span> <span class='ocrx_word' id='word_1_198' title='bbox 873 2534 1013 2620; x_wconf 85' lang='lat' dir='ltr'><strong>oportet</strong></span> <span class='ocrx_word' id='word_1_199' title='bbox 1037 2525 1141 2596; x_wconf 87' lang='lat' dir='ltr'><strong>fllium</strong></span> <span class='ocrx_word' id='word_1_200' title='bbox 1168 2523 1318 2598; x_wconf 91' lang='lat' dir='ltr'><strong>hominis</strong></span> <span class='ocrx_word' id='word_1_201' title='bbox 1345 2527 1452 2600; x_wconf 88' lang='lat' dir='ltr'><strong>multa</strong></span> <span class='ocrx_word' id='word_1_202' title='bbox 1477 2531 1549 2624; x_wconf 91' lang='lat' dir='ltr'><strong>pati</strong></span> <span class='ocrx_word' id='word_1_203' title='bbox 1581 2540 1618 2603; x_wconf 92' lang='lat' dir='ltr'><strong>et</strong></span> <span class='ocrx_word' id='word_1_204' title='bbox 1642 2553 1767 2628; x_wconf 92' lang='lat' dir='ltr'><strong>repro·</strong></span> <span class='ocrx_word' id='word_1_205' title='bbox 1895 2567 1897 2574; x_wconf 39' lang='lat' dir='ltr'>v</span> 
     </span>
    </p>
   </div>
   <div class='ocr_carea' id='block_1_6' title="bbox 280 2643 1845 4550">
    <p class='ocr_par' dir='ltr' id='par_1_6' title="bbox 280 2643 1845 4550">
     <span class='ocr_line' id='line_1_19' title="bbox 284 2643 1768 2749; baseline 0.003 -26"><span class='ocrx_word' id='word_1_206' title='bbox 284 2653 359 2724; x_wconf 90' lang='lat' dir='ltr'><strong>bari</strong></span> <span class='ocrx_word' id='word_1_207' title='bbox 383 2674 405 2723; x_wconf 90' lang='lat' dir='ltr'><strong>a</strong></span> <span class='ocrx_word' id='word_1_208' title='bbox 431 2648 626 2722; x_wconf 87' lang='lat' dir='ltr'><strong>senioribus</strong></span> <span class='ocrx_word' id='word_1_209' title='bbox 653 2657 688 2718; x_wconf 90' lang='lat' dir='ltr'><strong>et</strong></span> <span class='ocrx_word' id='word_1_210' title='bbox 714 2669 734 2718; x_wconf 89' lang='lat' dir='ltr'><strong>a</strong></span> <span class='ocrx_word' id='word_1_211' title='bbox 761 2648 903 2720; x_wconf 90' lang='lat' dir='ltr'><strong>summis</strong></span> <span class='ocrx_word' id='word_1_212' title='bbox 929 2645 1168 2720; x_wconf 82' lang='lat' dir='ltr'><strong>sacerdotibus</strong></span> <span class='ocrx_word' id='word_1_213' title='bbox 1200 2653 1235 2714; x_wconf 88' lang='lat' dir='ltr'><strong>et</strong></span> <span class='ocrx_word' id='word_1_214' title='bbox 1269 2643 1395 2718; x_wconf 86' lang='lat' dir='ltr'><strong>scribis</strong></span> <span class='ocrx_word' id='word_1_215' title='bbox 1426 2657 1462 2719; x_wconf 92' lang='lat' dir='ltr'><strong>et</strong></span> <span class='ocrx_word' id='word_1_216' title='bbox 1488 2651 1600 2724; x_wconf 87' lang='lat' dir='ltr'><strong>oceidi</strong></span> <span class='ocrx_word' id='word_1_217' title='bbox 1626 2664 1768 2749; x_wconf 90' lang='lat' dir='ltr'><strong>etpost</strong></span> 
     </span>
     <span class='ocr_line' id='line_1_20' title="bbox 286 2758 1766 2867; baseline -0.011 -23"><span class='ocrx_word' id='word_1_218' title='bbox 286 2783 355 2844; x_wconf 87' lang='lat' dir='ltr'><strong>tres</strong></span> <span class='ocrx_word' id='word_1_219' title='bbox 381 2772 458 2844; x_wconf 88' lang='lat' dir='ltr'><strong>dies</strong></span> <span class='ocrx_word' id='word_1_220' title='bbox 484 2787 679 2860; x_wconf 81' lang='lat' dir='ltr'><strong>resurgere,</strong></span> <span class='ocrx_word' id='word_1_221' title='bbox 723 2758 749 2804; x_wconf 71' lang='lat'><strong>³²</strong></span> <span class='ocrx_word' id='word_1_222' title='bbox 762 2778 798 2840; x_wconf 91' lang='lat' dir='ltr'><strong>et</strong></span> <span class='ocrx_word' id='word_1_223' title='bbox 823 2769 938 2863; x_wconf 88' lang='lat' dir='ltr'><strong>palam</strong></span> <span class='ocrx_word' id='word_1_224' title='bbox 963 2767 1109 2838; x_wconf 91' lang='lat' dir='ltr'><strong>verbum</strong></span> <span class='ocrx_word' id='word_1_225' title='bbox 1134 2763 1350 2857; x_wconf 84' lang='lat' dir='ltr'><strong>loquebatur.</strong></span> <span class='ocrx_word' id='word_1_226' title='bbox 1410 2759 1542 2841; x_wconf 64' lang='lat' dir='ltr'><strong>tetnrffl</strong></span> <span class='ocrx_word' id='word_1_227' title='bbox 1567 2773 1766 2867; x_wconf 70' lang='lat' dir='ltr'><strong>adprehen.</strong></span> 
     </span>
     <span class='ocr_line' id='line_1_21' title="bbox 285 2871 1765 2983; baseline 0.001 -17"><span class='ocrx_word' id='word_1_228' title='bbox 285 2893 371 2966; x_wconf 86' lang='lat' dir='ltr'><strong>dens</strong></span> <span class='ocrx_word' id='word_1_229' title='bbox 387 2871 479 2964; x_wconf 50' lang='lat' dir='ltr'><strong>&#39;enm</strong></span> <span class='ocrx_word' id='word_1_230' title='bbox 504 2890 627 2961; x_wconf 90' lang='lat' dir='ltr'><strong>Petrus</strong></span> <span class='ocrx_word' id='word_1_231' title='bbox 654 2887 770 2980; x_wconf 88' lang='lat' dir='ltr'><strong>eoepit</strong></span> <span class='ocrx_word' id='word_1_232' title='bbox 794 2888 973 2983; x_wconf 87' lang='lat' dir='ltr'><strong>inerepare</strong></span> <span class='ocrx_word' id='word_1_233' title='bbox 998 2907 1089 2958; x_wconf 90' lang='lat' dir='ltr'><strong>eum.</strong></span> <span class='ocrx_word' id='word_1_234' title='bbox 1139 2877 1166 2922; x_wconf 82' lang='lat'><strong>³³</strong></span> <span class='ocrx_word' id='word_1_235' title='bbox 1185 2884 1250 2969; x_wconf 87' lang='lat' dir='ltr'><strong>Qui</strong></span> <span class='ocrx_word' id='word_1_236' title='bbox 1277 2905 1468 2962; x_wconf 83' lang='lat' dir='ltr'><strong>conversus</strong></span> <span class='ocrx_word' id='word_1_237' title='bbox 1500 2901 1537 2963; x_wconf 89' lang='lat' dir='ltr'><strong>et</strong></span> <span class='ocrx_word' id='word_1_238' title='bbox 1561 2893 1684 2966; x_wconf 88' lang='lat' dir='ltr'><strong>videns</strong></span> <span class='ocrx_word' id='word_1_239' title='bbox 1710 2895 1765 2968; x_wconf 90' lang='lat' dir='ltr'><strong>di-</strong></span> 
     </span>
     <span class='ocr_line' id='line_1_22' title="bbox 286 3004 1845 3110; baseline 0.003 -25"><span class='ocrx_word' id='word_1_240' title='bbox 286 3013 438 3107; x_wconf 87' lang='lat' dir='ltr'><strong>seipulos</strong></span> <span class='ocrx_word' id='word_1_241' title='bbox 465 3032 548 3082; x_wconf 88' lang='lat' dir='ltr'><strong>suos</strong></span> <span class='ocrx_word' id='word_1_242' title='bbox 575 3007 803 3083; x_wconf 83' lang='lat' dir='ltr'><strong>comminatus</strong></span> <span class='ocrx_word' id='word_1_243' title='bbox 828 3018 883 3082; x_wconf 89' lang='lat' dir='ltr'><strong>est</strong></span> <span class='ocrx_word' id='word_1_244' title='bbox 907 3012 1009 3080; x_wconf 89' lang='lat' dir='ltr'><strong>Petro</strong></span> <span class='ocrx_word' id='word_1_245' title='bbox 1036 3007 1155 3080; x_wconf 90' lang='lat' dir='ltr'><strong>dieens</strong></span> <span class='ocrx_word' id='word_1_246' title='bbox 1180 3004 1278 3078; x_wconf 88' lang='lat' dir='ltr'><strong>Vade</strong></span> <span class='ocrx_word' id='word_1_247' title='bbox 1303 3019 1398 3081; x_wconf 87' lang='lat' dir='ltr'><strong>retro</strong></span> <span class='ocrx_word' id='word_1_248' title='bbox 1425 3032 1491 3096; x_wconf 90' lang='lat' dir='ltr'><strong>me,</strong></span> <span class='ocrx_word' id='word_1_249' title='bbox 1519 3021 1647 3100; x_wconf 88' lang='lat' dir='ltr'><strong>satana,</strong></span> <span class='ocrx_word' id='word_1_250' title='bbox 1675 3007 1764 3110; x_wconf 89' lang='lat' dir='ltr'><strong>quo-</strong></span> <span class='ocrx_word' id='word_1_251' title='bbox 1841 3057 1845 3064; x_wconf 94' lang='lat'><em>·</em></span> 
     </span>
     <span class='ocr_line' id='line_1_23' title="bbox 284 3119 1764 3224; baseline 0.001 -20"><span class='ocrx_word' id='word_1_252' title='bbox 284 3134 375 3206; x_wconf 90' lang='lat' dir='ltr'><strong>niam</strong></span> <span class='ocrx_word' id='word_1_253' title='bbox 400 3153 472 3204; x_wconf 92' lang='lat' dir='ltr'><strong>non</strong></span> <span class='ocrx_word' id='word_1_254' title='bbox 498 3129 592 3224; x_wconf 88' lang='lat' dir='ltr'><strong>sapis</strong></span> <span class='ocrx_word' id='word_1_255' title='bbox 619 3149 709 3221; x_wconf 93' lang='lat' dir='ltr'><strong>quae</strong></span> <span class='ocrx_word' id='word_1_256' title='bbox 735 3129 794 3200; x_wconf 88' lang='lat' dir='ltr'><strong>dei</strong></span> <span class='ocrx_word' id='word_1_257' title='bbox 819 3128 985 3202; x_wconf 89' lang='lat' dir='ltr'><strong>suntsed</strong></span> <span class='ocrx_word' id='word_1_258' title='bbox 1012 3133 1208 3220; x_wconf 90' lang='lat' dir='ltr'><strong>quaesunt</strong></span> <span class='ocrx_word' id='word_1_259' title='bbox 1237 3125 1425 3202; x_wconf 90' lang='lat' dir='ltr'><strong>hominum.</strong></span> <span class='ocrx_word' id='word_1_260' title='bbox 1477 3119 1593 3182; x_wconf 55' lang='lat' dir='ltr'><strong>“ml</strong></span> <span class='ocrx_word' id='word_1_261' title='bbox 1610 3135 1653 3207; x_wconf 81' lang='lat' dir='ltr'><strong>Et</strong></span> <span class='ocrx_word' id='word_1_262' title='bbox 1679 3157 1764 3208; x_wconf 88' lang='lat' dir='ltr'><strong>eon-</strong></span> 
     </span>
     <span class='ocr_line' id='line_1_24' title="bbox 284 3246 1763 3349; baseline 0.002 -24"><span class='ocrx_word' id='word_1_263' title='bbox 284 3261 410 3326; x_wconf 87' lang='lat' dir='ltr'><strong>voeata</strong></span> <span class='ocrx_word' id='word_1_264' title='bbox 444 3252 546 3324; x_wconf 90' lang='lat' dir='ltr'><strong>turba</strong></span> <span class='ocrx_word' id='word_1_265' title='bbox 580 3271 659 3321; x_wconf 89' lang='lat' dir='ltr'><strong>eum</strong></span> <span class='ocrx_word' id='word_1_266' title='bbox 694 3247 869 3344; x_wconf 86' lang='lat' dir='ltr'><strong>discipulis</strong></span> <span class='ocrx_word' id='word_1_267' title='bbox 901 3249 971 3322; x_wconf 86' lang='lat' dir='ltr'><strong>suis</strong></span> <span class='ocrx_word' id='word_1_268' title='bbox 1003 3247 1091 3320; x_wconf 86' lang='lat' dir='ltr'><strong>dixit</strong></span> <span class='ocrx_word' id='word_1_269' title='bbox 1122 3247 1173 3318; x_wconf 92' lang='lat' dir='ltr'><strong>eis</strong></span> <span class='ocrx_word' id='word_1_270' title='bbox 1199 3246 1235 3318; x_wconf 91' lang='lat' dir='ltr'><strong>Si</strong></span> <span class='ocrx_word' id='word_1_271' title='bbox 1268 3249 1344 3340; x_wconf 91' lang='lat' dir='ltr'><strong>quis</strong></span> <span class='ocrx_word' id='word_1_272' title='bbox 1370 3250 1441 3322; x_wconf 85' lang='lat' dir='ltr'><strong>vult</strong></span> <span class='ocrx_word' id='word_1_273' title='bbox 1465 3260 1547 3344; x_wconf 91' lang='lat' dir='ltr'><strong>post</strong></span> <span class='ocrx_word' id='word_1_274' title='bbox 1572 3275 1630 3326; x_wconf 89' lang='lat' dir='ltr'><strong>me</strong></span> <span class='ocrx_word' id='word_1_275' title='bbox 1655 3255 1763 3349; x_wconf 86' lang='lat' dir='ltr'><strong>sequi,</strong></span> 
     </span>
     <span class='ocr_line' id='line_1_25' title="bbox 286 3351 1763 3466; baseline 0 -22"><span class='ocrx_word' id='word_1_276' title='bbox 286 3373 437 3466; x_wconf 88' lang='lat' dir='ltr'><strong>deneget</strong></span> <span class='ocrx_word' id='word_1_277' title='bbox 462 3393 503 3444; x_wconf 89' lang='lat' dir='ltr'><strong>se</strong></span> <span class='ocrx_word' id='word_1_278' title='bbox 528 3372 641 3465; x_wconf 89' lang='lat' dir='ltr'><strong>ipsum</strong></span> <span class='ocrx_word' id='word_1_279' title='bbox 668 3379 704 3440; x_wconf 91' lang='lat' dir='ltr'><strong>et</strong></span> <span class='ocrx_word' id='word_1_280' title='bbox 734 3371 830 3443; x_wconf 89' lang='lat' dir='ltr'><strong>tollat</strong></span> <span class='ocrx_word' id='word_1_281' title='bbox 856 3391 993 3442; x_wconf 88' lang='lat' dir='ltr'><strong>eruoem</strong></span> <span class='ocrx_word' id='word_1_282' title='bbox 1019 3389 1133 3455; x_wconf 86' lang='lat' dir='ltr'><strong>suam,</strong></span> <span class='ocrx_word' id='word_1_283' title='bbox 1160 3375 1196 3438; x_wconf 91' lang='lat' dir='ltr'><strong>et</strong></span> <span class='ocrx_word' id='word_1_284' title='bbox 1221 3351 1384 3460; x_wconf 84' lang='lat' dir='ltr'><strong>sequatur</strong></span> <span class='ocrx_word' id='word_1_285' title='bbox 1415 3391 1484 3440; x_wconf 86' lang='lat' dir='ltr'><strong>me.</strong></span> <span class='ocrx_word' id='word_1_286' title='bbox 1536 3363 1563 3410; x_wconf 78' lang='lat'><strong>³⁵</strong></span> <span class='ocrx_word' id='word_1_287' title='bbox 1581 3375 1647 3459; x_wconf 87' lang='lat' dir='ltr'><strong>Qui</strong></span> <span class='ocrx_word' id='word_1_288' title='bbox 1672 3375 1763 3446; x_wconf 91' lang='lat' dir='ltr'><strong>enim</strong></span> 
     </span>
     <span class='ocr_line' id='line_1_26' title="bbox 285 3487 1764 3586; baseline 0 -22"><span class='ocrx_word' id='word_1_289' title='bbox 285 3495 432 3564; x_wconf 82' lang='lat' dir='ltr'><strong>voluerit</strong></span> <span class='ocrx_word' id='word_1_290' title='bbox 456 3493 605 3564; x_wconf 80' lang='lat' dir='ltr'><strong>ammam</strong></span> <span class='ocrx_word' id='word_1_291' title='bbox 632 3511 730 3560; x_wconf 90' lang='lat' dir='ltr'><strong>suam</strong></span> <span class='ocrx_word' id='word_1_292' title='bbox 757 3491 1040 3574; x_wconf 73' lang='lat' dir='ltr'><strong>salvamterram,</strong></span> <span class='ocrx_word' id='word_1_293' title='bbox 1068 3487 1193 3582; x_wconf 89' lang='lat' dir='ltr'><strong>perdet</strong></span> <span class='ocrx_word' id='word_1_294' title='bbox 1218 3505 1315 3560; x_wconf 89' lang='lat' dir='ltr'><strong>eam:</strong></span> <span class='ocrx_word' id='word_1_295' title='bbox 1351 3490 1409 3582; x_wconf 89' lang='lat' dir='ltr'><strong>qui</strong></span> <span class='ocrx_word' id='word_1_296' title='bbox 1434 3499 1549 3562; x_wconf 89' lang='lat' dir='ltr'><strong>autem</strong></span> <span class='ocrx_word' id='word_1_297' title='bbox 1574 3493 1764 3586; x_wconf 88' lang='lat' dir='ltr'><strong>perdiderit</strong></span> 
     </span>
     <span class='ocr_line' id='line_1_27' title="bbox 286 3603 1762 3704; baseline 0.002 -20"><span class='ocrx_word' id='word_1_298' title='bbox 286 3615 434 3686; x_wconf 90' lang='lat' dir='ltr'><strong>animam</strong></span> <span class='ocrx_word' id='word_1_299' title='bbox 467 3633 565 3684; x_wconf 86' lang='lat' dir='ltr'><strong>suam</strong></span> <span class='ocrx_word' id='word_1_300' title='bbox 602 3621 745 3704; x_wconf 90' lang='lat' dir='ltr'><strong>propter</strong></span> <span class='ocrx_word' id='word_1_301' title='bbox 777 3633 835 3682; x_wconf 91' lang='lat' dir='ltr'><strong>me</strong></span> <span class='ocrx_word' id='word_1_302' title='bbox 870 3619 905 3682; x_wconf 89' lang='lat' dir='ltr'><strong>et</strong></span> <span class='ocrx_word' id='word_1_303' title='bbox 936 3607 1167 3702; x_wconf 87' lang='lat' dir='ltr'><strong>evangelium,</strong></span> <span class='ocrx_word' id='word_1_304' title='bbox 1199 3608 1332 3682; x_wconf 87' lang='lat' dir='ltr'><strong>salvam</strong></span> <span class='ocrx_word' id='word_1_305' title='bbox 1359 3603 1438 3684; x_wconf 81' lang='lat' dir='ltr'><strong>euni</strong></span> <span class='ocrx_word' id='word_1_306' title='bbox 1463 3611 1575 3683; x_wconf 80' lang='lat' dir='ltr'><strong>faciet</strong></span> <span class='ocrx_word' id='word_1_307' title='bbox 1627 3604 1762 3699; x_wconf 67' lang='grc' dir='ltr'><strong>θῦ011111</strong></span> 
     </span>
     <span class='ocr_line' id='line_1_28' title="bbox 286 3729 1833 3832; baseline 0.002 -28"><span class='ocrx_word' id='word_1_308' title='bbox 286 3735 376 3804; x_wconf 90' lang='lat' dir='ltr'><strong>enim</strong></span> <span class='ocrx_word' id='word_1_309' title='bbox 402 3732 558 3827; x_wconf 92' lang='lat' dir='ltr'><strong>proderit</strong></span> <span class='ocrx_word' id='word_1_310' title='bbox 583 3730 721 3817; x_wconf 90' lang='lat' dir='ltr'><strong>homini,</strong></span> <span class='ocrx_word' id='word_1_311' title='bbox 748 3732 778 3802; x_wconf 87' lang='lat' dir='ltr'><strong>si</strong></span> <span class='ocrx_word' id='word_1_312' title='bbox 803 3733 952 3804; x_wconf 90' lang='lat' dir='ltr'><strong>lueretur</strong></span> <span class='ocrx_word' id='word_1_313' title='bbox 977 3729 1143 3802; x_wconf 91' lang='lat' dir='ltr'><strong>mundum</strong></span> <span class='ocrx_word' id='word_1_314' title='bbox 1175 3737 1284 3800; x_wconf 87' lang='lat' dir='ltr'><strong>totum</strong></span> <span class='ocrx_word' id='word_1_315' title='bbox 1320 3741 1356 3802; x_wconf 91' lang='lat' dir='ltr'><strong>et</strong></span> <span class='ocrx_word' id='word_1_316' title='bbox 1387 3731 1630 3804; x_wconf 83' lang='lat' dir='ltr'><strong>detrimentum</strong></span> <span class='ocrx_word' id='word_1_317' title='bbox 1660 3735 1762 3807; x_wconf 85' lang='lat' dir='ltr'><strong>laeiet</strong></span> <span class='ocrx_word' id='word_1_318' title='bbox 1830 3823 1833 3832; x_wconf 13' lang='lat' dir='ltr'>A</span> 
     </span>
     <span class='ocr_line' id='line_1_29' title="bbox 284 3845 1761 3946; baseline 0 -20"><span class='ocrx_word' id='word_1_319' title='bbox 284 3856 419 3927; x_wconf 89' lang='lat' dir='ltr'><strong>animae</strong></span> <span class='ocrx_word' id='word_1_320' title='bbox 446 3855 555 3924; x_wconf 79' lang='lat' dir='ltr'><strong>suae?</strong></span> <span class='ocrx_word' id='word_1_321' title='bbox 598 3845 625 3892; x_wconf 72' lang='lat'><strong>³⁷</strong></span> <span class='ocrx_word' id='word_1_322' title='bbox 641 3852 709 3923; x_wconf 84' lang='lat' dir='ltr'><strong>Aut</strong></span> <span class='ocrx_word' id='word_1_323' title='bbox 735 3850 818 3944; x_wconf 85' lang='lat' dir='ltr'><strong>quid</strong></span> <span class='ocrx_word' id='word_1_324' title='bbox 843 3850 940 3924; x_wconf 87' lang='lat' dir='ltr'><strong>dabit</strong></span> <span class='ocrx_word' id='word_1_325' title='bbox 963 3852 1070 3924; x_wconf 89' lang='lat' dir='ltr'><strong>homo</strong></span> <span class='ocrx_word' id='word_1_326' title='bbox 1103 3851 1408 3924; x_wconf 72' lang='lat' dir='ltr'><strong>commutationem</strong></span> <span class='ocrx_word' id='word_1_327' title='bbox 1439 3875 1504 3946; x_wconf 90' lang='lat' dir='ltr'><strong>pro</strong></span> <span class='ocrx_word' id='word_1_328' title='bbox 1531 3853 1645 3925; x_wconf 91' lang='lat' dir='ltr'><strong>anima</strong></span> <span class='ocrx_word' id='word_1_329' title='bbox 1670 3859 1761 3928; x_wconf 84' lang='lat' dir='ltr'><strong>eua‘l</strong></span> 
     </span>
     <span class='ocr_line' id='line_1_30' title="bbox 282 3966 1760 4066; baseline 0.003 -22"><span class='ocrx_word' id='word_1_330' title='bbox 282 3967 309 4014; x_wconf 76' lang='lat'><strong>⁸⁸</strong></span> <span class='ocrx_word' id='word_1_331' title='bbox 326 3966 401 4022; x_wconf 54' lang='lat' dir='ltr'><strong>&lt;ml</strong></span> <span class='ocrx_word' id='word_1_332' title='bbox 420 3974 486 4059; x_wconf 89' lang='lat' dir='ltr'><strong>Qui</strong></span> <span class='ocrx_word' id='word_1_333' title='bbox 511 3974 602 4045; x_wconf 88' lang='lat' dir='ltr'><strong>anim</strong></span> <span class='ocrx_word' id='word_1_334' title='bbox 629 3994 686 4046; x_wconf 89' lang='lat' dir='ltr'><strong>me</strong></span> <span class='ocrx_word' id='word_1_335' title='bbox 712 3973 873 4044; x_wconf 83' lang='lat' dir='ltr'><strong>eonllnua</strong></span> <span class='ocrx_word' id='word_1_336' title='bbox 898 3972 997 4044; x_wconf 81' lang='lat' dir='ltr'><strong>luerit</strong></span> <span class='ocrx_word' id='word_1_337' title='bbox 1022 3980 1057 4044; x_wconf 91' lang='lat' dir='ltr'><strong>et</strong></span> <span class='ocrx_word' id='word_1_338' title='bbox 1081 3993 1162 4044; x_wconf 90' lang='lat' dir='ltr'><strong>mea</strong></span> <span class='ocrx_word' id='word_1_339' title='bbox 1187 3971 1296 4044; x_wconf 90' lang='lat' dir='ltr'><strong>verba</strong></span> <span class='ocrx_word' id='word_1_340' title='bbox 1321 3973 1355 4043; x_wconf 92' lang='lat' dir='ltr'><strong>in</strong></span> <span class='ocrx_word' id='word_1_341' title='bbox 1372 3973 1594 4066; x_wconf 87' lang='lat' dir='ltr'><strong>generatione</strong></span> <span class='ocrx_word' id='word_1_342' title='bbox 1612 3975 1676 4046; x_wconf 89' lang='lat' dir='ltr'><strong>ista</strong></span> <span class='ocrx_word' id='word_1_343' title='bbox 1694 3977 1760 4050; x_wconf 89' lang='lat' dir='ltr'><strong>ad-</strong></span> 
     </span>
     <span class='ocr_line' id='line_1_31' title="bbox 282 4091 1760 4188; baseline 0.002 -23"><span class='ocrx_word' id='word_1_344' title='bbox 282 4097 392 4166; x_wconf 80' lang='lat' dir='ltr'><strong>rdtera</strong></span> <span class='ocrx_word' id='word_1_345' title='bbox 418 4103 453 4164; x_wconf 93' lang='lat' dir='ltr'><strong>et</strong></span> <span class='ocrx_word' id='word_1_346' title='bbox 485 4095 695 4188; x_wconf 86' lang='lat' dir='ltr'><strong>peccatrioe,</strong></span> <span class='ocrx_word' id='word_1_347' title='bbox 730 4092 878 4166; x_wconf 84' lang='lat' dir='ltr'><strong>attilius</strong></span> <span class='ocrx_word' id='word_1_348' title='bbox 908 4092 1054 4165; x_wconf 89' lang='lat' dir='ltr'><strong>hominis</strong></span> <span class='ocrx_word' id='word_1_349' title='bbox 1088 4091 1315 4166; x_wconf 81' lang='lat' dir='ltr'><strong>eonlrrndetur</strong></span> <span class='ocrx_word' id='word_1_350' title='bbox 1340 4115 1436 4179; x_wconf 91' lang='lat' dir='ltr'><strong>enm,</strong></span> <span class='ocrx_word' id='word_1_351' title='bbox 1464 4116 1543 4166; x_wconf 86' lang='lat' dir='ltr'><strong>eum</strong></span> <span class='ocrx_word' id='word_1_352' title='bbox 1568 4096 1702 4168; x_wconf 91' lang='lat' dir='ltr'><strong>venerit</strong></span> <span class='ocrx_word' id='word_1_353' title='bbox 1726 4097 1760 4168; x_wconf 94' lang='lat' dir='ltr'><strong>in</strong></span> 
     </span>
     <span class='ocr_line' id='line_1_32' title="bbox 283 4206 1759 4309; baseline 0.001 -24"><span class='ocrx_word' id='word_1_354' title='bbox 283 4215 391 4307; x_wconf 86' lang='lat' dir='ltr'><strong>gloria</strong></span> <span class='ocrx_word' id='word_1_355' title='bbox 417 4215 525 4308; x_wconf 86' lang='lat' dir='ltr'><strong>petris</strong></span> <span class='ocrx_word' id='word_1_356' title='bbox 551 4215 604 4285; x_wconf 88' lang='lat' dir='ltr'><strong>sui</strong></span> <span class='ocrx_word' id='word_1_357' title='bbox 629 4235 708 4286; x_wconf 89' lang='lat' dir='ltr'><strong>eum</strong></span> <span class='ocrx_word' id='word_1_358' title='bbox 734 4216 866 4309; x_wconf 89' lang='lat' dir='ltr'><strong>angelis</strong></span> <span class='ocrx_word' id='word_1_359' title='bbox 892 4215 1029 4287; x_wconf 85' lang='lat' dir='ltr'><strong>sanetis.</strong></span> <span class='ocrx_word' id='word_1_360' title='bbox 1067 4206 1149 4284; x_wconf 71' lang='lat' dir='ltr'><strong>³⁹Ut</strong></span> <span class='ocrx_word' id='word_1_361' title='bbox 1174 4212 1314 4286; x_wconf 90' lang='lat' dir='ltr'><strong>dieebat</strong></span> <span class='ocrx_word' id='word_1_362' title='bbox 1338 4213 1401 4286; x_wconf 89' lang='lat' dir='ltr'><strong>illis</strong></span> <span class='ocrx_word' id='word_1_363' title='bbox 1426 4213 1538 4286; x_wconf 83' lang='lat' dir='ltr'><strong>Amen</strong></span> <span class='ocrx_word' id='word_1_364' title='bbox 1561 4215 1640 4286; x_wconf 90' lang='lat' dir='ltr'><strong>dieo</strong></span> <span class='ocrx_word' id='word_1_365' title='bbox 1658 4216 1759 4288; x_wconf 92' lang='lat' dir='ltr'><strong>vobis</strong></span> 
     </span>
     <span class='ocr_line' id='line_1_33' title="bbox 283 4333 1758 4429; baseline 0.002 -24"><span class='ocrx_word' id='word_1_366' title='bbox 283 4335 362 4428; x_wconf 88' lang='lat' dir='ltr'><strong>quia</strong></span> <span class='ocrx_word' id='word_1_367' title='bbox 389 4345 466 4406; x_wconf 89' lang='lat' dir='ltr'><strong>sunt</strong></span> <span class='ocrx_word' id='word_1_368' title='bbox 491 4336 631 4428; x_wconf 86' lang='lat' dir='ltr'><strong>quidam</strong></span> <span class='ocrx_word' id='word_1_369' title='bbox 657 4335 785 4409; x_wconf 87' lang='lat' dir='ltr'><strong>dehic</strong></span> <span class='ocrx_word' id='word_1_370' title='bbox 811 4337 977 4408; x_wconf 87' lang='lat' dir='ltr'><strong>stantibus</strong></span> <span class='ocrx_word' id='word_1_371' title='bbox 1003 4335 1156 4429; x_wconf 88' lang='lat' dir='ltr'><strong>quinon</strong></span> <span class='ocrx_word' id='word_1_372' title='bbox 1181 4336 1367 4429; x_wconf 84' lang='lat' dir='ltr'><strong>gustabunt</strong></span> <span class='ocrx_word' id='word_1_373' title='bbox 1392 4345 1540 4408; x_wconf 87' lang='lat' dir='ltr'><strong>mortem</strong></span> <span class='ocrx_word' id='word_1_374' title='bbox 1566 4333 1680 4408; x_wconf 85' lang='lat' dir='ltr'><strong>donec</strong></span> <span class='ocrx_word' id='word_1_375' title='bbox 1704 4336 1758 4408; x_wconf 86' lang='lat' dir='ltr'><strong>vi-</strong></span> 
     </span>
     <span class='ocr_line' id='line_1_34' title="bbox 280 4455 1593 4550; baseline 0.002 -24"><span class='ocrx_word' id='word_1_376' title='bbox 280 4455 385 4528; x_wconf 90' lang='lat' dir='ltr'><strong>deant</strong></span> <span class='ocrx_word' id='word_1_377' title='bbox 410 4477 555 4550; x_wconf 88' lang='lat' dir='ltr'><strong>regnum</strong></span> <span class='ocrx_word' id='word_1_378' title='bbox 581 4456 640 4528; x_wconf 90' lang='lat' dir='ltr'><strong>dei</strong></span> <span class='ocrx_word' id='word_1_379' title='bbox 665 4457 807 4530; x_wconf 84' lang='lat' dir='ltr'><strong>veniens</strong></span> <span class='ocrx_word' id='word_1_380' title='bbox 832 4458 866 4528; x_wconf 90' lang='lat' dir='ltr'><strong>in</strong></span> <span class='ocrx_word' id='word_1_381' title='bbox 892 4457 1025 4530; x_wconf 91' lang='lat' dir='ltr'><strong>virtute.</strong></span> <span class='ocrx_word' id='word_1_382' title='bbox 1589 4455 1593 4466; x_wconf 89' lang='lat'>&#39;</span> 
     </span>
    </p>
   </div>
   <div class='ocr_carea' id='block_1_7' title="bbox 993 4733 1046 4804">
    <p class='ocr_par' dir='ltr' id='par_1_7' title="bbox 993 4733 1046 4804">
     <span class='ocr_line' id='line_1_35' title="bbox 993 4733 1046 4804; baseline -0.038 0"><span class='ocrx_word' id='word_1_383' title='bbox 993 4733 1046 4804; x_wconf 91' lang='lat' dir='ltr'><strong>lX.</strong></span> 
     </span>
    </p>
   </div>
   <div class='ocr_carea' id='block_1_8' title="bbox 277 4929 1755 5152">
    <p class='ocr_par' dir='ltr' id='par_1_8' title="bbox 277 4929 1755 5152">
     <span class='ocr_line' id='line_1_36' title="bbox 354 4929 1754 5033; baseline 0.001 -25"><span class='ocrx_word' id='word_1_384' title='bbox 354 4929 453 4986; x_wconf 63' lang='lat' dir='ltr'><strong>&#39;lm&#39;</strong></span> <span class='ocrx_word' id='word_1_385' title='bbox 475 4939 518 5008; x_wconf 83' lang='lat' dir='ltr'><strong>Mt</strong></span> <span class='ocrx_word' id='word_1_386' title='bbox 543 4947 625 5033; x_wconf 90' lang='lat' dir='ltr'><strong>post</strong></span> <span class='ocrx_word' id='word_1_387' title='bbox 650 4934 726 5012; x_wconf 89' lang='lat' dir='ltr'><strong>dies</strong></span> <span class='ocrx_word' id='word_1_388' title='bbox 753 4961 818 5012; x_wconf 86' lang='lat' dir='ltr'><strong>sex</strong></span> <span class='ocrx_word' id='word_1_389' title='bbox 845 4940 995 5013; x_wconf 84' lang='lat' dir='ltr'><strong>adsumit</strong></span> <span class='ocrx_word' id='word_1_390' title='bbox 1020 4941 1116 5012; x_wconf 83' lang='lat' dir='ltr'><strong>lesus</strong></span> <span class='ocrx_word' id='word_1_391' title='bbox 1142 4940 1280 5012; x_wconf 89' lang='lat' dir='ltr'><strong>Petrum</strong></span> <span class='ocrx_word' id='word_1_392' title='bbox 1313 4947 1348 5008; x_wconf 93' lang='lat' dir='ltr'><strong>et</strong></span> <span class='ocrx_word' id='word_1_393' title='bbox 1373 4934 1536 5008; x_wconf 85' lang='lat' dir='ltr'><strong>leeobum</strong></span> <span class='ocrx_word' id='word_1_394' title='bbox 1569 4949 1604 5008; x_wconf 89' lang='lat' dir='ltr'><strong>et</strong></span> <span class='ocrx_word' id='word_1_395' title='bbox 1630 4938 1754 5012; x_wconf 91' lang='lat' dir='ltr'><strong>lohan-</strong></span> 
     </span>
     <span class='ocr_line' id='line_1_37' title="bbox 277 5057 1755 5152; baseline 0.001 -22"><span class='ocrx_word' id='word_1_396' title='bbox 277 5079 368 5144; x_wconf 91' lang='lat' dir='ltr'><strong>nem,</strong></span> <span class='ocrx_word' id='word_1_397' title='bbox 396 5069 431 5130; x_wconf 92' lang='lat' dir='ltr'><strong>et</strong></span> <span class='ocrx_word' id='word_1_398' title='bbox 456 5059 551 5132; x_wconf 83' lang='lat' dir='ltr'><strong>ducit</strong></span> <span class='ocrx_word' id='word_1_399' title='bbox 574 5059 651 5134; x_wconf 85' lang='lat' dir='ltr'><strong>illos</strong></span> <span class='ocrx_word' id='word_1_400' title='bbox 676 5062 712 5134; x_wconf 94' lang='lat' dir='ltr'><strong>in</strong></span> <span class='ocrx_word' id='word_1_401' title='bbox 737 5072 891 5134; x_wconf 91' lang='lat' dir='ltr'><strong>montem</strong></span> <span class='ocrx_word' id='word_1_402' title='bbox 916 5063 1095 5135; x_wconf 77' lang='lat' dir='ltr'><strong>excelsum</strong></span> <span class='ocrx_word' id='word_1_403' title='bbox 1121 5081 1279 5134; x_wconf 88' lang='lat' dir='ltr'><strong>seorsum</strong></span> <span class='ocrx_word' id='word_1_404' title='bbox 1307 5059 1411 5144; x_wconf 87' lang='lat' dir='ltr'><strong>eolus,</strong></span> <span class='ocrx_word' id='word_1_405' title='bbox 1438 5066 1473 5130; x_wconf 90' lang='lat' dir='ltr'><strong>et</strong></span> <span class='ocrx_word' id='word_1_406' title='bbox 1497 5057 1755 5152; x_wconf 82' lang='lat' dir='ltr'><strong>transfiguratus</strong></span> 
     </span>
    </p>
   </div>
   <div class='ocr_carea' id='block_1_9' title="bbox 166 5173 1753 5387">
    <p class='ocr_par' dir='ltr' id='par_1_9' title="bbox 166 5173 1753 5387">
     <span class='ocr_line' id='line_1_38' title="bbox 217 5173 1753 5276; baseline 0.004 -28"><span class='ocrx_word' id='word_1_407' title='bbox 217 5243 220 5248; x_wconf 86' lang='lat'>.</span> <span class='ocrx_word' id='word_1_408' title='bbox 278 5190 332 5252; x_wconf 86' lang='lat' dir='ltr'><strong>est</strong></span> <span class='ocrx_word' id='word_1_409' title='bbox 365 5201 485 5254; x_wconf 85' lang='lat' dir='ltr'><strong>eoram</strong></span> <span class='ocrx_word' id='word_1_410' title='bbox 518 5179 616 5276; x_wconf 86' lang='lat' dir='ltr'><strong>ipsis:</strong></span> <span class='ocrx_word' id='word_1_411' title='bbox 674 5173 741 5256; x_wconf 78' lang='lat' dir='ltr'><strong>²et</strong></span> <span class='ocrx_word' id='word_1_412' title='bbox 774 5184 981 5256; x_wconf 86' lang='lat' dir='ltr'><strong>vestimenta</strong></span> <span class='ocrx_word' id='word_1_413' title='bbox 1016 5183 1089 5254; x_wconf 89' lang='lat' dir='ltr'><strong>eius</strong></span> <span class='ocrx_word' id='word_1_414' title='bbox 1122 5183 1213 5259; x_wconf 80' lang='lat' dir='ltr'><strong>lucta</strong></span> <span class='ocrx_word' id='word_1_415' title='bbox 1246 5189 1323 5256; x_wconf 87' lang='lat' dir='ltr'><strong>sunt</strong></span> <span class='ocrx_word' id='word_1_416' title='bbox 1357 5179 1571 5274; x_wconf 85' lang='lat' dir='ltr'><strong>splendentia</strong></span> <span class='ocrx_word' id='word_1_417' title='bbox 1607 5181 1753 5256; x_wconf 87' lang='lat' dir='ltr'><strong>eandida</strong></span> 
     </span>
     <span class='ocr_line' id='line_1_39' title="bbox 166 5301 1198 5387; baseline -0.004 -11"><span class='ocrx_word' id='word_1_418' title='bbox 166 5313 168 5320; x_wconf 88' lang='grc'><strong>’</strong></span> <span class='ocrx_word' id='word_1_419' title='bbox 826 5305 904 5387; x_wconf 82' lang='lat' dir='ltr'><strong>vul,</strong></span> <span class='ocrx_word' id='word_1_420' title='bbox 932 5306 980 5378; x_wconf 81' lang='lat'><strong>20</strong></span> <span class='ocrx_word' id='word_1_421' title='bbox 1012 5341 1055 5354; x_wconf 90' lang='lat'>-</span> <span class='ocrx_word' id='word_1_422' title='bbox 1084 5301 1137 5387; x_wconf 81' lang='lat' dir='ltr'><strong>IX,</strong></span> <span class='ocrx_word' id='word_1_423' title='bbox 1166 5305 1198 5376; x_wconf 77' lang='lat'><strong>2.</strong></span> 
     </span>
    </p>
   </div>
   <div class='ocr_carea' id='block_1_10' title="bbox 1372 5422 1448 5493">
    <p class='ocr_par' dir='ltr' id='par_1_10' title="bbox 1372 5422 1448 5493">
     <span class='ocr_line' id='line_1_40' title="bbox 1372 5422 1448 5493; baseline 0.039 -3"><span class='ocrx_word' id='word_1_424' title='bbox 1372 5422 1448 5493; x_wconf 70' lang='lat' dir='ltr'><strong>ro*</strong></span> 
     </span>
    </p>
   </div>
   <div class='ocr_carea' id='block_1_11' title="bbox 0 0 2128 6116">
    <p class='ocr_par' dir='ltr' id='par_1_11' title="bbox 0 0 2128 6116">
     <span class='ocr_line' id='line_1_41' title="bbox 0 0 2128 6116; baseline 0 0"><span class='ocrx_word' id='word_1_425' title='bbox 0 0 2128 6116; x_wconf 95' lang='lat' dir='ltr'><strong> </strong></span> 
     </span>
    </p>
   </div>
  </div>
 </body>
</html>
