4254 6130
650 439 891 506 nvmnnuuu
918 391 1119 504 suuuvouu
1145 437 1340 502 muuuuuu
1580 492 1583 507 .
1663 433 1735 504 tou

251 648 450 742 quicquam,
494 638 522 684 ⁵⁰
537 665 604 716 nec
631 644 790 738 cogitatis
823 644 903 737 quia
935 644 1077 738 expedit
1111 643 1212 716 nobis
1244 656 1281 717 ut
1314 665 1399 716 unus
1433 646 1597 716 moriatur
1628 639 1735 734 homo

250 789 315 864 pro
342 767 471 861 populo
504 774 540 836 et
565 786 636 835 non
668 777 739 838 tota
773 785 861 858 gens
895 775 1024 858 pereat.
1076 757 1099 802 Μ
1115 765 1190 835 Hoc
1225 775 1339 835 autern
1374 787 1394 836 a
1421 765 1637 859 semetipso
1664 785 1736 834 non

251 889 346 974 dixit,
374 887 439 961 sed
465 909 543 958 curu
571 895 667 957 essct
694 885 848 980 pontifex
876 885 953 956 anni
979 885 1076 970 illins,
1103 883 1324 978 prophetavit
1356 886 1435 978 quia
1466 887 1562 958 lesus
1589 885 1735 958 moritu·

250 1033 311 1082 rus
345 1017 420 1080 erat
451 1027 515 1100 pro
548 1015 669 1098 gente,
713 999 739 1044 ⁵²
756 1015 791 1078 et
825 1025 894 1076 non
926 1015 1056 1100 tantum
1088 1025 1152 1099 pro
1186 1015 1307 1099 gente,
1343 1004 1407 1076 sed
1440 1015 1475 1076 et
1499 1017 1537 1078 ιιι
1563 1006 1650 1079 tilios
1677 1005 1735 1077 dei

217 1221 220 1226 μ
252 1131 310 1225 qui
336 1139 433 1201 erant
459 1126 607 1222 dispersi
633 1135 866 1220 congregaret
891 1126 924 1196 in
951 1147 1064 1198 uuum.
1116 1118 1144 1164 ⁵³
1160 1117 1241 1172 (Μ)
1256 1125 1310 1196 Ab
1345 1125 1402 1196 illo
1438 1147 1524 1218 ergo
1551 1126 1608 1200 die
1635 1125 1734 1218 cogi-

253 1261 410 1325 taverunt
436 1255 472 1320 ut
496 1245 727 1318 interficerent
753 1267 845 1318 eum.
898 1235 1032 1318 “lesus
1059 1267 1144 1339 ergo
1178 1246 1246 1317 iam
1279 1265 1349 1317 non
1374 1246 1408 1315 in
1434 1249 1547 1340 palam
1575 1249 1734 1320 ambula-

252 1374 313 1444 bat
344 1370 438 1464 apud
471 1366 636 1452 ludaeos,
674 1367 739 1439 sed
773 1367 857 1438 abiit
887 1367 920 1437 in
953 1367 1131 1460 regionem
1158 1366 1252 1437 iuxta
1279 1364 1473 1453 desertum,
1501 1369 1535 1439 in
1561 1369 1734 1441 civitatem

253 1513 342 1585 quac
369 1489 490 1563 dicitur
515 1486 647 1573 Ehem,
680 1497 716 1560 et
748 1488 795 1560 ibi
828 1488 1028 1558 morabatur
1059 1509 1136 1559 cum
1164 1485 1347 1580 discipulis.
1400 1479 1427 1524 ⁵³
1441 1479 1515 1538 (m)
1534 1489 1733 1561 Proximum

253 1622 367 1684 autern
395 1621 470 1682 erat
494 1607 624 1706 pascha
656 1609 883 1692 ludaeorum,
928 1600 1015 1654 (Μ)
1036 1618 1071 1680 et
1106 1607 1336 1680 ascenderunt
1368 1608 1460 1678 multi
1493 1609 1734 1704 Hierosolyma

253 1733 299 1806 de
324 1731 468 1824 regione
494 1739 574 1800 ante
600 1731 747 1824 pascha,
773 1737 812 1802 ut
844 1727 1096 1802 sanctificarent
1127 1751 1166 1800 se
1200 1727 1305 1822 ipsos.
1358 1719 1385 1766 ⁵⁶
1399 1730 1621 1814 Quaerebant
1647 1751 1732 1823 ergo

253 1855 380 1937 lesum,
408 1861 443 1922 et
475 1849 770 1943 conloquebantur
804 1845 850 1920 ad
885 1849 1030 1922 invicem
1069 1851 1102 1920 in
1137 1849 1266 1941 templo
1299 1859 1431 1921 stantes
1467 1850 1557 1936 Quid
1597 1851 1731 1945 putatis,

254 1973 333 2066 quia
358 1991 429 2044 non
454 1970 570 2043 veniat
596 1969 642 2042 ad
668 1969 760 2043 diem
786 1971 938 2041 tostum?
965 1970 1139 2043 Dederaut
1165 1983 1279 2041 autom
1307 1969 1485 2063 pontifices
1504 1983 1539 2043 et
1558 1971 1733 2044 Pharisaei

254 2089 452 2165 mandatum
479 2101 516 2162 ut
541 2091 570 2162 si
597 2091 674 2184 quis
701 2089 905 2182 cognoverit
929 2091 988 2162 ubi
1014 2091 1057 2162 sit
1085 2071 1222 2174 indicet,¹
1247 2100 1284 2160 ut
1311 2091 1573 2184 apprehendant
1600 2115 1688 2164 eum.

955 2367 1019 2437 ΧΠ.

329 2565 454 2646 'lesus
480 2595 566 2665 ergo
593 2581 673 2670 ante
700 2595 766 2645 sex
793 2573 868 2646 dics
893 2573 1045 2668 paschae
1078 2575 1171 2645 veuit
1194 2573 1410 2659 Bethamam,
1445 2575 1503 2644 uhi
1530 2576 1639 2646 iuerat
1664 2575 1731 2646 La-

254 2701 354 2766 zarus
381 2703 547 2779 mortuuS,
581 2715 685 2786 quem
718 2694 894 2766 suscitavit
924 2695 1030 2766 lesus.
1082 2685 1186 2742 ‘W'
1203 2695 1371 2766 Fecerunt
1403 2705 1518 2768 autem
1552 2696 1582 2768 ei
1610 2717 1732 2767 cenam

254 2815 314 2901 ibi,
333 2826 386 2887 -et
416 2814 550 2888 Martha
580 2811 808 2900 ministrabat,
844 2815 994 2886 Lazarus
1023 2803 1109 2886 vero
1144 2837 1231 2886 unus
1263 2825 1338 2888 erat
1364 2837 1411 2886 eu
1438 2815 1732 2888 discumbentibus

255 2957 332 3007 cum
360 2956 414 3007 eo.
466 2925 598 3008 ³Maria
624 2955 712 3027 ergo
739 2935 873 3029 accepit
897 2935 1018 3006 libram
1038 2936 1177 3030 ungenti
1202 2935 1303 3008 nardi
1323 2937 1433 3032 pistici
1458 2937 1609 3030 pretiosi,
1636 2935 1733 3008 unxit

255 3055 367 3150 pedes
393 3057 468 3128 iesu
495 3067 530 3127 et
555 3055 700 3127 extersit
725 3055 854 3149 capillis
881 3055 951 3128 suis
977 3055 1089 3150 pedes
1115 3057 1198 3142 cius,
1226 3068 1262 3128 et
1288 3056 1413 3129 domus
1439 3056 1579 3150 impieta
1606 3067 1659 3128 est
1685 3077 1731 3126 ex

257 3175 367 3248 odore
392 3175 540 3269 ungenti.
590 3167 703 3246 ‘Dicit
729 3197 815 3268 ergo
842 3197 928 3246 unus
955 3197 1001 3246 ex
1033 3175 1206 3270 discipulis
1232 3176 1307 3248 eius
1332 3175 1433 3247 iudas
1464 3175 1641 3260 Scadotis,
1675 3175 1732 3267 qui

257 3306 332 3367 erat
358 3317 437 3366 eum
469 3296 653 3368 traditum
704 3287 850 3381 ⁵Quare
883 3295 951 3367 hoc
988 3306 1172 3389 ungentum
1204 3317 1276 3368 non
1306 3296 1410 3369 veniit
1435 3294 1594 3366 trecentis
1621 3293 1731 3366 deua-

257 3415 314 3487 riis
341 3425 375 3486 et
401 3415 519 3488 datum
545 3427 599 3489 cst
624 3417 770 3510 egenis?
813 3408 938 3487 ὓΙιίιιίι
964 3427 1078 3488 autem
1105 3418 1173 3490 hoc
1199 3439 1269 3490 non
1295 3417 1372 3511 quia
1406 3415 1452 3488 de
1479 3416 1599 3509 egenis
1624 3415 1731 3508 perti-

188 3596 192 3604 ,
257 3537 362 3608 uehat
388 3534 434 3606 ad
460 3557 548 3622 eum,
576 3537 642 3610 sed
668 3535 748 3630 quia
774 3537 826 3606 fur
852 3546 935 3622 erat,
964 3547 999 3608 ct
1024 3539 1158 3610 locutos
1190 3537 1325 3610 habens
1359 3557 1401 3607 ea
1429 3557 1519 3628 quae
1545 3535 1731 3608 mitteban-

258 3667 311 3728 tur
336 3656 505 3751 portahat.
555 3649 675 3727 'Dixit
708 3677 794 3749 ergo
828 3657 925 3728 lesus
957 3657 1035 3727 Sine
1069 3657 1175 3744 ittam,
1203 3659 1298 3728 utin
1324 3655 1382 3728 die
1409 3657 1605 3749 sepulturae
1632 3677 1733 3728 meac

258 3787 375 3850 servet
401 3775 497 3849 illud:
549 3767 756 3871 ⁸pauperos
783 3777 873 3848 cuim
901 3799 1042 3870 semper
1068 3777 1205 3850 habetis
1230 3777 1421 3861 vobiscum,
1449 3786 1638 3849 meantem
1664 3798 1733 3847 non

258 3919 398 3992 semper
423 3897 568 3968 habetis.
620 3888 739 3944 ΝΜ)
768 3897 937 3990 Cognovit
963 3917 1048 3991 ergo
1076 3899 1175 3969 turba
1201 3900 1306 3969 multa
1332 3917 1379 3968 ex
1405 3896 1541 3968 iudaeis
1563 3896 1643 3989 quia
1668 3895 1734 3966 illic

259 4029 326 4104 est,
362 4028 398 4090 et
429 4026 598 4093 venerunt
631 4039 700 4089 non
732 4028 878 4112 propter
909 4019 1022 4089 lesum
1056 4027 1201 4103 tantum,
1235 4019 1300 4091 sed
1327 4027 1363 4088 ut
1387 4018 1552 4089 Lazarum
1577 4015 1735 4090 viderent

258 4161 362 4232 quern
389 4137 611 4210 suscitavita
642 4139 795 4212 mortuis.
847 4131 874 4176 ⁴⁰
891 4137 1132 4231 cogitaverunt
1162 4149 1278 4210 autem
1309 4138 1481 4232 principes
1514 4135 1733 4208 sacerdotum

259 4269 295 4329 ut
320 4269 356 4329 et
381 4259 546 4334 Lazarum
573 4258 817 4344 interficerent,
861 4252 884 4295 ⁴¹
905 4259 984 4352 quia
1011 4260 1105 4330 multi
1138 4268 1281 4352 propter
1313 4257 1403 4329 illurn
1440 4257 1580 4330 abibant
1606 4278 1653 4328 cx
1678 4257 1733 4327 lu·
1779 4239 1782 4244 ’

259 4379 358 4450 dneis
385 4388 421 4449 et
452 4377 644 4450 credebant
677 4379 712 4448 in
744 4380 867 4450 lesum.
920 4370 1099 4449 1’(’(“”’·)Ιιι
1129 4379 1312 4450 crastinum
1347 4388 1463 4450 autem
1495 4378 1596 4449 turba
1629 4377 1734 4448 muita
1778 4446 1781 4458 ,

221 4501 224 4510 ’
259 4519 349 4592 qnae
374 4509 518 4570 venerat
543 4499 589 4570 ad
615 4499 708 4571 dem
734 4501 867 4584 testum,
895 4521 972 4571 cum
1005 4497 1182 4572 audissent
1207 4499 1286 4592 qnia
1319 4499 1415 4570 venit
1448 4499 1543 4572 lesus
1569 4497 1735 4570 Hieroso·-

258 4619 369 4713 lyma,
412 4611 807 4712 ¹³aoceper1mtramos
832 4620 1024 4712 pulmarum
1051 4631 1087 4692 et
1111 4629 1358 4716 processerunt
1381 4619 1520 4691 obviam
1538 4618 1579 4702 ei
1607 4627 1642 4688 ct
1659 4618 1730 4689 cia-

258 4737 398 4810 mabant
437 4738 592 4823 Osanna,
634 4739 837 4810 benedictus
869 4739 925 4832 quui
960 4739 1054 4811 venit
1073 4743 1118 4812 «ιιι
1148 4741 1287 4812 nornine
1318 4738 1463 4824 domini,
1497 4759 1562 4810 rex
1592 4737 1730 4810 israhel.

258 4847 384 4902 ΗΜ)
401 4859 444 4929 Ει
468 4858 597 4930 invonit
628 4859 723 4930 lesus
756 4859 898 4931 asellum
930 4869 966 4931 et
990 4859 1083 4933 sedit
1114 4881 1219 4955 super
1244 4879 1339 4944 eum,
1367 4859 1455 4929 sicut
1486 4859 1731 4952 scriptumest

257 4971 283 5016 ¹5
299 4977 376 5050 Noti
403 4980 536 5064 timere,
563 4977 631 5051 filia
657 4981 755 5051 Sion:
783 4999 867 5050 ecce
892 5001 956 5052 rex
982 4991 1060 5053 tuus
1088 4980 1179 5052 venit
1211 4979 1341 5051 sedens
1367 4997 1472 5072 super
1504 4979 1632 5072 pultum
1659 4979 1729 5051 asi-

258 5120 335 5171 nae.
387 5089 633 5171 ω(ωἰωιΗιιιιιι
656 5123 726 5174 non
752 5109 989 5194 cognoverunt
1015 5099 1171 5194 discipuli
1203 5099 1278 5171 eius
1310 5099 1472 5193 primum,
1499 5099 1565 5172 sed
1592 5098 1731 5194 quando

258 5218 466 5312 glorificatus
493 5195 547 5292 e‘st
572 5220 677 5308 lesus,
704 5233 783 5296 tunc
808 5220 980 5293 recordati
1007 5231 1085 5292 eunt
1110 5219 1191 5314 qma
1215 5221 1303 5293 haec
1330 5229 1429 5292 erant
1454 5219 1581 5315 scripta
1604 5219 1650 5293 de
1676 5239 1732 5304 eo,

377 5340 381 5352 '
803 5343 856 5428 xl,
885 5345 933 5414 50
959 5377 1010 5394 ·-·
1036 5341 1103 5426 xlt,
1134 5341 1190 5412 tc.

1385 5463 1432 5536 22
