4238 6134
384 401 458 476 236
657 343 914 470 intunduntur
940 406 1071 470 sottus
1095 405 1299 471 urtsrtJLAE
1325 405 1377 472 Ao
1403 407 1585 474 nomos

384 607 581 681 sedetiam
610 617 723 679 morte
756 609 910 702 pessima
943 609 1154 704 peremistis:
1182 631 1287 704 quem
1312 631 1378 684 nos
1403 622 1441 683 ut
1467 613 1707 705 cognovimus,
1743 615 1857 687 statim

384 726 609 814 credidimus,
640 749 719 799 cum
751 727 852 800 nobis
878 727 925 800 de
958 751 1002 802 eo
1028 738 1107 801 ante
1132 751 1202 802 uon
1226 731 1327 803 horit
1351 731 1596 826 praedicatum.
1648 732 1746 806 Unde
1771 757 1856 830 pro-

383 847 501 934 batur,
528 845 623 941 quod
655 847 756 920 idolis
789 848 1007 941 servivimus,
1041 871 1111 922 non
1142 849 1371 924 obstinatione
1403 852 1527 924 mentis
1554 851 1619 925 sed
1643 853 1856 946 ignorantes

384 967 634 1062 deputandum:
667 967 725 1061 qui
758 967 849 1040 enim
880 970 1031 1062 agnitum
1062 969 1139 1043 iiico
1165 971 1356 1066 sequimur,
1382 971 1462 1044 olim
1488 972 1605 1066 utique
1631 995 1856 1066 sequeremur

321 1127 324 1134 ⁴
384 1087 414 1159 si
440 1095 518 1158 ante
550 1087 846 1180 cognovissemus.
899 1083 977 1162 ‘Sic
1009 1099 1125 1163 autam
1157 1112 1222 1164 vos
1257 1091 1474 1186 degeneris
1505 1092 1681 1164 nobilitate
1712 1092 1854 1180 iactatis,

385 1206 484 1300 quasi
509 1227 579 1279 non
603 1229 738 1280 morum
764 1209 905 1282 mutatio
931 1210 1041 1304 magis
1067 1232 1171 1304 quam
1197 1211 1341 1284 carnahs
1367 1212 1524 1286 nativitas
1549 1211 1638 1285 fihos
1662 1234 1729 1284 nos
1754 1213 1856 1287 saciat

385 1348 466 1400 esse
499 1337 705 1401 sanctorum.
756 1329 913 1424 Denique
942 1331 1034 1402 Esau
1066 1341 1102 1402 et
1126 1331 1249 1403 Ismael
1274 1353 1359 1413 ,cum
1386 1333 1432 1405 de
1457 1333 1565 1428 stirpe
1591 1333 1657 1404 sint
1680 1329 1853 1418 Abrahae,

384 1447 524 1520 minime
549 1458 665 1520 tamen
690 1449 725 1519 in
749 1449 824 1521 filiis
849 1459 1056 1546 reputantur.
1107 1451 1168 1524 iiis
1193 1473 1279 1546 ergo
1305 1452 1415 1524 tahter
1441 1453 1682 1526 altercantibus
1708 1462 1854 1547 aposto-

383 1567 437 1640 lus
468 1589 508 1640 se
543 1566 694 1640 medium
725 1568 946 1665 interponens
976 1571 1023 1644 ita
1053 1571 1216 1666 partium
1233 1571 1358 1644 dirimit
1390 1573 1611 1668 quaestiones
1637 1581 1673 1644 ut
1696 1582 1853 1645 neutrum

385 1708 506 1760 eorum
538 1710 601 1761 sua
621 1687 757 1761 'inantia
789 1691 934 1763 salutem
965 1691 1134 1764 meruisse
1161 1691 1356 1778 confirmet,
1383 1693 1507 1764 ambos
1532 1712 1618 1764 vero
1643 1693 1792 1788 populos
1818 1703 1854 1764 et

382 1808 531 1880 scienter
557 1819 592 1880 et
617 1810 768 1902 graviter
793 1810 997 1905 delequisse,
1023 1809 1171 1884 ludaeos
1201 1811 1342 1906 quidem
1375 1813 1470 1907 quod
1495 1833 1559 1906 per
1582 1812 1852 1908 praevaricatio·

382 1949 462 1999 nem
493 1928 580 2022 legis
613 1929 717 2002 deum
748 1930 1044 2017 inhonoraverint,
1082 1943 1205 2025 gentes
1237 1953 1324 2004 vero
1359 1931 1454 2026 quod
1489 1955 1568 2005 cum
1600 1933 1773 2026 cognitum
1807 1933 1853 2005 de

382 2058 541 2120 creatura
567 2060 760 2123 creatorem
793 2044 851 2122 'ut
876 2049 980 2123 deum
1006 2045 1205 2124 'debuerint
1221 2053 1396 2137 venerari,
1423 2053 1566 2145 gloriam
1593 2055 1667 2127 eius
1692 2055 1727 2125 in
1749 2075 1853 2125 manu

311 2227 318 2244 .
380 2169 472 2242 tacta
496 2170 704 2243 mutaverint
730 2169 920 2245 simulacra.
973 2171 1145 2266 Utrosque
1171 2173 1274 2244 etiam
1308 2172 1458 2244 similiter
1482 2175 1852 2247 veniam-consecutos

380 2290 545 2382 aequales
578 2307 658 2362 esse
689 2289 870 2364 verissima
900 2291 1034 2364 ratione
1067 2291 1294 2378 demonstrat,
1311 2349 1314 2354 a
1325 2294 1528 2387 praesertim
1562 2315 1640 2366 cum
1665 2295 1700 2366 in
1726 2295 1850 2368 eadem

379 2408 719 2505 lege-praedicatum
753 2410 797 2482 sit
826 2422 862 2483 et
891 2411 1039 2484 ludaeos
1072 2421 1108 2484 et
1139 2421 1261 2506 gentes
1294 2411 1341 2484 ad
1367 2411 1499 2486 Christi
1512 2413 1618 2487 fidem
1642 2415 1821 2488 vocandos
1829 2409 1850 2502 ⁸,

381 2549 485 2622 quam
520 2529 567 2602 ob
597 2551 673 2603 rem
704 2529 854 2603 vicissim
887 2552 950 2604 eos
975 2529 1154 2604 humilians
1181 2530 1227 2604 ad
1252 2553 1376 2627 paoem
1402 2533 1448 2606 ad
1474 2534 1695 2610 concordiam
1721 2535 1849 2610 cohor-

380 2657 477 2721 tatur.

883 2767 1054 2834 EXPLICIT
1081 2765 1348 2834 naumurum.
