4254 6130
661 417 901 482 avnnouuuu
928 418 1129 484 secuuntur
1157 409 1353 478 rouluunn
1676 403 1747 484 473
1846 423 1849 430 ’

258 625 322 697 nisi
349 645 412 717 per
439 645 504 694 me.
557 615 624 692 7Si
653 620 906 717 cognovissetis
933 647 1000 712 me,
1028 633 1064 694 et
1090 629 1225 716 patrem
1259 639 1375 688 meum
1410 615 1527 710 utique
1563 618 1749 710 cognovis-

259 745 360 819 setis:
388 753 423 814 et
450 765 470 814 a
497 741 604 814 modo
633 741 842 837 cognoscitis
868 763 948 815 eum
983 754 1019 817 et
1051 740 1188 815 vidistis
1215 759 1305 809 eum.
1356 727 1478 807 ⁸Dicit
1511 737 1543 808 ei
1574 737 1751 833 Philippus

259 865 416 950 Domine,
445 862 593 934 ostende
619 863 722 936 nobis
749 873 899 956 patrem,
927 875 963 936 et
988 861 1114 938 sufficit
1140 854 1252 931 nobis.
1305 848 1419 928 ”Dicit
1453 857 1485 928 ei
1518 859 1614 932 lesus
1641 860 1752 932 Tanto

261 998 417 1081 tempore
443 983 624 1058 vobiscum
652 1006 740 1068 sum,
768 991 804 1054 et
829 1004 900 1054 non
926 979 1144 1080 cognovistis
1171 998 1237 1057 me,
1263 976 1442 1072 Philippa?
1478 979 1544 1066 Qui
1575 977 1659 1052 vidit
1685 1003 1752 1066 me,

262 1107 349 1180 vidit
372 1115 408 1178 et
432 1113 583 1198 patrem:
611 1101 793 1198 quomodo
820 1109 857 1172 tu
883 1101 970 1178 dicis
999 1097 1159 1178 Ostende
1192 1098 1294 1170 nohis
1327 1103 1484 1193 patrem?
1528 1092 1553 1138 ”
1569 1101 1646 1172 Non
1673 1123 1742 1174 cre·

264 1227 343 1302 ditis
370 1227 449 1319 quia
476 1245 544 1317 ego
570 1223 605 1292 in
632 1232 733 1316 patre
760 1232 795 1294 et
821 1232 919 1316 pater
944 1225 979 1296 in
1005 1245 1065 1296 me
1092 1221 1173 1294 est‘?
1200 1217 1316 1292 Verba
1341 1241 1432 1313 quae
1459 1241 1526 1314 ego
1544 1222 1669 1315 loquor
1686 1245 1753 1296 vo-

231 1327 234 1335 ’
264 1348 320 1422 bis
347 1369 367 1417 a
393 1367 449 1418 me
475 1343 553 1437 ipso
579 1365 651 1414 non
668 1343 805 1436 loquor:
833 1353 934 1438 pater
960 1355 1078 1418 autem
1107 1341 1141 1412 in
1170 1361 1228 1412 me
1253 1361 1407 1428 manens,
1435 1342 1511 1436 ipse
1536 1343 1616 1414 iacit
1634 1365 1753 1438 opera.

265 1461 287 1504 ”
300 1467 377 1538 Non
404 1464 543 1538 creditis
569 1462 650 1556 qrria
676 1483 744 1556 ego
762 1464 797 1534 in
822 1474 923 1558 patre
949 1475 985 1538 et
1009 1473 1115 1559 pater
1142 1459 1176 1530 iu
1193 1482 1250 1532 mo
1277 1465 1356 1533 est?
1400 1454 1425 1499 ”
1437 1461 1593 1557 Alioquin
1611 1474 1755 1558 propter

265 1608 374 1681 opera
406 1586 481 1679 ipsa
517 1583 659 1656 credite.
712 1581 825 1656 Amen
859 1606 962 1658 amen
994 1586 1077 1658 dico
1114 1579 1226 1664 vobis,
1254 1582 1312 1676 qui
1339 1582 1449 1656 credit
1482 1583 1516 1654 iu
1542 1605 1616 1669 me,
1645 1607 1754 1680 opera

266 1705 355 1802 quae'
382 1727 450 1799 ego
477 1704 564 1776 facio
591 1703 728 1798 etipse
753 1705 865 1790 faciet,
894 1715 930 1778 et
955 1705 1091 1778 maiora
1117 1700 1242 1773 horum
1269 1703 1386 1791 saciet,
1415 1705 1495 1799 quia
1521 1725 1588 1798 ego
1616 1705 1661 1778 ad
1688 1727 1753 1800 pa·
1850 1713 1853 1720 '

236 1835 239 1845 '
266 1839 353 1902 trem
379 1825 488 1910 vado,
533 1811 659 1872 ”””’·’
680 1833 715 1896 et
741 1805 987 1920 quodcumque
1014 1821 1184 1919 petieritis
1211 1821 1400 1898 innomine
1419 1847 1508 1912 meo,
1535 1823 1603 1897 hoc
1620 1826 1752 1913 faciam,

266 1959 305 2020 ut
337 1945 544 2040 glorificetur
575 1953 676 2038 pater
707 1945 741 2018 in
772 1945 852 2017 filio.
906 1938 931 1984 ”
949 1946 984 2016 Si
1020 1942 1106 2038 quid
1138 1941 1302 2035 petieritis
1332 1957 1389 2018 me
1423 1945 1457 2016 in
1490 1947 1629 2018 nomine
1661 1970 1753 2035 meo,

268 2066 337 2140 hoc
361 2065 493 2138 laoinm.
547 2056 573 2100 ¹⁵
590 2064 625 2137 Si
652 2063 789 2158 diligitis
816 2087 887 2152 me,
915 2066 1080 2138 mandata
1108 2083 1188 2134 mea
1215 2075 1360 2138 servate.
1413 2057 1439 2104 ”
1455 2067 1497 2138 Et
1522 2087 1590 2160 ego
1617 2068 1753 2160 rogabo

268 2197 412 2283 patrem,
440 2195 475 2258 et
500 2184 601 2256 alium
626 2187 838 2280 paracletum
865 2185 963 2258 dabit
988 2183 1108 2269 vobis,
1145 2194 1181 2256 ut
1207 2197 1346 2258 maneat
1370 2187 1549 2258 vobiscum
1576 2189 1610 2259 in
1637 2198 1753 2261 aetor-

268 2329 366 2392 num,
410 2299 603 2399 ⁴⁷spirirum
628 2306 790 2392 veritatis,
818 2327 923 2400 quem
950 2303 1102 2376 mundus
1129 2327 1199 2377 non
1222 2315 1340 2402 potest
1366 2307 1542 2402 accipere,
1577 2309 1657 2402 quia
1683 2333 1763 2412 uon·

269 2427 365 2500 videt
396 2448 474 2498 eum
507 2447 574 2498 nec
604 2427 668 2498 scit
703 2449 799 2500 eum:
835 2449 901 2498 vos
935 2435 1051 2496 autem
1085 2428 1294 2520 cognoscitis
1329 2451 1425 2514 eum,
1461 2427 1540 2520 quia
1567 2428 1662 2524 apud
1689 2451 1753 2502 vos

269 2546 422 2620 manabit
445 2557 480 2618 et
505 2547 540 2618 in
566 2547 668 2618 vobis
695 2547 768 2620 erit.
822 2537 849 2584 ¹⁸
864 2545 943 2618 Non
969 2544 1160 2640 relinquam
1188 2571 1254 2621 vos
1280 2552 1430 2635 orfanos,
1458 2549 1594 2621 veniam
1611 2550 1659 2622 ad
1675 2571 1752 2622 vos.

269 2661 430 2742 ”Adhuc
456 2667 631 2740 modicum
657 2677 692 2740 et
717 2665 866 2740 mundus
892 2685 950 2737 me
976 2665 1045 2736 iam
1071 2688 1142 2739 nou
1168 2669 1281 2743 videt:
1307 2693 1373 2743 vos
1400 2679 1515 2743 autem
1537 2667 1662 2744 videtis
1685 2691 1752 2754 me,
1780 2670 1788 2708 ’

270 2791 350 2884 quia
383 2811 451 2883 ego
484 2787 564 2860 vivo
597 2797 634 2860 et
664 2810 729 2862 vos
761 2787 895 2860 vivetis.
947 2777 1022 2856 ”ln
1048 2787 1106 2860 illo
1140 2787 1198 2862 die
1231 2813 1296 2864 vos
1330 2789 1550 2884 cognoscetis
1576 2789 1657 2883 quia
1683 2810 1752 2880 ogo

251 2887 347 2984 ¹snm
372 2911 406 2981 in
431 2918 530 3003 patre
555 2929 636 2980 meo
663 2917 698 2980 et
723 2929 789 2980 vos
814 2907 848 2978 iu
874 2927 932 2978 me
958 2916 994 2978 et
1019 2927 1088 3002 ego
1115 2909 1150 2981 in
1175 2911 1286 2983 vohis.
1324 2903 1348 2948 ²⁴
1366 2911 1431 2996 Qui
1456 2909 1565 2982 habat
1590 2909 1752 2982 mandata

272 3053 351 3103 mea
377 3039 413 3102 et
438 3037 555 3102 servat
581 3050 632 3114 ea,
660 3029 714 3100 ille
741 3029 877 3121 estqui
904 3025 1013 3119 diligit
1038 3049 1111 3100 me:
1139 3022 1228 3078 ””·’·)
1243 3031 1300 3125 qui
1326 3040 1441 3103 autern
1459 3029 1576 3134 *diligit
1602 3051 1668 3115 me,
1696 3029 1751 3102 di-

272 3152 395 3244 ligetur
426 3171 448 3220 a
474 3158 571 3242 patre
598 3169 695 3234 meo,
730 3159 765 3220 et
791 3169 859 3241 ego
890 3145 1029 3238 diligam
1057 3169 1137 3220 eum
1170 3161 1205 3222 et
1232 3150 1457 3224 manifestabo
1485 3151 1518 3222 ei
1543 3171 1599 3220 me
1626 3149 1748 3243 ipsum.

272 3261 416 3332 ²²l¹³l⁴⁰l
430 3267 517 3339 Dicit
542 3269 575 3340 ei
606 3269 723 3354 ludas,
758 3291 827 3340 non
861 3267 916 3340 ille
943 3267 1104 3341 scariotis
1133 3272 1295 3358 Domine,
1329 3271 1412 3366 quid
1438 3269 1562 3341 laetum
1590 3279 1644 3342 est
1671 3271 1750 3364 quia

272 3389 374 3460 nobis
402 3387 674 3462 manilestaturus
701 3411 740 3462 es
768 3391 939 3483 teipsum
967 3401 1003 3461 et
1027 3412 1096 3462 non
1123 3391 1280 3464 mundo‘l
1330 3385 1563 3484 ”Respondit
1594 3389 1689 3461 lesus
1715 3400 1751 3460 et

274 3509 361 3582 dixit
386 3509 419 3579 ei
447 3507 481 3580 Si
507 3509 583 3600 quis
610 3510 718 3602 diligit
742 3531 808 3596 me,
836 3531 1034 3582 sermonem
1061 3531 1176 3582 meum
1204 3512 1364 3596 servabit,
1392 3519 1428 3580 et
1452 3518 1550 3602 pater
1576 3529 1675 3580 meus
1693 3509 1749 3582 di-

273 3629 355 3720 liget
381 3649 470 3713 eum,
498 3637 532 3701 et
558 3628 604 3702 ad
631 3651 709 3702 eum
737 3632 915 3702 veniemus
941 3639 977 3702 et
993 3629 1192 3703 mansiones
1217 3631 1310 3726 apud
1329 3653 1408 3702 eum
1435 3629 1613 3714 iaciemus3
1655 3619 1749 3722 ”qui

209 3783 214 3794 ¹
275 3771 343 3822 non
376 3749 483 3841 diligit
514 3771 587 3834 me,
623 3771 804 3822 sermones
837 3771 935 3823 meos
965 3773 1035 3823 non
1068 3761 1197 3824 servat:
1247 3745 1335 3800 ””·’·’
1349 3761 1383 3822 et
1417 3771 1612 3822 sermonem
1646 3769 1749 3842 quem

274 3867 432 3954 audistis,
464 3891 533 3942 non
566 3880 621 3942 est
654 3891 767 3957 meus,
803 3871 866 3944 sed
894 3871 967 3942 eius
994 3873 1050 3966 qui
1085 3895 1142 3944 me
1169 3873 1261 3944 misit
1285 3872 1400 3966 patris.
1451 3861 1480 3907 ¹⁵
1495 3871 1590 3942 Haec
1615 3869 1750 3942 locutus

275 4011 349 4062 sum
376 3989 478 4062 vohis
506 3991 598 4084 apud
625 4013 689 4064 vos
715 4011 877 4064 manens:
916 3983 1058 4040 ””””’·’
1076 3992 1281 4087 paracletus·
1296 4001 1420 4077 autern,
1448 3991 1583 4084 spiritus
1610 3999 1748 4062 sanctus

274 4129 377 4200 quem
404 4111 514 4182 mittet
539 4121 639 4204 pater
665 4112 697 4182 in
723 4112 862 4184 nomine
888 4133 985 4198 meo,
1018 4112 1074 4184 ille
1106 4133 1171 4183 vos
1205 4111 1345 4185 docebit
1376 4111 1489 4183 omnia
1524 4121 1559 4182 et
1585 4119 1751 4204 suggeret
1885 4147 1887 4155 ι

275 4228 375 4300 vobis
402 4231 517 4302 omnia
544 4253 781 4327 quaecumque
807 4233 931 4306 dixero
957 4231 1067 4304 vobis.
1110 4223 1137 4268 ”
1155 4233 1280 4306 Pacem
1306 4233 1461 4326 relinquo
1487 4229 1597 4316 vobis,
1612 4251 1749 4324 pacem

275 4369 388 4420 meam
415 4347 463 4420 do
489 4351 604 4424 vobis:
632 4375 702 4424 non
728 4353 905 4446 quomodo
932 4351 1080 4424 mundus
1107 4352 1260 4446 detego
1288 4353 1335 4426 do
1353 4352 1464 4424 vobis.
1503 4351 1579 4422 Non
1597 4350 1751 4422 turbetur

276 4489 337 4540 cor
370 4478 522 4542 vestrum
555 4494 670 4566 neque
701 4473 870 4546 tormidet
922 4464 1118 4547 ”Audistis
1151 4473 1229 4566 quia
1262 4493 1329 4565 ego
1366 4471 1438 4544 dixi
1463 4471 1564 4544 vobis
1589 4470 1687 4542 Vado
1714 4478 1750 4541 et

275 4591 377 4664 venio
404 4591 450 4664 ad
476 4614 548 4664 vos.
602 4594 636 4664 Si
664 4593 849 4686 diligeretis
875 4613 941 4678 me,
969 4591 1167 4686 gauderetis
1192 4591 1308 4685 utique
1334 4592 1414 4685 qnia
1430 4591 1523 4664 vado
1542 4589 1587 4662 ad
1604 4597 1748 4684 patrem,

277 4712 357 4805 quia
382 4721 481 4807 pater
506 4713 618 4786 maior
643 4735 700 4784 me
725 4723 787 4784 est.
831 4705 857 4752 ²⁹
874 4715 916 4784 Et
941 4735 1030 4785 nunc
1056 4712 1128 4784 dixi
1154 4711 1255 4782 vobis
1282 4711 1375 4805 prius
1394 4733 1496 4805 quarn
1524 4709 1590 4795 fiat,
1617 4719 1654 4782 ut
1672 4731 1749 4781 cum

275 4834 402 4906 laeuum
433 4833 534 4906 inerit
567 4833 723 4906 credatis.
775 4823 803 4870 ³⁰
818 4833 888 4904 lam
921 4853 991 4904 non
1022 4833 1127 4904 multa
1160 4833 1281 4924 loquar
1313 4831 1508 4904 vobiscum:
1541 4831 1634 4903 venit
1659 4831 1748 4902 enim
1784 4861 1788 4868 κ

276 4954 437 5049 princeps
465 4953 583 5027 mundi
609 4954 718 5040 huius,
747 4953 839 5025 etin
865 4977 922 5026 me
948 4976 1017 5026 non
1043 4951 1148 5024 habet
1174 4952 1372 5046 quicquam,
1416 4943 1440 4988 ³¹
1456 4949 1521 5024 sed
1553 4962 1590 5024 ut
1616 4973 1749 5046 cogno-

277 5085 351 5147 scat
377 5074 525 5148 mundus
551 5074 631 5168 qrria
657 5075 761 5170 diligo
790 5082 932 5168 patrem,
961 5085 997 5146 et
1022 5076 1109 5146 sicut
1134 5072 1331 5146 mandatum
1358 5070 1453 5146 dedit
1478 5071 1558 5144 mihi
1575 5082 1674 5167 pater
1700 5073 1750 5144 sic

275 5195 375 5269 lacio.
420 5196 564 5290 Surgite,
592 5217 713 5269 eamus
739 5196 825 5267 hinc.

866 5315 946 5399 XIV,
976 5309 998 5387 'i
1026 5353 1074 5368 -
1103 5315 1160 5410 3⁴·
