4146 6120
380 379 455 452 380
944 376 1126 442 EPISTULA
1152 377 1262 440 PETRI
1286 375 1307 438 1.

381 587 477 670 cula,
503 604 615 655 amen
669 575 696 620 ⁴²
717 573 757 628 Π)
775 581 964 666 carissimi,
992 582 1098 654 nolite
1122 579 1338 675 peregrinari
1363 580 1399 650 in
1423 581 1562 652 fervore
1588 579 1646 672 qui
1672 578 1719 652 ad
1745 588 1871 650 temta-

382 706 511 778 tionem
542 702 645 774 vohis
678 700 731 784 lit,
765 703 867 796 quasi
895 702 978 774 nori
1011 701 1141 795 aliquid
1172 701 1275 774 vobIs
1307 701 1501 793 contmgat,
1541 692 1568 737 ⁴³
1584 697 1647 770 sed
1674 699 1872 770 communi-

382 825 503 898 cantes
530 821 653 893 Christi
685 821 908 915 passionibus
939 819 1108 913 gandete,
1142 829 1181 891 ut
1213 830 1250 892 ct
1280 820 1316 891 in
1349 820 1597 892 revelationem
1628 817 1759 912 gloriae
1794 818 1871 890 eins

382 942 563 1038 gaudeatis
596 941 801 1014 exultantes.
854 929 880 978 ¹⁸
897 940 933 1010 Si
963 939 1223 1034 exprobramini
1248 939 1283 1010 in
1307 939 1448 1011 nomme
1474 937 1612 1023 Christi,
1644 937 1739 1010 beati
1765 938 1871 1022 eritis,

383 1062 545 1156 quoniam
580 1061 711 1154 gloriae
744 1060 804 1132 dei
836 1061 976 1155 spiritns
1008 1057 1043 1131 in
1074 1059 1176 1132 vobis
1209 1058 1393 1152 requiescit
1426 1058 1472 1130 ab
1499 1058 1575 1130 aliis
1599 1057 1871 1151 blasphematus,

382 1179 536 1254 avobie
569 1189 685 1250 antam
720 1179 976 1252 honorificatus.
1028 1170 1118 1225 '⁵⁰⁸⁵
1135 1179 1247 1250 Nemo
1280 1179 1372 1250 enim
1404 1187 1560 1250 vestrum
1592 1177 1740 1270 patiatur
1771 1177 1873 1268 quasi

382 1299 558 1372 homicida
583 1308 642 1370 ant
667 1300 721 1370 tur
747 1310 808 1371 aut
831 1299 1021 1371 maledicus
1048 1307 1107 1368 aut
1133 1297 1324 1368 alienorum
1350 1296 1539 1391 appetitor:
1582 1288 1651 1368 ⁴⁶si
1684 1306 1800 1368 autem
1833 1305 1873 1366 ut

382 1419 602 1503 Christianus,
628 1439 698 1490 non
725 1415 919 1504 erubescat,
946 1415 1115 1510 glorificet
1140 1425 1256 1488 autem
1283 1416 1387 1488 deum
1407 1417 1442 1486 in
1460 1417 1528 1486 isto
1545 1413 1694 1490 nomine.
1733 1408 1872 1500 w(3110-

382 1539 474 1609 niam
501 1547 639 1630 tempus
666 1547 702 1609 ut
728 1537 865 1632 incipiat
890 1537 1051 1609 iudicium
1078 1535 1125 1606 de
1151 1536 1259 1607 domu
1284 1535 1359 1607 dci:
1387 1535 1416 1606 si
1441 1545 1556 1606 autem
1580 1535 1728 1629 primurn
1756 1557 1777 1606 a
1802 1555 1871 1604 no-

383 1658 451 1741 bis,
479 1657 536 1748 qui
562 1655 639 1728 finis
665 1677 786 1728 eorum
813 1657 871 1749 qui
896 1676 966 1726 non
993 1656 1138 1728 credunt
1163 1655 1221 1728 dei
1248 1655 1458 1748 evangelio?
1510 1645 1537 1690 ⁴⁸
1553 1655 1596 1726 Et
1620 1655 1649 1724 si
1677 1655 1784 1725 iustus
1812 1654 1872 1724 vix

383 1775 588 1859 salvabitur,
625 1775 748 1868 impius
784 1787 820 1847 ct
851 1785 1017 1868 peccator
1049 1776 1109 1847 ubi
1141 1775 1340 1869 parebunt?
1392 1765 1419 1812 ⁴⁹
1433 1775 1553 1868 ltaque
1587 1782 1624 1846 et
1649 1774 1694 1844 hii
1720 1773 1778 1867 qui
1804 1794 1871 1866 pa-

384 1898 510 1967 tiuntur
527 1892 720 1966 secundum
741 1896 953 1967 voluntatem
976 1893 1043 1980 dei,
1071 1895 1165 1967 fideli
1189 1895 1335 1966 creatori
1362 1893 1609 1968 commendant
1633 1894 1765 1966 anirum
1788 1913 1872 1986 suas

385 2017 418 2086 in
444 2014 643 2087 benefactis.

1110 2221 1146 2290 V.

460 2363 540 2418 ⁴¹¹⁹>
557 2374 720 2445 Seniores
746 2393 833 2467 ergo
860 2375 918 2468 qui
944 2375 978 2444 in
1006 2375 1106 2446 vohis
1131 2384 1211 2446 sunt
1237 2375 1386 2446 obsecro
1405 2373 1589 2446 consenior
1605 2385 1642 2446 ct
1658 2375 1755 2448 testis
1772 2373 1872 2445 Chri-

385 2493 428 2562 sti
453 2492 665 2585 passiouum,
695 2493 753 2584 qui
780 2504 816 2565 at
841 2495 916 2566 eius
942 2511 1033 2587 quae
1059 2494 1094 2564 in
1119 2494 1231 2566 hrtum
1258 2493 1449 2566 revelanda
1476 2503 1530 2566 cst
1554 2491 1687 2586 gloriae
1712 2513 1871 2566 commn-

384 2611 526 2682 uicator.
569 2603 736 2682 'Pascite
762 2613 820 2705 qui
847 2622 901 2684 est
926 2613 960 2684 iu
985 2613 1088 2685 vobis
1113 2633 1259 2705 gregem
1285 2612 1353 2698 dci,
1379 2613 1604 2707 providentes
1630 2635 1701 2685 non
1726 2623 1870 2685 muetos

385 2731 450 2803 sed
477 2740 690 2823 spontaneae
718 2733 910 2805 secundum
937 2731 1052 2818 deum,
1080 2753 1194 2826 neque
1220 2733 1327 2826 turpis
1353 2731 1436 2804 lucri
1459 2733 1570 2826 gratia
1588 2733 1652 2806 sed
1669 2733 1871 2816 voluntarie,

385 2841 530 2941 ³neque
555 2858 593 2919 nt
619 2848 837 2922 dominantes
863 2852 898 2921 in
929 2851 1043 2937 cleris,
1080 2852 1145 2924 sed
1177 2853 1289 2924 forme
1322 2853 1400 2923 iacti
1431 2853 1529 2946 gregi
1560 2874 1608 2924 ex
1641 2851 1772 2925 animo:
1804 2839 1873 2923 *et

386 2991 462 3040 cum
498 2969 698 3061 apparuerit
730 2971 893 3064 princeps
926 2983 1126 3064 pastorum,
1166 2971 1363 3066 percipietis
1397 2971 1704 3045 inmarcescibilem
1738 2971 1872 3065 gloriae

384 3107 563 3160 eoronam.
614 3077 693 3134 ΜΨ)
711 3089 871 3161 Similiter
902 3089 1145 3164 adulescentes
1177 3090 1307 3163 subditi
1341 3100 1455 3162 estote
1487 3087 1705 3175 senioribus,
1748 3111 1872 3164 omnes

383 3217 501 3279 autem
527 3207 676 3278 invicem
703 3209 927 3282 humilitatam
953 3210 1137 3296 manate,
1171 3211 1251 3304 quia
1277 3209 1366 3282 deus
1392 3209 1553 3304 superbis
1578 3211 1722 3295 resistit,
1756 3211 1872 3282 hnmi-

381 3327 471 3400 hbus
497 3335 613 3398 unum
640 3327 701 3400 dat
726 3330 882 3422 gratiam
935 3321 1191 3404 ⁶Ilumihamini
1217 3330 1320 3424 igitur
1344 3329 1410 3400 sub
1436 3330 1568 3423 potenti
1594 3349 1698 3403 manu
1724 3329 1799 3416 doi,
1833 3341 1873 3402 ut

382 3467 449 3518 vos
474 3447 605 3518 exalta
630 3447 665 3518 in
691 3457 851 3544 ternpore
878 3449 1097 3537 visimbonis,
1125 3444 1292 3523 ⁷ornnem
1318 3447 1580 3520 sollicitudinem
1606 3459 1758 3522 vestram
1785 3471 1870 3544 pro-

382 3566 524 3638 Icientcs
550 3567 585 3636 in
610 3587 706 3653 eum,
734 3569 896 3662 quonlam
923 3568 988 3663 ipsi
1015 3591 1098 3643 eura
1124 3579 1180 3643 est
1203 3569 1251 3642 de
1277 3569 1388 3642 vobis.
1440 3559 1605 3640 ⁸'Sobrii
1632 3579 1753 3654 estote,
1780 3569 1871 3663 vigi-

382 3685 461 3768 late,
488 3685 570 3778 mna
596 3686 818 3762 adversarium
843 3697 963 3762 vester
988 3687 1149 3764 diabolus
1174 3697 1352 3783 umquam
1373 3689 1430 3761 leo
1448 3689 1590 3782 rugiens
1607 3689 1732 3775 circuit,
1759 3709 1869 3783 qnae-

383 3823 465 3875 rcns
491 3825 596 3896 quem
622 3805 784 3896 devoret3
819 3800 902 3880 ⁹cui
927 3810 1076 3883 resistito
1099 3812 1206 3883 iortes
1230 3809 1309 3895 lide,
1338 3811 1487 3882 scientes
1504 3809 1653 3883 eandem
1671 3809 1868 3903 passionem

384 3924 417 3994 ei
443 3940 535 4016 quae
561 3926 596 3996 in
622 3923 752 4000 mundo
779 3939 833 4001 cst
858 3937 1000 4001 restrae
1024 3929 1242 4004 fraternitatis
1267 3929 1350 4002 heri.
1395 3919 1483 3978 ⁴⁰l¹¹l
1496 3927 1590 4002 licus
1616 3939 1731 4000 auum
1758 3931 1869 4002 omnis

384 4043 525 4136 gratiae,
553 4045 611 4136 qni
637 4049 776 4120 vocavit
801 4069 867 4121 nos
893 4049 928 4119 in
954 4057 1130 4122 aeternam
1157 4069 1257 4122 suam
1282 4049 1428 4143 gloriam
1455 4047 1489 4119 in
1516 4049 1650 4121 Christo
1675 4049 1761 4135 lesa,
1791 4069 1868 4120 mo-

384 4161 500 4238 dicum
525 4183 652 4258 passos
677 4167 754 4261 lpse
779 4167 935 4263 perliciot
960 4168 1177 4241 confirmarit
1202 4167 1442 4263 solidabitque.
1495 4160 1519 4204 ⁴¹
1533 4167 1601 4262 Ipsi
1626 4163 1808 4262 imperium
1834 4169 1868 4239 in

383 4283 523 4354 saenrla
554 4286 789 4374 saeculorum,
825 4309 937 4361 amen.
990 4279 1017 4328 ⁴²
1032 4275 1105 4361 Per¹
1127 4289 1301 4362 Silvanum
1333 4289 1437 4362 vohis
1468 4287 1607 4360 fidelem
1640 4289 1798 4374 trahem,
1832 4299 1870 4359 ut

384 4403 544 4488 arbitror,
571 4405 724 4478 breviter
749 4405 886 4504 scripsi,
915 4411 1108 4481 obsecrans
1134 4419 1169 4481 et
1195 4419 1392 4482 contestans
1417 4405 1507 4480 hano
1532 4427 1615 4482 csso
1640 4429 1762 4482 veram
1786 4429 1868 4502 gra-

384 4523 466 4594 tiam
492 4522 565 4608 dei,
592 4524 627 4596 in
653 4547 722 4620 qua
748 4537 785 4598 et
808 4539 909 4602 state.
961 4520 989 4568 ⁴³
1005 4530 1137 4602 Salutat
1161 4549 1228 4602 vos
1255 4529 1404 4602 ecclesia
1430 4547 1522 4624 qnae
1549 4530 1663 4602 ostiu
1689 4529 1868 4624 babylone

303 4745 312 4754 ·
383 4644 561 4716 conolecta
595 4657 631 4717 et
662 4649 798 4722 Marcus
829 4647 918 4720 tilius
950 4667 1060 4722 meus.
1112 4641 1304 4722 ”Saluum
1336 4650 1483 4722 Invicem
1515 4651 1548 4721 ln
1583 4651 1704 4726 osculo
1737 4658 1866 4722 sancto.

381 4763 498 4836 Gratia
524 4765 626 4841 vohis
654 4767 813 4840 omnibus
840 4769 899 4862 qui
925 4769 1008 4840 ostis
1033 4769 1068 4840 ia
1095 4767 1228 4842 ChrIsto
1254 4765 1340 4842 Iesu.

693 4937 867 5002 EXPLICIT
889 4935 1073 5005 EPISTULA
1095 4937 1205 5002 PETRI
1226 4937 1416 5003 APOSTOLI
1438 4941 1560 5007 PllIlIA.

972 5263 1071 5274 -.-.....-.
1091 5266 1166 5272 -........
1184 5263 1250 5272 ....,...
1263 5261 1276 5272 .
