4220 6124
616 418 794 488 murum
818 419 872 485 so
896 416 1277 502 rmmsuouronusus
1301 411 1324 481 1.
1355 498 1357 506 s

1316 525 1523 532 .—.-------
1536 527 1699 536 --ω--μ

242 625 458 707 adnuntiante
483 631 582 702 nobis
608 626 713 702 fidem
740 636 775 698 et
800 625 976 698 caritatem
1001 632 1170 708 vestran,
1205 630 1242 692 et
1273 619 1353 712 quia
1380 620 1582 694 memoriam
1606 625 1712 694 nostri

241 755 374 828 habetis
404 754 532 824 bonam
565 769 718 842 sempor,
753 745 992 818 desiderantes
1023 763 1090 814 nos
1123 741 1245 816 videro
1271 740 1358 814 siout
1381 761 1447 814 nos
1472 763 1611 836 quoque
1637 765 1711 828 ros,

239 871 350 946 7ideo
377 870 544 945 consolati
573 889 706 954 sumus,
740 867 878 950 iratres,
912 865 946 936 in
971 862 1071 935 vobis
1099 860 1254 934 inomni
1279 862 1487 934 necessitate
1510 873 1545 934 et
1570 863 1712 936 tribula-

239 997 334 1068 tione
358 1003 477 1066 nostra
504 1013 567 1085 per
590 999 741 1062 uestram
766 985 890 1072 fidem,
929 977 1123 1077 8quonium
1148 1003 1240 1054 nune
1263 981 1426 1066 vivimus,
1462 981 1492 1054 si
1524 1005 1591 1055 vos
1615 985 1712 1058 statis

239 1116 275 1186 in
308 1113 458 1186 domino.
510 1101 583 1160 Ψ)
598 1111 709 1195 Quam
740 1107 831 1180 enim
864 1107 1048 1200 gratianum
1082 1102 1256 1174 actionem
1288 1121 1474 1194 possumus
1507 1101 1576 1176 deo
1610 1105 1711 1176 retri-

238 1236 349 1305 buere
373 1252 437 1326 pro
464 1231 565 1303 vobis
592 1230 626 1300 in
652 1229 744 1301 omni
770 1226 897 1321 gaudio
924 1247 993 1320 quo
1021 1223 1216 1318 gaudemus
1241 1231 1384 1314 propter
1408 1241 1474 1292 vos
1502 1232 1581 1293 ante
1606 1223 1711 1295 deum

239 1363 414 1436 nostrum,
458 1342 484 1388 ⁴⁰
500 1359 603 1422 nocte
635 1359 671 1420 et
703 1348 760 1420 die
795 1345 1021 1420 abundantius
1047 1353 1198 1414 orantes
1232 1351 1268 1412 ut
1293 1341 1473 1413 videamus
1498 1343 1619 1414 faciem
1645 1366 1710 1415 ve-

241 1483 345 1546 stram
372 1483 408 1544 et
432 1471 666 1563 compleamus
692 1489 735 1540 ea
761 1489 852 1562 qnae
878 1467 1003 1539 desunt
1028 1463 1110 1534 fidei
1134 1464 1300 1558 vostrae?
1347 1454 1371 1497 ¹¹
1385 1463 1463 1555 lpse
1484 1471 1599 1533 summ
1624 1463 1709 1535 deus

240 1603 275 1666 st
300 1599 541 1688 paternoster
566 1599 602 1660 et
626 1589 785 1662 dominus
811 1589 905 1660 lesus
931 1587 1055 1678 dirigat
1085 1583 1176 1655 dam
1209 1591 1365 1654 nostram
1399 1581 1445 1652 ad
1476 1601 1559 1654 vos:
1601 1573 1628 1622 ⁴¹
1643 1604 1709 1656 vos

241 1723 355 1786 autem
388 1707 602 1804 ’multiplicet
635 1721 670 1781 et
696 1710 873 1782 abundare
898 1707 998 1778 faciat
1023 1704 1198 1776 caritatem
1224 1703 1259 1772 in
1284 1701 1431 1773 invicem
1458 1711 1492 1772 et
1516 1701 1550 1772 in
1577 1723 1707 1790 omnes,

241 1831 534 1926 quemadmodum
560 1841 595 1900 et
625 1849 691 1901 nos
717 1831 751 1899 in
782 1829 901 1913 robis,
945 1821 971 1866 ⁴³
987 1825 1034 1898 ad
1067 1822 1303 1896 confirmando
1336 1821 1444 1892 corda
1478 1834 1594 1896 restra
1636 1825 1709 1896 siue

242 1952 414 2046 quaerella
445 1951 478 2020 in
511 1950 687 2022 sanctitate
717 1959 795 2020 onte
825 1949 929 2020 deum
962 1957 998 2018 ct
1028 1953 1160 2040 patrem
1187 1951 1341 2014 nostrum
1368 1943 1403 2012 in
1429 1925 1615 2016 aduentum
1641 1943 1707 2016 do-

241 2073 321 2143 mini
346 2070 453 2141 nostri
478 2071 555 2142 lesu
581 2089 658 2140 oum
686 2069 843 2140 munibus
870 2067 995 2140 sanctis
1021 2066 1103 2136 eius.
1156 2063 1275 2134 Amen.

952 2343 1000 2412 lv.

291 2543 365 2602 Μ’)
384 2554 435 2622 De
462 2560 579 2622 cetero
605 2571 707 2643 ergo,
739 2551 877 2632 iratres,
912 2565 1075 2639 rogamus
1102 2567 1166 2618 vos
1192 2555 1227 2616 et
1253 2546 1477 2618 obsecramus
1503 2547 1536 2616 in
1569 2544 1708 2618 domino

240 2677 331 2760 lesu,
364 2681 402 2744 ut
432 2670 725 2764 quemadmodum
756 2668 935 2763 accepistis
963 2689 984 2740 a
1010 2666 1108 2737 uobis
1139 2665 1317 2760 quomodo
1348 2687 1414 2738 vos
1446 2677 1606 2761 oporteat
1631 2689 1707 2738 arn·-

239 2795 360 2866 bularc
386 2803 422 2864 et
446 2792 585 2885 placere
611 2790 689 2876 deo,
716 2791 802 2861 sicut
828 2800 864 2860 et
889 2789 1078 2872 ambulatis,
1105 2797 1143 2858 ut
1168 2795 1203 2858 et
1228 2787 1418 2859 abundetis
1437 2788 1555 2881 magis.
1602 2781 1708 2858 'Soi-
1830 2885 1835 2892 .

241 2917 283 2984 tis
309 2915 400 2986 enim
427 2928 517 3004 quae
542 2919 729 3003 praecepta
755 2909 954 2981 dederimus
973 2909 1072 2981 vobis
1090 2927 1154 3000 per
1172 2907 1485 2980 dominumtuum.
1528 2899 1602 2954 ³⁰⁴>
1615 2909 1709 2978 Haec

242 3045 296 3104 ost
320 3037 412 3105 enirn
437 3031 595 3101 voluntas
621 3029 693 3114 dei,
728 3029 949 3101 sanctificatio
974 3039 1105 3110 vestra,
1137 3037 1174 3098 ut
1200 3029 1397 3098 abstineatis
1422 3049 1487 3098 vos
1514 3047 1534 3098 a
1560 3029 1707 3098 tomica-
1759 3009 1762 3018 ¹

242 3153 352 3237 tione,
395 3139 464 3219 ‘ut
495 3149 580 3218 sciat
611 3148 842 3240 unusquisqne
873 3159 1025 3220 vestrum
1058 3169 1157 3216 suum
1183 3169 1246 3220 vas
1271 3147 1454 3241 possidere
1479 3147 1513 3216 in
1543 3136 1700 3218 'sanctifi-

243 3272 376 3342 catione
403 3269 602 3352 ethonore,
642 3260 737 3338 ⁵non
754 3267 787 3336 in
805 3267 967 3360 passione
994 3265 1163 3350 desiderii,
1191 3267 1277 3338 sicut
1294 3277 1328 3337 et
1354 3275 1474 3360 gentes
1492 3285 1581 3359 quae
1606 3267 1707 3357 igno·
1745 3275 1747 3282 ’

242 3397 318 3460 rant
350 3391 471 3472 deum,
513 3379 580 3457 ⁶ut
611 3409 655 3457 ne
688 3387 763 3478 quis
796 3386 1073 3479 supergrediatur
1104 3405 1217 3480 neque
1243 3386 1483 3457 circumveniat
1506 3387 1541 3456 in
1566 3385 1707 3476 negotio
1733 3386 1737 3394 '

242 3513 382 3581 fratrom
407 3528 516 3592 sunni,
543 3507 702 3599 quoniam
727 3503 856 3578 vindex
882 3516 936 3577 est
961 3505 1120 3578 dominus
1146 3506 1192 3577 de
1217 3506 1270 3576 his
1297 3507 1464 3591 omnibus,
1493 3508 1579 3578 sicut
1604 3527 1707 3598 prae-

243 3631 391 3702 diximus
416 3627 517 3700 vobis
543 3636 578 3698 et
603 3625 769 3698 testificati
796 3647 922 3696 snmus.
982 3618 1087 3696 7Νοιι
1114 3627 1203 3697 enim
1229 3627 1366 3699 vocavit
1390 3647 1456 3698 nos
1482 3627 1570 3698 detis
1595 3625 1630 3694 in
1655 3625 1707 3695 in-

243 3751 406 3824 munditia
433 3747 498 3818 sed
525 3747 559 3816 in
585 3745 857 3819 sanctificatione.
909 3738 1054 3839 ⁸ltaqne
1080 3747 1137 3840 spii
1163 3745 1249 3818 haee
1276 3749 1412 3842 spernit,
1439 3770 1509 3819 non
1534 3745 1707 3818 hominem

244 3873 373 3967 spernit
406 3867 470 3941 scd
503 3867 624 3952 deum,
660 3868 718 3960 qui
753 3867 854 3938 etiam
888 3867 984 3938 dedit
1017 3867 1171 3960 spiritum
1206 3889 1304 3938 suum
1338 3878 1493 3938 sanctum
1528 3869 1561 3937 in
1594 3863 1705 3936 vobis.

241 3983 380 4062 905)Ι)θ
407 3989 546 4061 caritate
572 3999 687 4061 autem
713 3987 929 4061 iratemilatis
954 4009 1022 4059 non
1044 4007 1190 4058 necesse
1214 3987 1394 4059 babuimus
1416 3989 1569 4059 scribere
1594 3987 1706 4058 vobis:

243 4113 307 4206 ipsi
334 4111 424 4184 enim
451 4131 515 4180 vos
543 4129 562 4179 a
590 4107 657 4180 deo
684 4105 850 4180 didicistis
876 4118 912 4182 ut
938 4109 1084 4200 diligatis
1111 4109 1274 4180 invicem:
1314 4099 1476 4179 ⁴⁰etenim
1501 4105 1610 4179 lacitis
1627 4105 1708 4178 illud

243 4233 276 4301 in
302 4251 424 4303 omnes
448 4231 570 4300 fratres
596 4229 630 4298 in
656 4229 816 4302 universa
840 4229 1073 4301 lllaolredonia.
1126 4220 1176 4277 (¹⁶)
1191 4229 1366 4321 llcgamus
1393 4239 1506 4299 amam
1531 4249 1611 4312 vos,
1638 4230 1707 4298 lra-

243 4363 330 4436 treS,
363 4360 400 4420 ut
430 4348 613 4420 abundetis
645 4349 757 4440 magis
800 4341 823 4384 ¹⁴
842 4359 877 4419 et
909 4369 1052 4443 operam
1086 4349 1173 4420 detis
1204 4360 1242 4421 ut
1267 4349 1371 4442 quieti
1398 4349 1468 4420 sitis
1495 4359 1530 4420 et
1554 4357 1707 4419 vestrum

243 4471 417 4562 negotium
452 4468 561 4560 agatis
592 4477 628 4537 et
653 4468 842 4561 operemini
866 4470 1021 4541 manibus
1048 4471 1187 4554 vestris,
1222 4471 1309 4541 siout
1334 4469 1573 4563 praecepimus
1598 4467 1707 4550 vobis,

243 4583 269 4628 ¹²
285 4599 321 4660 et
345 4599 381 4660 ut
407 4589 551 4658 honeste
577 4587 756 4660 ambuletis
782 4587 828 4659 ad
854 4607 916 4660 eos
943 4591 1000 4683 qni
1025 4593 1107 4662 loris
1135 4601 1226 4674 sunt,
1253 4599 1289 4660 et
1314 4589 1433 4661 nullius
1460 4589 1587 4681 aliquid
1613 4585 1707 4658 dosi-

245 4709 371 4781 deritis.
423 4697 507 4752 ΜΠ)
524 4706 688 4778 Nolumus
714 4715 828 4778 autem
854 4701 919 4778 uos
946 4709 1121 4800 ignorare,
1148 4712 1284 4795 fratres,
1313 4709 1358 4782 de
1384 4707 1644 4792 dormientibus,
1670 4715 1708 4778 nt

244 4851 314 4901 non
339 4827 581 4900 contristemini
607 4828 692 4898 sicut
717 4837 752 4898 et
778 4829 882 4898 ceteri
908 4829 964 4920 qui
990 4849 1088 4922 spem
1114 4851 1183 4900 uon
1209 4830 1344 4901 habent.
1396 4818 1423 4866 ⁴⁴
1440 4829 1475 4900 Si
1509 4828 1599 4899 enirn
1629 4847 1706 4898 cre-

245 4950 356 5021 dimus
382 4947 476 5040 quod
501 4948 595 5018 lesus
621 4957 775 5019 mortuus
802 4957 856 5018 est
882 4957 916 5018 et
941 4949 1143 5034 resurrexit,
1180 4949 1223 5021 ita
1259 4930 1306 5020 et¹
1323 4937 1411 5022 deus
1444 4969 1507 5019 eos
1539 4947 1596 5040 qui
1622 4947 1705 5018 dor·

245 5071 391 5141 mierunt
415 5089 478 5161 per
503 5067 613 5138 lesum
640 5068 791 5140 adducet
815 5089 893 5139 cum
920 5089 973 5140 eo.
1016 5059 1129 5140 5⁵an
1154 5070 1244 5140 enim
1268 5069 1369 5142 vobis
1388 5068 1531 5140 dicimus
1548 5068 1581 5138 in
1597 5067 1706 5139 verbo

246 5188 389 5272 domini,
424 5188 503 5280 quia
535 5209 600 5259 nos
632 5189 689 5282 qui
721 5189 879 5274 vivimuS,
916 5189 973 5282 qui
1005 5189 1131 5260 residui
1157 5211 1273 5262 sumus
1298 5191 1332 5259 in
1359 5189 1543 5261 adventum
1570 5187 1706 5274 domini,

817 5304 916 5403 llll
946 5351 990 5361 -
1018 5311 1068 5395 lV,
1097 5313 1153 5382 lb.

1356 5431 1402 5508 42
