4254 6130
658 441 901 506 EvtNGuntuu
930 433 1134 506 SECUNDUM
1162 435 1359 500 ΙΟΗΑΝΝΕΜ
1687 435 1758 504 165

1533 539 1759 552 ---.......,,

1694 577 1698 586 ι

262 655 480 724 vocaverunt
506 653 672 739 parentes
699 645 774 716 cius
801 643 859 736 qui
885 644 1040 729 viderat,
1081 637 1156 714 19ει
1182 641 1483 731 interrogaverunt
1510 657 1575 709 cos
1602 635 1760 710 dicentes

262 770 325 840 Hic
351 777 408 840 εει
433 765 524 837 filius
550 771 678 848 vester,
706 769 810 857 quern
837 782 904 834 vos
931 762 1042 835 dicitis
1069 763 1150 856 quia
1179 779 1306 830 caccus
1331 765 1433 828 natus
1465 759 1545 828 ost?
1580 757 1760 850 quomodo

264 909 351 982 orgo
377 907 473 958 nunc
494 883 613 955 videt?
667 875 979 976 ”Responderunt
1005 882 1057 954 eis
1082 887 1247 975 parentes
1274 877 1348 948 cius
1375 885 1410 947 ct
1432 875 1600 948 'dixerunt
1626 877 1761 948 Scimus

266 1009 345 1103 qnia
370 1006 428 1077 hic
455 1013 510 1076 ost
536 1001 625 1072 iilius
651 1010 769 1073 nostor
800 1009 836 1070 ct
861 1001 940 1092 quia
968 1023 1096 1074 caecus
1121 1007 1225 1070 notus
1252 1005 1321 1068 est:
1370 988 1393 1032 ²⁴
1414 988 1616 1088 'quomodo
1644 1007 1761 1068 cutem

186 1109 190 1122 ’
265 1148 355 1197 nnnc
379 1123 500 1196 vident
525 1120 708 1205 noscimus,
737 1129 796 1190 out
821 1119 899 1212 quis
926 1120 1000 1192 cius
1027 1118 1163 1213 aporuit
1190 1116 1310 1187 oculos
1337 1135 1402 1184 nos
1428 1115 1618 1186 nescimus:
1647 1117 1761 1210 ipsum

267 1247 498 1336 interrogato,
532 1249 681 1312 octotcm
717 1239 839 1322 habet,
873 1238 949 1332 ipsc
982 1239 1029 1312 dc
1055 1259 1095 1310 se
1122 1238 1291 1328 loquatur.
1343 1225 1369 1272 ¹²
1386 1235 1481 1306 Haec
1508 1235 1669 1307 dixerunt
1696 1259 1761 1330 pa-

247 1373 387 1438 'rentcs
423 1362 498 1434 cius
531 1359 611 1452 quic
646 1357 817 1428 timebant
847 1356 1014 1430 ludaeos:
1049 1358 1117 1427 iam
1153 1354 1244 1426 enim
1273 1353 1556 1447 conspiraverant
1582 1355 1699 1428 Iudaei
1726 1367 1763 1427 nt

270 1485 298 1555 si
325 1483 401 1576 quis
428 1501 508 1551 cum
535 1475 758 1549 confiteretur
784 1476 963 1562 Christum,
992 1487 1094 1548 extra
1122 1493 1338 1568 synogogam
1366 1471 1475 1544 fieret.
1527 1467 1554 1512 ²³
1570 1475 1762 1570 Propterea

269 1610 434 1698 parentes
460 1597 535 1668 cius
562 1594 724 1666 dixerunt
749 1595 830 1688 quia
858 1603 1006 1668 aetatem
1034 1595 1156 1678 habet,
1185 1594 1298 1685 ipsum
1331 1592 1550 1686 interrogato.
1605 1584 1632 1632 ²⁴
1648 1595 1762 1668 Voco-

268 1729 393 1793 vcrunt
419 1737 507 1809 crgo
533 1711 873 1786 rursum'hominem
900 1716 958 1808 qui
984 1716 1097 1786 fuerat
1123 1733 1268 1796 ccccm,
1296 1721 1331 1782 et
1357 1710 1520 1784 dixerunt
1546 1713 1579 1784 ci
1604 1715 1657 1785 Da
1684 1716 1762 1808 glo-

271 1842 356 1912 riam
383 1838 466 1910 deo:
494 1857 559 1907 nos
587 1832 822 1925 scimus-quio
849 1831 904 1904 hic
929 1833 1037 1906 homo
1065 1841 1232 1924 peccator
1258 1841 1319 1902 cst..
1372 1823 1399 1868 ’ὅ
1415 1832 1508 1903 Dixit
1535 1853 1621 1926 ergo
1648 1834 1702 1906 ille
1727 1836 1762 1906 Si

271 1967 436 2054 peccator
471 1963 525 2026 cst
556 1952 694 2024 nescio:
732 1975 836 2024 unum
872 1952 963 2036 scio,
1000 1952 1081 2046 quio
1109 1970 1236 2022 caecus
1263 1972 1339 2020 oum
1367 1972 1482 2024 csscru
1505 1952 1619 2024 modo
1645 1954 1761 2026 video.

143 2147 145 2154 ,
270 2069 297 2116 ¹⁸
313 2077 481 2147 Dixcrunt
508 2093 595 2164 ergo
621 2072 664 2142 iili
693 2071 784 2156 Quid
810 2071 890 2142 fecit
908 2071 994 2142 tibi?
1023 2067 1204 2163 quomodo
1232 2071 1366 2163 operuit
1383 2071 1442 2142 tihi
1462 2071 1607 2142 oculos?
1653 2065 1762 2146 ”Re-

272 2196 411 2290 spondit
436 2194 488 2266 eis
514 2191 595 2262 Dixi
620 2191 723 2262 vobis
749 2191 818 2264 ianr
846 2199 882 2261 ct
908 2189 1069 2264 audistis:
1097 2187 1182 2281 quid
1208 2187 1330 2260 iterum
1356 2190 1458 2260 vultis
1485 2189 1634 2262 cudirc‘?
1661 2215 1761 2263 num-

273 2315 355 2408 quid
380 2325 415 2386 ει
439 2333 506 2385 vos
538 2311 642 2382 vultis
677 2285 843 2402 discipuli
871 2309 945 2378 cius
972 2307 1073 2378 ficri?
1126 2300 1415 2380 ”maledixerunt
1449 2301 1500 2380 'ci
1532 2320 1567 2381 ct
1600 2310 1762 2382 dixerunt

270 2431 323 2502 Tu
349 2429 535 2522 discipulus
563 2429 652 2500 illins
679 2450 728 2512 cs,
755 2447 821 2498 nos
849 2436 965 2498 nutem
998 2427 1087 2498 Mosi
1118 2426 1274 2520 discipuli
1308 2449 1435 2501 sumus.
1488 2421 1516 2468 ²⁹
1532 2429 1606 2501 Nos
1633 2431 1761 2502 scimus

175 2573 179 2580 ·
274 2548 550 2642 qnonianosi
578 2546 926 2631 locutuscstdous,
954 2545 1188 2618 truncantem
1219 2547 1394 2618 noscimus
1426 2547 1597 2620 undosit.
1649 2541 1676 2586 ³⁰
1693 2549 1762 2620 Dc-

274 2667 411 2761 spondit
435 2667 491 2740 iilo
520 2668 628 2738 homo
656 2676 692 2738 ct
718 2665 804 2738 dixit
830 2665 882 2736 cis
908 2665 945 2736 ln
971 2663 1038 2736 hoc
1064 2665 1156 2736 onim
1182 2667 1337 2738 mirabile
1363 2677 1425 2752 εει
1454 2667 1534 2759 quin
1560 2665 1760 2740 vos'ncsci-

273 2788 316 2858 tis
341 2787 434 2860 undo
462 2787 521 2870 sit,
559 2795 595 2856 ct
621 2785 755 2877 aporuit
787 2805 887 2856 moos
915 2784 1052 2856 oculos:
1104 2778 1128 2822 ³⁸
1145 2787 1274 2857 scimus
1308 2795 1422 2858 autom
1450 2785 1531 2879 quia
1557 2795 1763 2880 peccatores

274 2905 363 2978 dous
388 2928 457 2978 non
485 2903 591 2988 audit,
619 2903 685 2976 scd
713 2904 741 2974 si
769 2904 845 2996 quis
872 2903 931 2976 dci
958 2902 1068 2974 cultor
1094 2915 1149 2976 cst
1175 2916 1212 2976 et
1236 2906 1448 2978 voluntatem
1466 2905 1541 2976 cius
1558 2907 1646 2990 iacit,
1674 2905 1764 2976 hunc

276 3025 424 3098 cxundit.
477 3015 553 3094 ³2A
581 3023 721 3094 sacculo
748 3042 817 3092 non
851 3030 905 3092 est
932 3021 1083 3096 nuditum
1120 3024 1200 3117 quio
1236 3024 1370 3116 aperuit
1404 3024 1480 3115 quis
1514 3026 1635 3097 oculos
1667 3025 1764 3096 cocci
1858 3059 1867 3078 ·

275 3143 359 3214 noti:
403 3135 430 3181 Β
446 3142 511 3214 nisi
539 3149 635 3213 essct
659 3141 715 3212 hic
742 3163 763 3212 a
789 3140 870 3224 dcc,
897 3162 968 3211 non
1002 3150 1140 3234 poterat
1173 3145 1289 3214 facero
1322 3143 1515 3234 quicquam.
1565 3131 1763 3236 “Respon-

177 3273 180 3280 ’
277 3261 402 3332 derunt
433 3271 468 3332 ct
499 3259 663 3332 dixerunt
695 3260 728 3330 ci
759 3260 795 3329 ln
830 3258 985 3352 peccatis
1018 3271 1120 3331 natus
1147 3280 1187 3331 cs
1214 3271 1315 3346 totus,
1343 3271 1378 3331 et
1404 3269 1440 3331 tu
1467 3260 1576 3333 docos
1603 3263 1695 3332 nos?
1721 3261 1764 3330 Et

278 3379 455 3450 eiecerunt
481 3400 561 3450 cum
589 3379 691 3450 foras.
743 3370 770 3415 ³⁵
787 3373 934 3449 Audivit·
950 3377 1046 3448 lesus
1073 3379 1152 3470 quio
1180 3380 1357 3451 eiecerunt
1383 3400 1464 3449 curn
1491 3379 1594 3464 foros,
1623 3389 1658 3450 ot
1685 3400 1763 3450 cum

278 3497 467 3568 invenisset
493 3519 589 3582 cum,
626 3495 713 3568 dixit
746 3497 777 3568 ci
814 3497 865 3566 Tu
898 3493 1012 3567 crcdis
1047 3496 1079 3566 in
1113 3497 1218 3568 filium
1254 3497 1335 3569 dci?
1386 3488 1620 3590 ³⁸Respondit
1645 3497 1701 3568 illc
1729 3507 1764 3568 ct

278 3617 366 3688 dixit
392 3616 476 3700 Quis
504 3623 566 3700 εει,
594 3614 751 3699 dominc,
786 3625 823 3686 ut
850 3613 993 3687 crcdorn
1027 3616 1061 3685 in
1088 3619 1194 3686 cum‘?
1238 3609 1264 3652 ³⁷
1281 3615 1324 3686 Et
1349 3613 1437 3687 dixit
1462 3615 1494 3686 ei
1520 3617 1617 3688 iosus
1643 3617 1685 3686 Et
1711 3615 1763 3686 vi-

278 3733 358 3808 disti
386 3756 475 3818 cum,
503 3744 539 3804 ct
566 3733 622 3826 qui
650 3733 798 3826 loquitur
825 3743 938 3804 tecum
966 3734 1041 3827 ipsc
1076 3743 1138 3804 cst.
1191 3725 1273 3804 38Αι
1298 3734 1354 3804 ille
1381 3735 1427 3806 nit
1453 3733 1584 3820 Crodo,
1612 3734 1762 3820 dominc,

230 3851 247 3872 ⁸
278 3864 313 3925 ot
338 3852 525 3947 procidens
560 3852 719 3924 odoravit
753 3873 842 3924 curn.
893 3845 1027 3924 ³⁹Dixit
1057 3854 1087 3924 ei
1122 3853 1217 3924 lesus
1251 3855 1287 3924 ln
1321 3853 1482 3926 iodicium
1518 3875 1587 3946 ego
1613 3854 1647 3923 in
1675 3853 1764 3924 hunc

278 3973 442 4046 mundum
469 3971 558 4056 voni,
585 3971 707 4062 utqui
732 3992 801 4042 non
828 3971 947 4044 vident
972 3971 1121 4056 videant,
1150 3981 1185 4042 ει
1212 3973 1267 4065 qni
1295 3971 1415 4044 vident
1440 3973 1534 4044 cocci
1562 3971 1651 4044 fiant.
1685 3965 1765 4044 ”Et
1814 3974 1817 3983 “

279 4091 461 4163 audierunt
486 4099 533 4162 cx
560 4090 756 4162 Pharisncis
783 4091 841 4182 qui
867 4113 946 4163 oum
974 4091 1052 4185 ipso
1080 4099 1188 4175 orant,
1216 4101 1251 4161 ct
1277 4091 1438 4163 dixerunt
1472 4091 1503 4162 ci
1530 4091 1703 4185 Numquid
1731 4101 1765 4164 et

279 4231 344 4280 nos
371 4210 466 4280 cocci
493 4211 640 4280 sumus?
692 4197 715 4244 ‘⁴
735 4209 828 4282 Dixit
853 4211 905 4282 eis
931 4212 1027 4282 lesus
1053 4210 1088 4280 Si
1115 4210 1210 4280 cocci
1236 4211 1368 4294 essetis
1396 4231 1466 4281 nou
1484 4209 1660 4282 haberetis
1679 4231 1763 4302 pcc-

251 4337 409 4433 ·cotunr:
436 4349 526 4400 nunc
551 4349 638 4400 voro
666 4327 776 4398 dicitis
803 4329 882 4420 qnia
908 4329 1079 4414 videmus,
1106 4337 1287 4421 peccaturo
1314 4337 1465 4400 vestrum
1493 4337 1617 4400 monet..

1005 4605 1095 4674 X..

356 4801 497 4878 *Amen
524 4829 628 4880 amon
655 4807 734 4880 dico
761 4807 871 4894 vobis,
900 4810 958 4902 qui
994 4831 1062 4880 uon
1090 4809 1190 4878 intrat
1225 4829 1288 4901 per
1315 4809 1439 4879 ostium
1474 4807 1506 4876 in
1534 4807 1623 4878 oviis
1650 4808 1765 4878 ovium

280 4923 344 4994 sed
371 4926 529 5000 ascendit
555 4926 700 5011 aliunde,
728 4927 783 4998 iilo
810 4929 862 4998 sur
889 4937 942 4999 cst
969 4933 1004 4999 ct
1030 4929 1141 4998 latro:
1168 4917 1253 5019 'qui
1271 4935 1386 4998 autom
1412 4927 1515 4996 intrat
1540 4947 1604 5018 pcr
1630 4928 1765 5008 ostium,

278 5051 399 5134 postor
425 5054 480 5116 ost
506 5047 632 5117 ovium.
685 5039 800 5118 3Ηιιίε
827 5047 987 5118 ostiarius
1006 5047 1138 5140 operit,
1173 5055 1208 5116 ει
1234 5067 1321 5117 oves
1349 5067 1471 5117 vocem
1507 5045 1582 5115 cius
1617 5033 1793 5130 andiunt,¹

280 5170 316 5229 ot
350 5165 510 5256 proprias
550 5187 638 5236 oves
672 5176 776 5238 vocat
809 5165 1009 5237 nominatim
1042 5173 1076 5235 ot
1117 5163 1232 5236 educit
1264 5187 1333 5236 cas.
1388 5152 1457 5234 ‘Et
1494 5185 1571 5234 curn
1605 5165 1767 5259 proprios

856 5285 908 5370 rx,
938 5287 983 5354 to
1012 5292 1064 5336 -’
1089 5283 1136 5366 x*
1159 5281 1189 5352 ι.
