<?xml version="1.0" encoding="UTF-8"?>
<!DOCTYPE html PUBLIC "-//W3C//DTD XHTML 1.0 Transitional//EN"
    "http://www.w3.org/TR/xhtml1/DTD/xhtml1-transitional.dtd">
<html xmlns="http://www.w3.org/1999/xhtml" xml:lang="en" lang="en">
 <head>
  <title>
</title>
<meta http-equiv="Content-Type" content="text/html;charset=utf-8" />
  <meta name='ocr-system' content='tesseract 3.04.00' />
  <meta name='ocr-capabilities' content='ocr_page ocr_carea ocr_par ocr_line ocrx_word'/>
</head>
<body>
  <div class='ocr_page' id='page_1' title='image "./novumtestamentu02tiscgoog_0175.png"; bbox 0 0 4242 6118; ppageno 0'>
   <div class='ocr_carea' id='block_1_1' title="bbox 282 339 1403 456">
    <p class='ocr_par' dir='ltr' id='par_1_1' title="bbox 282 339 1403 456">
     <span class='ocr_line' id='line_1_1' title="bbox 282 339 1403 456; baseline -0.004 -4"><span class='ocrx_word' id='word_1_1' title='bbox 282 339 284 348; x_wconf 52' lang='grc'><strong><em>’</em></strong></span> <span class='ocrx_word' id='word_1_2' title='bbox 350 381 421 456; x_wconf 78' lang='lat' dir='ltr'><strong>tat</strong></span> <span class='ocrx_word' id='word_1_3' title='bbox 778 383 1020 449; x_wconf 83' lang='lat' dir='ltr'><strong>nvnncnnuu</strong></span> <span class='ocrx_word' id='word_1_4' title='bbox 1048 383 1250 448; x_wconf 84' lang='lat' dir='ltr'><strong>sacunnun</strong></span> <span class='ocrx_word' id='word_1_5' title='bbox 1276 379 1403 448; x_wconf 79' lang='lat' dir='ltr'><strong>unctu</strong></span> 
     </span>
    </p>
   </div>
   <div class='ocr_carea' id='block_1_2' title="bbox 319 571 1858 5297">
    <p class='ocr_par' dir='ltr' id='par_1_2' title="bbox 319 571 1858 5297">
     <span class='ocr_line' id='line_1_2' title="bbox 345 571 1839 679; baseline -0.001 -19"><span class='ocrx_word' id='word_1_6' title='bbox 345 579 471 660; x_wconf 66' lang='lat' dir='ltr'><strong>qDixit</strong></span> <span class='ocrx_word' id='word_1_7' title='bbox 506 595 621 657; x_wconf 90' lang='lat' dir='ltr'><strong>antem</strong></span> <span class='ocrx_word' id='word_1_8' title='bbox 656 586 701 659; x_wconf 91' lang='lat' dir='ltr'><strong>ad</strong></span> <span class='ocrx_word' id='word_1_9' title='bbox 734 587 902 658; x_wconf 89' lang='lat' dir='ltr'><strong>cultorem</strong></span> <span class='ocrx_word' id='word_1_10' title='bbox 934 586 1058 659; x_wconf 83' lang='lat' dir='ltr'><strong>vineae</strong></span> <span class='ocrx_word' id='word_1_11' title='bbox 1093 587 1184 658; x_wconf 84' lang='lat' dir='ltr'><strong>Ecce</strong></span> <span class='ocrx_word' id='word_1_12' title='bbox 1205 571 1296 658; x_wconf 83' lang='lat' dir='ltr'><strong>anni</strong></span> <span class='ocrx_word' id='word_1_13' title='bbox 1331 595 1402 658; x_wconf 90' lang='lat' dir='ltr'><strong>tres</strong></span> <span class='ocrx_word' id='word_1_14' title='bbox 1437 595 1517 656; x_wconf 86' lang='lat' dir='ltr'><strong>sunt</strong></span> <span class='ocrx_word' id='word_1_15' title='bbox 1549 607 1593 656; x_wconf 88' lang='lat' dir='ltr'><strong>ex</strong></span> <span class='ocrx_word' id='word_1_16' title='bbox 1630 607 1701 679; x_wconf 88' lang='lat' dir='ltr'><strong>quo</strong></span> <span class='ocrx_word' id='word_1_17' title='bbox 1735 587 1839 659; x_wconf 85' lang='lat' dir='ltr'><strong>uenio</strong></span> 
     </span>
     <span class='ocr_line' id='line_1_3' title="bbox 349 695 1842 801; baseline -0.003 -21"><span class='ocrx_word' id='word_1_18' title='bbox 349 699 523 801; x_wconf 87' lang='lat' dir='ltr'><strong>quaerens</strong></span> <span class='ocrx_word' id='word_1_19' title='bbox 551 707 697 776; x_wconf 90' lang='lat' dir='ltr'><strong>lructum</strong></span> <span class='ocrx_word' id='word_1_20' title='bbox 723 704 757 774; x_wconf 91' lang='lat' dir='ltr'><strong>in</strong></span> <span class='ocrx_word' id='word_1_21' title='bbox 782 695 929 777; x_wconf 85' lang='lat' dir='ltr'><strong>ficulnea</strong></span> <span class='ocrx_word' id='word_1_22' title='bbox 956 705 1024 777; x_wconf 91' lang='lat' dir='ltr'><strong>bac</strong></span> <span class='ocrx_word' id='word_1_23' title='bbox 1049 715 1085 776; x_wconf 92' lang='lat' dir='ltr'><strong>et</strong></span> <span class='ocrx_word' id='word_1_24' title='bbox 1110 727 1180 777; x_wconf 95' lang='lat' dir='ltr'><strong>non</strong></span> <span class='ocrx_word' id='word_1_25' title='bbox 1207 703 1361 776; x_wconf 90' lang='lat' dir='ltr'><strong>invenio:</strong></span> <span class='ocrx_word' id='word_1_26' title='bbox 1389 704 1531 777; x_wconf 86' lang='lat' dir='ltr'><strong>succide</strong></span> <span class='ocrx_word' id='word_1_27' title='bbox 1558 726 1645 799; x_wconf 81' lang='lat' dir='ltr'><strong>ergo</strong></span> <span class='ocrx_word' id='word_1_28' title='bbox 1671 705 1776 778; x_wconf 87' lang='lat' dir='ltr'><strong>illam:</strong></span> <span class='ocrx_word' id='word_1_29' title='bbox 1806 715 1842 778; x_wconf 90' lang='lat' dir='ltr'><strong>ut</strong></span> 
     </span>
     <span class='ocr_line' id='line_1_4' title="bbox 350 815 1841 926; baseline -0.001 -28"><span class='ocrx_word' id='word_1_30' title='bbox 350 827 435 926; x_wconf 85' lang='lat' dir='ltr'><strong>quid</strong></span> <span class='ocrx_word' id='word_1_31' title='bbox 461 826 564 897; x_wconf 89' lang='lat' dir='ltr'><strong>etiam</strong></span> <span class='ocrx_word' id='word_1_32' title='bbox 585 817 726 894; x_wconf 85' lang='lat' dir='ltr'><strong>¹terram</strong></span> <span class='ocrx_word' id='word_1_33' title='bbox 762 815 934 918; x_wconf 78' lang='lat' dir='ltr'><strong>occupati</strong></span> <span class='ocrx_word' id='word_1_34' title='bbox 978 817 1053 896; x_wconf 76' lang='grc' dir='ltr'><strong>8Αῐ</strong></span> <span class='ocrx_word' id='word_1_35' title='bbox 1079 825 1134 896; x_wconf 91' lang='lat' dir='ltr'><strong>ille</strong></span> <span class='ocrx_word' id='word_1_36' title='bbox 1170 824 1389 917; x_wconf 88' lang='lat' dir='ltr'><strong>respondens</strong></span> <span class='ocrx_word' id='word_1_37' title='bbox 1416 825 1504 896; x_wconf 80' lang='lat' dir='ltr'><strong>dixit</strong></span> <span class='ocrx_word' id='word_1_38' title='bbox 1530 823 1574 894; x_wconf 93' lang='lat' dir='ltr'><strong>illi</strong></span> <span class='ocrx_word' id='word_1_39' title='bbox 1599 824 1758 912; x_wconf 85' lang='lat' dir='ltr'><strong>Domine,</strong></span> <span class='ocrx_word' id='word_1_40' title='bbox 1786 824 1841 896; x_wconf 88' lang='lat' dir='ltr'><strong>dl-</strong></span> 
     </span>
     <span class='ocr_line' id='line_1_5' title="bbox 319 932 1840 1040; baseline -0.002 -23"><span class='ocrx_word' id='word_1_41' title='bbox 319 947 448 1018; x_wconf 84' lang='lat' dir='ltr'><strong>·mittc</strong></span> <span class='ocrx_word' id='word_1_42' title='bbox 474 944 564 1014; x_wconf 89' lang='lat' dir='ltr'><strong>illam</strong></span> <span class='ocrx_word' id='word_1_43' title='bbox 600 951 635 1012; x_wconf 90' lang='lat' dir='ltr'><strong>et</strong></span> <span class='ocrx_word' id='word_1_44' title='bbox 660 943 728 1014; x_wconf 91' lang='lat' dir='ltr'><strong>hoc</strong></span> <span class='ocrx_word' id='word_1_45' title='bbox 755 963 855 1028; x_wconf 88' lang='lat' dir='ltr'><strong>anno,</strong></span> <span class='ocrx_word' id='word_1_46' title='bbox 883 964 995 1035; x_wconf 88' lang='lat' dir='ltr'><strong>usque</strong></span> <span class='ocrx_word' id='word_1_47' title='bbox 1022 932 1104 1016; x_wconf 88' lang='lat' dir='ltr'><strong>dum</strong></span> <span class='ocrx_word' id='word_1_48' title='bbox 1131 942 1263 1040; x_wconf 81' lang='lat' dir='ltr'><strong>lodiam</strong></span> <span class='ocrx_word' id='word_1_49' title='bbox 1291 945 1384 1015; x_wconf 89' lang='lat' dir='ltr'><strong>circa</strong></span> <span class='ocrx_word' id='word_1_50' title='bbox 1410 945 1500 1016; x_wconf 89' lang='lat' dir='ltr'><strong>illam</strong></span> <span class='ocrx_word' id='word_1_51' title='bbox 1528 953 1564 1014; x_wconf 91' lang='lat' dir='ltr'><strong>et</strong></span> <span class='ocrx_word' id='word_1_52' title='bbox 1590 943 1723 1015; x_wconf 90' lang='lat' dir='ltr'><strong>mittam</strong></span> <span class='ocrx_word' id='word_1_53' title='bbox 1750 953 1840 1016; x_wconf 87' lang='lat' dir='ltr'><strong>ster-</strong></span> 
     </span>
     <span class='ocr_line' id='line_1_6' title="bbox 352 1053 1840 1153; baseline -0.004 -15"><span class='ocrx_word' id='word_1_54' title='bbox 352 1057 465 1138; x_wconf 73' lang='lat' dir='ltr'><strong>coraz&#39;</strong></span> <span class='ocrx_word' id='word_1_55' title='bbox 495 1055 562 1133; x_wconf 59' lang='lat' dir='ltr'><strong>⁹&#39;et</strong></span> <span class='ocrx_word' id='word_1_56' title='bbox 588 1062 616 1132; x_wconf 91' lang='lat' dir='ltr'><strong>si</strong></span> <span class='ocrx_word' id='word_1_57' title='bbox 634 1061 775 1153; x_wconf 85' lang='lat' dir='ltr'><strong>quidem</strong></span> <span class='ocrx_word' id='word_1_58' title='bbox 802 1053 923 1134; x_wconf 83' lang='lat' dir='ltr'><strong>lecerit</strong></span> <span class='ocrx_word' id='word_1_59' title='bbox 941 1063 1101 1134; x_wconf 88' lang='lat' dir='ltr'><strong>lructum:</strong></span> <span class='ocrx_word' id='word_1_60' title='bbox 1130 1062 1182 1134; x_wconf 90' lang='lat' dir='ltr'><strong>sin</strong></span> <span class='ocrx_word' id='word_1_61' title='bbox 1201 1071 1325 1148; x_wconf 88' lang='lat' dir='ltr'><strong>autem,</strong></span> <span class='ocrx_word' id='word_1_62' title='bbox 1353 1063 1553 1134; x_wconf 88' lang='lat' dir='ltr'><strong>inlaturum</strong></span> <span class='ocrx_word' id='word_1_63' title='bbox 1572 1061 1734 1135; x_wconf 80' lang='lat' dir='ltr'><strong>succides</strong></span> <span class='ocrx_word' id='word_1_64' title='bbox 1752 1083 1840 1135; x_wconf 89' lang='lat' dir='ltr'><strong>eam.</strong></span> 
     </span>
     <span class='ocr_line' id='line_1_7' title="bbox 349 1173 1842 1275; baseline -0.003 -20"><span class='ocrx_word' id='word_1_65' title='bbox 349 1179 376 1224; x_wconf 82' lang='lat'><strong>¹⁰</strong></span> <span class='ocrx_word' id='word_1_66' title='bbox 387 1185 469 1255; x_wconf 85' lang='lat' dir='ltr'><strong>Erat</strong></span> <span class='ocrx_word' id='word_1_67' title='bbox 502 1190 616 1252; x_wconf 87' lang='lat' dir='ltr'><strong>autem</strong></span> <span class='ocrx_word' id='word_1_68' title='bbox 649 1179 781 1252; x_wconf 88' lang='lat' dir='ltr'><strong>doeens</strong></span> <span class='ocrx_word' id='word_1_69' title='bbox 810 1181 848 1252; x_wconf 75' lang='lat' dir='ltr'><strong>&#39;in</strong></span> <span class='ocrx_word' id='word_1_70' title='bbox 881 1180 1064 1275; x_wconf 81' lang='lat' dir='ltr'><strong>synogoga</strong></span> <span class='ocrx_word' id='word_1_71' title='bbox 1105 1201 1227 1254; x_wconf 90' lang='lat' dir='ltr'><strong>eorum</strong></span> <span class='ocrx_word' id='word_1_72' title='bbox 1267 1183 1430 1254; x_wconf 82' lang='lat' dir='ltr'><strong>sabbatis.</strong></span> <span class='ocrx_word' id='word_1_73' title='bbox 1484 1173 1507 1216; x_wconf 74' lang='lat'><strong>⁴⁴</strong></span> <span class='ocrx_word' id='word_1_74' title='bbox 1527 1181 1570 1250; x_wconf 86' lang='lat' dir='ltr'><strong>Et</strong></span> <span class='ocrx_word' id='word_1_75' title='bbox 1603 1201 1689 1253; x_wconf 88' lang='lat' dir='ltr'><strong>eone</strong></span> <span class='ocrx_word' id='word_1_76' title='bbox 1721 1182 1842 1254; x_wconf 82' lang='lat' dir='ltr'><strong>mulier</strong></span> 
     </span>
     <span class='ocr_line' id='line_1_8' title="bbox 351 1293 1840 1396; baseline -0.001 -23"><span class='ocrx_word' id='word_1_77' title='bbox 351 1301 441 1396; x_wconf 87' lang='lat' dir='ltr'><strong>quae</strong></span> <span class='ocrx_word' id='word_1_78' title='bbox 456 1293 621 1372; x_wconf 75' lang='lat' dir='ltr'><strong>&#39;babebat</strong></span> <span class='ocrx_word' id='word_1_79' title='bbox 648 1299 802 1393; x_wconf 91' lang='lat' dir='ltr'><strong>spiritum</strong></span> <span class='ocrx_word' id='word_1_80' title='bbox 829 1299 1032 1372; x_wconf 83' lang='lat' dir='ltr'><strong>infirmitatis</strong></span> <span class='ocrx_word' id='word_1_81' title='bbox 1058 1301 1155 1372; x_wconf 91' lang='lat' dir='ltr'><strong>annis</strong></span> <span class='ocrx_word' id='word_1_82' title='bbox 1180 1301 1305 1374; x_wconf 90' lang='lat' dir='ltr'><strong>decem</strong></span> <span class='ocrx_word' id='word_1_83' title='bbox 1332 1311 1367 1373; x_wconf 90' lang='lat' dir='ltr'><strong>et</strong></span> <span class='ocrx_word' id='word_1_84' title='bbox 1394 1309 1485 1386; x_wconf 89' lang='lat' dir='ltr'><strong>octo,</strong></span> <span class='ocrx_word' id='word_1_85' title='bbox 1513 1309 1548 1370; x_wconf 92' lang='lat' dir='ltr'><strong>et</strong></span> <span class='ocrx_word' id='word_1_86' title='bbox 1575 1310 1652 1372; x_wconf 90' lang='lat' dir='ltr'><strong>erat</strong></span> <span class='ocrx_word' id='word_1_87' title='bbox 1674 1301 1840 1386; x_wconf 87' lang='lat' dir='ltr'><strong>inclinata,</strong></span> 
     </span>
     <span class='ocr_line' id='line_1_9' title="bbox 350 1406 1842 1519; baseline -0.002 -26"><span class='ocrx_word' id='word_1_88' title='bbox 350 1443 416 1493; x_wconf 91' lang='lat' dir='ltr'><strong>nec</strong></span> <span class='ocrx_word' id='word_1_89' title='bbox 443 1409 585 1493; x_wconf 85' lang='lat' dir='ltr'><strong>omnino</strong></span> <span class='ocrx_word' id='word_1_90' title='bbox 612 1428 750 1512; x_wconf 92' lang='lat' dir='ltr'><strong>poterat</strong></span> <span class='ocrx_word' id='word_1_91' title='bbox 776 1439 913 1519; x_wconf 69' lang='lat' dir='ltr'><strong>sursum</strong></span> <span class='ocrx_word' id='word_1_92' title='bbox 939 1419 1127 1513; x_wconf 70' lang='lat' dir='ltr'><strong>respicere.</strong></span> <span class='ocrx_word' id='word_1_93' title='bbox 1180 1413 1207 1458; x_wconf 78' lang='lat'><strong>¹²</strong></span> <span class='ocrx_word' id='word_1_94' title='bbox 1225 1420 1335 1506; x_wconf 86' lang='lat' dir='ltr'><strong>Quam</strong></span> <span class='ocrx_word' id='word_1_95' title='bbox 1364 1406 1616 1492; x_wconf 85' lang='lat' dir='ltr'><strong>oum&#39;vidisset</strong></span> <span class='ocrx_word' id='word_1_96' title='bbox 1641 1419 1748 1504; x_wconf 88' lang='lat' dir='ltr'><strong>lesus,</strong></span> <span class='ocrx_word' id='word_1_97' title='bbox 1775 1439 1842 1491; x_wconf 87' lang='lat' dir='ltr'><strong>vo-</strong></span> 
     </span>
     <span class='ocr_line' id='line_1_10' title="bbox 351 1527 1842 1631; baseline -0.003 -19"><span class='ocrx_word' id='word_1_98' title='bbox 351 1531 446 1612; x_wconf 84' lang='lat' dir='ltr'><strong>cavit</strong></span> <span class='ocrx_word' id='word_1_99' title='bbox 468 1537 513 1610; x_wconf 91' lang='lat' dir='ltr'><strong>ad</strong></span> <span class='ocrx_word' id='word_1_100' title='bbox 540 1529 580 1609; x_wconf 85' lang='lat' dir='ltr'><strong>se</strong></span> <span class='ocrx_word' id='word_1_101' title='bbox 607 1548 642 1609; x_wconf 93' lang='lat' dir='ltr'><strong>et</strong></span> <span class='ocrx_word' id='word_1_102' title='bbox 669 1539 715 1610; x_wconf 89' lang='lat' dir='ltr'><strong>ait</strong></span> <span class='ocrx_word' id='word_1_103' title='bbox 740 1537 785 1607; x_wconf 93' lang='lat' dir='ltr'><strong>illi</strong></span> <span class='ocrx_word' id='word_1_104' title='bbox 811 1537 940 1623; x_wconf 83' lang='lat' dir='ltr'><strong>Mulier,</strong></span> <span class='ocrx_word' id='word_1_105' title='bbox 968 1537 1113 1611; x_wconf 88' lang='lat' dir='ltr'><strong>dimissa</strong></span> <span class='ocrx_word' id='word_1_106' title='bbox 1139 1559 1179 1610; x_wconf 88' lang='lat' dir='ltr'><strong>es</strong></span> <span class='ocrx_word' id='word_1_107' title='bbox 1206 1539 1251 1611; x_wconf 90' lang='lat' dir='ltr'><strong>ab</strong></span> <span class='ocrx_word' id='word_1_108' title='bbox 1278 1539 1472 1610; x_wconf 83' lang='lat' dir='ltr'><strong>infirmitate</strong></span> <span class='ocrx_word' id='word_1_109' title='bbox 1498 1547 1576 1622; x_wconf 92' lang='lat' dir='ltr'><strong>tua,</strong></span> <span class='ocrx_word' id='word_1_110' title='bbox 1621 1527 1648 1573; x_wconf 79' lang='lat'><strong>¹³</strong></span> <span class='ocrx_word' id='word_1_111' title='bbox 1665 1547 1701 1608; x_wconf 89' lang='lat' dir='ltr'><strong>et</strong></span> <span class='ocrx_word' id='word_1_112' title='bbox 1726 1538 1842 1631; x_wconf 91' lang='lat' dir='ltr'><strong>impo-</strong></span> 
     </span>
     <span class='ocr_line' id='line_1_11' title="bbox 325 1644 1842 1751; baseline 0.001 -27"><span class='ocrx_word' id='word_1_113' title='bbox 325 1659 417 1732; x_wconf 76' lang='lat' dir='ltr'><strong>suit</strong></span> <span class='ocrx_word' id='word_1_114' title='bbox 443 1657 488 1728; x_wconf 94' lang='lat' dir='ltr'><strong>illi</strong></span> <span class='ocrx_word' id='word_1_115' title='bbox 513 1678 652 1728; x_wconf 89' lang='lat' dir='ltr'><strong>manus:</strong></span> <span class='ocrx_word' id='word_1_116' title='bbox 680 1667 716 1728; x_wconf 90' lang='lat' dir='ltr'><strong>et</strong></span> <span class='ocrx_word' id='word_1_117' title='bbox 742 1657 921 1729; x_wconf 78' lang='lat' dir='ltr'><strong>confestim</strong></span> <span class='ocrx_word' id='word_1_118' title='bbox 949 1667 1066 1729; x_wconf 86' lang='lat' dir='ltr'><strong>erecta</strong></span> <span class='ocrx_word' id='word_1_119' title='bbox 1092 1669 1155 1744; x_wconf 90' lang='lat' dir='ltr'><strong>est,</strong></span> <span class='ocrx_word' id='word_1_120' title='bbox 1184 1669 1219 1730; x_wconf 91' lang='lat' dir='ltr'><strong>et</strong></span> <span class='ocrx_word' id='word_1_121' title='bbox 1235 1644 1451 1751; x_wconf 77' lang='lat' dir='ltr'><strong>glorificabat</strong></span> <span class='ocrx_word' id='word_1_122' title='bbox 1468 1657 1583 1728; x_wconf 90' lang='lat' dir='ltr'><strong>deum.</strong></span> <span class='ocrx_word' id='word_1_123' title='bbox 1623 1647 1650 1693; x_wconf 70' lang='lat'><strong>⁴⁴</strong></span> <span class='ocrx_word' id='word_1_124' title='bbox 1667 1647 1755 1706; x_wconf 51' lang='lat'><strong>“⁶⁵⁵³</strong></span> <span class='ocrx_word' id='word_1_125' title='bbox 1772 1656 1842 1727; x_wconf 87' lang='lat' dir='ltr'><strong>Re-</strong></span> 
     </span>
     <span class='ocr_line' id='line_1_12' title="bbox 352 1759 1842 1871; baseline -0.002 -23"><span class='ocrx_word' id='word_1_126' title='bbox 352 1759 531 1871; x_wconf 84' lang='lat' dir='ltr'><strong>spondeas</strong></span> <span class='ocrx_word' id='word_1_127' title='bbox 559 1785 674 1847; x_wconf 89' lang='lat' dir='ltr'><strong>autem</strong></span> <span class='ocrx_word' id='word_1_128' title='bbox 702 1767 1010 1870; x_wconf 80' lang='lat' dir='ltr'><strong>archisynagogus,</strong></span> <span class='ocrx_word' id='word_1_129' title='bbox 1037 1773 1221 1870; x_wconf 81' lang='lat' dir='ltr'><strong>indignans</strong></span> <span class='ocrx_word' id='word_1_130' title='bbox 1255 1779 1335 1871; x_wconf 90' lang='lat' dir='ltr'><strong>quia</strong></span> <span class='ocrx_word' id='word_1_131' title='bbox 1357 1763 1517 1850; x_wconf 72' lang='lat' dir='ltr'><strong>‘sabbato</strong></span> <span class='ocrx_word' id='word_1_132' title='bbox 1553 1761 1713 1848; x_wconf 85' lang='lat' dir='ltr'><strong>curasset</strong></span> <span class='ocrx_word' id='word_1_133' title='bbox 1736 1775 1842 1859; x_wconf 88' lang='lat' dir='ltr'><strong>Iesus,</strong></span> 
     </span>
     <span class='ocr_line' id='line_1_13' title="bbox 354 1894 1842 1991; baseline 0 -25"><span class='ocrx_word' id='word_1_134' title='bbox 354 1894 493 1967; x_wconf 89' lang='lat' dir='ltr'><strong>dicebat</strong></span> <span class='ocrx_word' id='word_1_135' title='bbox 520 1894 642 1966; x_wconf 90' lang='lat' dir='ltr'><strong>turbae</strong></span> <span class='ocrx_word' id='word_1_136' title='bbox 670 1895 742 1966; x_wconf 89' lang='lat' dir='ltr'><strong>Sex</strong></span> <span class='ocrx_word' id='word_1_137' title='bbox 769 1894 846 1966; x_wconf 90' lang='lat' dir='ltr'><strong>dies</strong></span> <span class='ocrx_word' id='word_1_138' title='bbox 873 1896 1011 1968; x_wconf 87' lang='lat' dir='ltr'><strong>suntin</strong></span> <span class='ocrx_word' id='word_1_139' title='bbox 1038 1897 1164 1989; x_wconf 89' lang='lat' dir='ltr'><strong>quibus</strong></span> <span class='ocrx_word' id='word_1_140' title='bbox 1191 1906 1330 1990; x_wconf 92' lang='lat' dir='ltr'><strong>oportet</strong></span> <span class='ocrx_word' id='word_1_141' title='bbox 1348 1896 1512 1991; x_wconf 66' lang='lat' dir='ltr'><strong>operarii</strong></span> <span class='ocrx_word' id='word_1_142' title='bbox 1530 1897 1564 1966; x_wconf 94' lang='lat' dir='ltr'><strong>in</strong></span> <span class='ocrx_word' id='word_1_143' title='bbox 1591 1895 1644 1966; x_wconf 89' lang='lat' dir='ltr'><strong>his</strong></span> <span class='ocrx_word' id='word_1_144' title='bbox 1664 1915 1751 1987; x_wconf 81' lang='lat' dir='ltr'><strong>ergo</strong></span> <span class='ocrx_word' id='word_1_145' title='bbox 1777 1915 1842 1966; x_wconf 87' lang='lat' dir='ltr'><strong>ve-</strong></span> 
     </span>
     <span class='ocr_line' id='line_1_14' title="bbox 353 2008 1841 2109; baseline -0.001 -25"><span class='ocrx_word' id='word_1_146' title='bbox 353 2011 430 2086; x_wconf 86' lang='lat' dir='ltr'><strong>nite</strong></span> <span class='ocrx_word' id='word_1_147' title='bbox 451 2023 486 2084; x_wconf 89' lang='lat' dir='ltr'><strong>et</strong></span> <span class='ocrx_word' id='word_1_148' title='bbox 513 2013 685 2097; x_wconf 89' lang='lat' dir='ltr'><strong>curamini,</strong></span> <span class='ocrx_word' id='word_1_149' title='bbox 713 2023 749 2084; x_wconf 89' lang='lat' dir='ltr'><strong>et</strong></span> <span class='ocrx_word' id='word_1_150' title='bbox 780 2033 851 2086; x_wconf 91' lang='lat' dir='ltr'><strong>non</strong></span> <span class='ocrx_word' id='word_1_151' title='bbox 877 2014 911 2084; x_wconf 92' lang='lat' dir='ltr'><strong>in</strong></span> <span class='ocrx_word' id='word_1_152' title='bbox 943 2013 1001 2086; x_wconf 89' lang='lat' dir='ltr'><strong>die</strong></span> <span class='ocrx_word' id='word_1_153' title='bbox 1033 2015 1186 2088; x_wconf 72' lang='lat' dir='ltr'><strong>sabbati.¹</strong></span> <span class='ocrx_word' id='word_1_154' title='bbox 1231 2008 1258 2053; x_wconf 80' lang='lat'><strong>⁴¹⁵</strong></span> <span class='ocrx_word' id='word_1_155' title='bbox 1274 2015 1505 2109; x_wconf 84' lang='lat' dir='ltr'><strong>Respondeas</strong></span> <span class='ocrx_word' id='word_1_156' title='bbox 1533 2023 1650 2086; x_wconf 89' lang='lat' dir='ltr'><strong>autem</strong></span> <span class='ocrx_word' id='word_1_157' title='bbox 1678 2013 1725 2086; x_wconf 92' lang='lat' dir='ltr'><strong>ad</strong></span> <span class='ocrx_word' id='word_1_158' title='bbox 1750 2013 1841 2084; x_wconf 92' lang='lat' dir='ltr'><strong>illum</strong></span> 
     </span>
     <span class='ocr_line' id='line_1_15' title="bbox 354 2119 1846 2226; baseline -0.001 -22"><span class='ocrx_word' id='word_1_159' title='bbox 354 2119 515 2204; x_wconf 89' lang='lat' dir='ltr'><strong>dominus</strong></span> <span class='ocrx_word' id='word_1_160' title='bbox 550 2141 585 2202; x_wconf 91' lang='lat' dir='ltr'><strong>et</strong></span> <span class='ocrx_word' id='word_1_161' title='bbox 617 2131 705 2202; x_wconf 85' lang='lat' dir='ltr'><strong>dixit</strong></span> <span class='ocrx_word' id='word_1_162' title='bbox 735 2121 962 2226; x_wconf 78' lang='lat' dir='ltr'><strong>hypocritae,</strong></span> <span class='ocrx_word' id='word_1_163' title='bbox 997 2129 1234 2226; x_wconf 85' lang='lat' dir='ltr'><strong>unusquisque</strong></span> <span class='ocrx_word' id='word_1_164' title='bbox 1266 2127 1420 2208; x_wconf 67' lang='lat' dir='ltr'><strong>‘veatmm</strong></span> <span class='ocrx_word' id='word_1_165' title='bbox 1455 2133 1605 2206; x_wconf 89' lang='lat' dir='ltr'><strong>sabbato</strong></span> <span class='ocrx_word' id='word_1_166' title='bbox 1639 2153 1711 2204; x_wconf 94' lang='lat' dir='ltr'><strong>non</strong></span> <span class='ocrx_word' id='word_1_167' title='bbox 1744 2132 1846 2204; x_wconf 88' lang='lat' dir='ltr'><strong>solvit</strong></span> 
     </span>
     <span class='ocr_line' id='line_1_16' title="bbox 353 2237 1843 2346; baseline -0.001 -24"><span class='ocrx_word' id='word_1_168' title='bbox 353 2251 483 2322; x_wconf 89' lang='lat' dir='ltr'><strong>bovem</strong></span> <span class='ocrx_word' id='word_1_169' title='bbox 511 2237 611 2320; x_wconf 86' lang='lat' dir='ltr'><strong>suurn</strong></span> <span class='ocrx_word' id='word_1_170' title='bbox 638 2259 697 2320; x_wconf 92' lang='lat' dir='ltr'><strong>aut</strong></span> <span class='ocrx_word' id='word_1_171' title='bbox 723 2239 857 2323; x_wconf 88' lang='lat' dir='ltr'><strong>asinum</strong></span> <span class='ocrx_word' id='word_1_172' title='bbox 885 2273 905 2322; x_wconf 92' lang='lat' dir='ltr'><strong>a</strong></span> <span class='ocrx_word' id='word_1_173' title='bbox 932 2252 1120 2346; x_wconf 88' lang='lat' dir='ltr'><strong>praesepio</strong></span> <span class='ocrx_word' id='word_1_174' title='bbox 1148 2239 1196 2324; x_wconf 86' lang='lat' dir='ltr'><strong>et¹</strong></span> <span class='ocrx_word' id='word_1_175' title='bbox 1209 2252 1303 2325; x_wconf 92' lang='lat' dir='ltr'><strong>ducit</strong></span> <span class='ocrx_word' id='word_1_176' title='bbox 1330 2253 1532 2346; x_wconf 82' lang='lat' dir='ltr'><strong>adaquare?</strong></span> <span class='ocrx_word' id='word_1_177' title='bbox 1571 2243 1599 2288; x_wconf 76' lang='lat'><strong>¹⁶</strong></span> <span class='ocrx_word' id='word_1_178' title='bbox 1615 2253 1711 2324; x_wconf 89' lang='lat' dir='ltr'><strong>Hane</strong></span> <span class='ocrx_word' id='word_1_179' title='bbox 1729 2259 1843 2323; x_wconf 89' lang='lat' dir='ltr'><strong>autem</strong></span> 
     </span>
     <span class='ocr_line' id='line_1_17' title="bbox 357 2367 1844 2464; baseline -0.001 -24"><span class='ocrx_word' id='word_1_180' title='bbox 357 2369 460 2440; x_wconf 90' lang='lat' dir='ltr'><strong>liliam</strong></span> <span class='ocrx_word' id='word_1_181' title='bbox 496 2367 674 2454; x_wconf 80' lang='lat' dir='ltr'><strong>Abrahae,</strong></span> <span class='ocrx_word' id='word_1_182' title='bbox 691 2391 807 2461; x_wconf 89' lang='lat' dir='ltr'><strong>.quam</strong></span> <span class='ocrx_word' id='word_1_183' title='bbox 842 2370 991 2464; x_wconf 80' lang='lat' dir='ltr'><strong>alligavit</strong></span> <span class='ocrx_word' id='word_1_184' title='bbox 1024 2381 1164 2443; x_wconf 89' lang='lat' dir='ltr'><strong>satanas</strong></span> <span class='ocrx_word' id='word_1_185' title='bbox 1199 2393 1284 2444; x_wconf 89' lang='lat' dir='ltr'><strong>ecce</strong></span> <span class='ocrx_word' id='word_1_186' title='bbox 1317 2372 1441 2444; x_wconf 90' lang='lat' dir='ltr'><strong>decern</strong></span> <span class='ocrx_word' id='word_1_187' title='bbox 1472 2381 1508 2442; x_wconf 89' lang='lat' dir='ltr'><strong>et</strong></span> <span class='ocrx_word' id='word_1_188' title='bbox 1535 2380 1615 2442; x_wconf 90' lang='lat' dir='ltr'><strong>octo</strong></span> <span class='ocrx_word' id='word_1_189' title='bbox 1642 2369 1748 2454; x_wconf 89' lang='lat' dir='ltr'><strong>annis,</strong></span> <span class='ocrx_word' id='word_1_190' title='bbox 1774 2388 1844 2439; x_wconf 92' lang='lat' dir='ltr'><strong>non</strong></span> 
     </span>
     <span class='ocr_line' id='line_1_18' title="bbox 356 2479 1842 2582; baseline -0.002 -24"><span class='ocrx_word' id='word_1_191' title='bbox 356 2489 508 2582; x_wconf 91' lang='lat' dir='ltr'><strong>oportuit</strong></span> <span class='ocrx_word' id='word_1_192' title='bbox 533 2487 621 2558; x_wconf 83' lang='lat' dir='ltr'><strong>solvi</strong></span> <span class='ocrx_word' id='word_1_193' title='bbox 647 2509 668 2558; x_wconf 92' lang='lat' dir='ltr'><strong>a</strong></span> <span class='ocrx_word' id='word_1_194' title='bbox 693 2488 830 2580; x_wconf 81' lang='lat' dir='ltr'><strong>vinculo</strong></span> <span class='ocrx_word' id='word_1_195' title='bbox 863 2490 930 2561; x_wconf 90' lang='lat' dir='ltr'><strong>isto</strong></span> <span class='ocrx_word' id='word_1_196' title='bbox 957 2489 1013 2560; x_wconf 89' lang='lat' dir='ltr'><strong>die</strong></span> <span class='ocrx_word' id='word_1_197' title='bbox 1047 2491 1210 2562; x_wconf 72' lang='lat' dir='ltr'><strong>sabbati?</strong></span> <span class='ocrx_word' id='word_1_198' title='bbox 1254 2482 1279 2526; x_wconf 74' lang='lat'><strong>¹⁷</strong></span> <span class='ocrx_word' id='word_1_199' title='bbox 1293 2479 1394 2536; x_wconf 55' lang='grc' dir='ltr'><strong>(Μ)</strong></span> <span class='ocrx_word' id='word_1_200' title='bbox 1407 2489 1450 2560; x_wconf 86' lang='lat' dir='ltr'><strong>Et</strong></span> <span class='ocrx_word' id='word_1_201' title='bbox 1476 2511 1554 2562; x_wconf 89' lang='lat' dir='ltr'><strong>curn</strong></span> <span class='ocrx_word' id='word_1_202' title='bbox 1588 2489 1676 2560; x_wconf 91' lang='lat' dir='ltr'><strong>haec</strong></span> <span class='ocrx_word' id='word_1_203' title='bbox 1702 2487 1842 2570; x_wconf 84' lang='lat' dir='ltr'><strong>diceret,</strong></span> 
     </span>
     <span class='ocr_line' id='line_1_19' title="bbox 357 2595 1842 2703; baseline -0.001 -27"><span class='ocrx_word' id='word_1_204' title='bbox 357 2595 613 2678; x_wconf 84' lang='lat' dir='ltr'><strong>crubescebant</strong></span> <span class='ocrx_word' id='word_1_205' title='bbox 640 2627 761 2678; x_wconf 87' lang='lat' dir='ltr'><strong>omues</strong></span> <span class='ocrx_word' id='word_1_206' title='bbox 780 2607 970 2679; x_wconf 87' lang='lat' dir='ltr'><strong>adversarii</strong></span> <span class='ocrx_word' id='word_1_207' title='bbox 988 2609 1077 2694; x_wconf 83' lang='lat' dir='ltr'><strong>eiua,</strong></span> <span class='ocrx_word' id='word_1_208' title='bbox 1105 2620 1142 2680; x_wconf 88' lang='lat' dir='ltr'><strong>et</strong></span> <span class='ocrx_word' id='word_1_209' title='bbox 1159 2610 1272 2680; x_wconf 87' lang='lat' dir='ltr'><strong>omnis</strong></span> <span class='ocrx_word' id='word_1_210' title='bbox 1290 2609 1440 2703; x_wconf 87' lang='lat' dir='ltr'><strong>populns</strong></span> <span class='ocrx_word' id='word_1_211' title='bbox 1458 2609 1636 2701; x_wconf 78' lang='lat' dir='ltr'><strong>gaudebat</strong></span> <span class='ocrx_word' id='word_1_212' title='bbox 1652 2609 1685 2678; x_wconf 92' lang='lat' dir='ltr'><strong>iu</strong></span> <span class='ocrx_word' id='word_1_213' title='bbox 1703 2606 1842 2678; x_wconf 90' lang='lat' dir='ltr'><strong>univer-</strong></span> 
     </span>
     <span class='ocr_line' id='line_1_20' title="bbox 357 2711 1844 2821; baseline 0 -25"><span class='ocrx_word' id='word_1_214' title='bbox 357 2726 404 2796; x_wconf 90' lang='lat' dir='ltr'><strong>sis</strong></span> <span class='ocrx_word' id='word_1_215' title='bbox 431 2745 521 2817; x_wconf 92' lang='lat' dir='ltr'><strong>quae</strong></span> <span class='ocrx_word' id='word_1_216' title='bbox 548 2724 699 2816; x_wconf 81' lang='lat' dir='ltr'><strong>gloriose</strong></span> <span class='ocrx_word' id='word_1_217' title='bbox 726 2723 856 2798; x_wconf 87' lang='lat' dir='ltr'><strong>fiebant</strong></span> <span class='ocrx_word' id='word_1_218' title='bbox 869 2711 926 2798; x_wconf 64' lang='lat' dir='ltr'><strong>&#39;ab</strong></span> <span class='ocrx_word' id='word_1_219' title='bbox 955 2747 1009 2798; x_wconf 91' lang='lat' dir='ltr'><strong>eo.</strong></span> <span class='ocrx_word' id='word_1_220' title='bbox 1061 2719 1088 2763; x_wconf 78' lang='lat'><strong>⁴⁸</strong></span> <span class='ocrx_word' id='word_1_221' title='bbox 1100 2715 1195 2775; x_wconf 49' lang='grc' dir='ltr'><strong>(Μ’)</strong></span> <span class='ocrx_word' id='word_1_222' title='bbox 1206 2727 1351 2802; x_wconf 89' lang='lat' dir='ltr'><strong>Dicebat</strong></span> <span class='ocrx_word' id='word_1_223' title='bbox 1377 2749 1464 2821; x_wconf 81' lang='lat' dir='ltr'><strong>ergo</strong></span> <span class='ocrx_word' id='word_1_224' title='bbox 1486 2728 1547 2800; x_wconf 89' lang='lat' dir='ltr'><strong>Cui</strong></span> <span class='ocrx_word' id='word_1_225' title='bbox 1573 2726 1683 2798; x_wconf 87' lang='lat' dir='ltr'><strong>simile</strong></span> <span class='ocrx_word' id='word_1_226' title='bbox 1708 2735 1761 2796; x_wconf 90' lang='lat' dir='ltr'><strong>est</strong></span> <span class='ocrx_word' id='word_1_227' title='bbox 1786 2745 1844 2796; x_wconf 88' lang='lat' dir='ltr'><strong>re-</strong></span> 
     </span>
     <span class='ocr_line' id='line_1_21' title="bbox 356 2831 1844 2938; baseline -0.001 -23"><span class='ocrx_word' id='word_1_228' title='bbox 356 2865 462 2936; x_wconf 84' lang='lat' dir='ltr'><strong>gnum</strong></span> <span class='ocrx_word' id='word_1_229' title='bbox 490 2843 556 2928; x_wconf 89' lang='lat' dir='ltr'><strong>dci,</strong></span> <span class='ocrx_word' id='word_1_230' title='bbox 584 2832 627 2914; x_wconf 70' lang='lat' dir='ltr'><strong>et&#39;</strong></span> <span class='ocrx_word' id='word_1_231' title='bbox 645 2845 700 2915; x_wconf 90' lang='lat' dir='ltr'><strong>cui</strong></span> <span class='ocrx_word' id='word_1_232' title='bbox 727 2831 835 2916; x_wconf 90' lang='lat' dir='ltr'><strong>simile</strong></span> <span class='ocrx_word' id='word_1_233' title='bbox 863 2865 944 2918; x_wconf 91' lang='lat' dir='ltr'><strong>esse</strong></span> <span class='ocrx_word' id='word_1_234' title='bbox 970 2845 1177 2918; x_wconf 83' lang='lat' dir='ltr'><strong>existimabo</strong></span> <span class='ocrx_word' id='word_1_235' title='bbox 1203 2832 1311 2919; x_wconf 79' lang='lat' dir='ltr'><strong>illud?</strong></span> <span class='ocrx_word' id='word_1_236' title='bbox 1355 2839 1381 2884; x_wconf 78' lang='lat'><strong>⁴⁹</strong></span> <span class='ocrx_word' id='word_1_237' title='bbox 1394 2847 1509 2918; x_wconf 91' lang='lat' dir='ltr'><strong>Simile</strong></span> <span class='ocrx_word' id='word_1_238' title='bbox 1536 2855 1590 2918; x_wconf 89' lang='lat' dir='ltr'><strong>est</strong></span> <span class='ocrx_word' id='word_1_239' title='bbox 1615 2865 1725 2938; x_wconf 79' lang='lat' dir='ltr'><strong>grano</strong></span> <span class='ocrx_word' id='word_1_240' title='bbox 1752 2843 1844 2915; x_wconf 88' lang='lat' dir='ltr'><strong>sina-</strong></span> 
     </span>
     <span class='ocr_line' id='line_1_22' title="bbox 357 2949 1847 3057; baseline -0.001 -25"><span class='ocrx_word' id='word_1_241' title='bbox 357 2963 420 3056; x_wconf 88' lang='lat' dir='ltr'><strong>pis,</strong></span> <span class='ocrx_word' id='word_1_242' title='bbox 449 2961 544 3055; x_wconf 94' lang='lat' dir='ltr'><strong>quod</strong></span> <span class='ocrx_word' id='word_1_243' title='bbox 572 2973 753 3057; x_wconf 84' lang='lat' dir='ltr'><strong>acceptum</strong></span> <span class='ocrx_word' id='word_1_244' title='bbox 781 2949 887 3036; x_wconf 89' lang='lat' dir='ltr'><strong>homo</strong></span> <span class='ocrx_word' id='word_1_245' title='bbox 915 2964 1005 3052; x_wconf 87' lang='lat' dir='ltr'><strong>misit</strong></span> <span class='ocrx_word' id='word_1_246' title='bbox 1031 2965 1065 3035; x_wconf 91' lang='lat' dir='ltr'><strong>in</strong></span> <span class='ocrx_word' id='word_1_247' title='bbox 1091 2965 1229 3038; x_wconf 91' lang='lat' dir='ltr'><strong>hortum</strong></span> <span class='ocrx_word' id='word_1_248' title='bbox 1256 2987 1366 3052; x_wconf 87' lang='lat' dir='ltr'><strong>suum,</strong></span> <span class='ocrx_word' id='word_1_249' title='bbox 1394 2976 1429 3036; x_wconf 89' lang='lat' dir='ltr'><strong>et</strong></span> <span class='ocrx_word' id='word_1_250' title='bbox 1455 2965 1564 3037; x_wconf 90' lang='lat' dir='ltr'><strong>crevit</strong></span> <span class='ocrx_word' id='word_1_251' title='bbox 1589 2974 1625 3036; x_wconf 91' lang='lat' dir='ltr'><strong>et</strong></span> <span class='ocrx_word' id='word_1_252' title='bbox 1642 2966 1767 3036; x_wconf 88' lang='lat' dir='ltr'><strong>lactum</strong></span> <span class='ocrx_word' id='word_1_253' title='bbox 1793 2971 1847 3034; x_wconf 88' lang='lat' dir='ltr'><strong>est</strong></span> 
     </span>
     <span class='ocr_line' id='line_1_23' title="bbox 357 3071 1846 3177; baseline 0 -27"><span class='ocrx_word' id='word_1_254' title='bbox 357 3081 391 3150; x_wconf 94' lang='lat' dir='ltr'><strong>in</strong></span> <span class='ocrx_word' id='word_1_255' title='bbox 406 3079 570 3152; x_wconf 89' lang='lat' dir='ltr'><strong>arborem</strong></span> <span class='ocrx_word' id='word_1_256' title='bbox 587 3103 757 3174; x_wconf 79' lang='lat' dir='ltr'><strong>magnam,</strong></span> <span class='ocrx_word' id='word_1_257' title='bbox 776 3091 812 3154; x_wconf 92' lang='lat' dir='ltr'><strong>et</strong></span> <span class='ocrx_word' id='word_1_258' title='bbox 828 3077 989 3156; x_wconf 86' lang='lat' dir='ltr'><strong>volucres</strong></span> <span class='ocrx_word' id='word_1_259' title='bbox 1007 3071 1093 3155; x_wconf 89' lang='lat' dir='ltr'><strong>caeli</strong></span> <span class='ocrx_word' id='word_1_260' title='bbox 1111 3085 1354 3177; x_wconf 86' lang='lat' dir='ltr'><strong>requieverunt</strong></span> <span class='ocrx_word' id='word_1_261' title='bbox 1371 3086 1405 3154; x_wconf 92' lang='lat' dir='ltr'><strong>in</strong></span> <span class='ocrx_word' id='word_1_262' title='bbox 1422 3084 1526 3156; x_wconf 88' lang='lat' dir='ltr'><strong>ramis</strong></span> <span class='ocrx_word' id='word_1_263' title='bbox 1545 3083 1629 3155; x_wconf 86' lang='lat' dir='ltr'><strong>cius.</strong></span> <span class='ocrx_word' id='word_1_264' title='bbox 1657 3073 1685 3120; x_wconf 77' lang='lat'><strong>¹⁰</strong></span> <span class='ocrx_word' id='word_1_265' title='bbox 1698 3073 1791 3128; x_wconf 55' lang='grc' dir='ltr'><strong>(Μ)</strong></span> <span class='ocrx_word' id='word_1_266' title='bbox 1805 3081 1846 3150; x_wconf 83' lang='grc' dir='ltr'><strong>Ει</strong></span> 
     </span>
     <span class='ocr_line' id='line_1_24' title="bbox 357 3185 1846 3295; baseline -0.001 -26"><span class='ocrx_word' id='word_1_267' title='bbox 357 3185 480 3270; x_wconf 86' lang='lat' dir='ltr'><strong>iterum</strong></span> <span class='ocrx_word' id='word_1_268' title='bbox 509 3199 596 3271; x_wconf 88' lang='lat' dir='ltr'><strong>dixit</strong></span> <span class='ocrx_word' id='word_1_269' title='bbox 622 3201 681 3272; x_wconf 89' lang='lat' dir='ltr'><strong>Cui</strong></span> <span class='ocrx_word' id='word_1_270' title='bbox 708 3200 816 3272; x_wconf 91' lang='lat' dir='ltr'><strong>simile</strong></span> <span class='ocrx_word' id='word_1_271' title='bbox 843 3202 1035 3274; x_wconf 89' lang='lat' dir='ltr'><strong>aestimabo</strong></span> <span class='ocrx_word' id='word_1_272' title='bbox 1064 3188 1210 3295; x_wconf 84' lang='lat' dir='ltr'><strong>regnum</strong></span> <span class='ocrx_word' id='word_1_273' title='bbox 1237 3202 1313 3288; x_wconf 89' lang='lat' dir='ltr'><strong>dei,</strong></span> <span class='ocrx_word' id='word_1_274' title='bbox 1344 3189 1382 3240; x_wconf 55' lang='lat'><strong>&#39;²¹</strong></span> <span class='ocrx_word' id='word_1_275' title='bbox 1404 3213 1438 3274; x_wconf 93' lang='lat' dir='ltr'><strong>et</strong></span> <span class='ocrx_word' id='word_1_276' title='bbox 1465 3203 1519 3274; x_wconf 91' lang='lat' dir='ltr'><strong>cui</strong></span> <span class='ocrx_word' id='word_1_277' title='bbox 1545 3202 1655 3274; x_wconf 89' lang='lat' dir='ltr'><strong>simile</strong></span> <span class='ocrx_word' id='word_1_278' title='bbox 1672 3203 1750 3271; x_wconf 89' lang='lat' dir='ltr'><strong>est‘l</strong></span> <span class='ocrx_word' id='word_1_279' title='bbox 1778 3199 1846 3269; x_wconf 88' lang='lat' dir='ltr'><strong>ler-</strong></span> 
     </span>
     <span class='ocr_line' id='line_1_25' title="bbox 360 3305 1847 3412; baseline -0.002 -23"><span class='ocrx_word' id='word_1_280' title='bbox 360 3305 487 3402; x_wconf 82' lang='lat' dir='ltr'><strong>mento,</strong></span> <span class='ocrx_word' id='word_1_281' title='bbox 515 3318 611 3410; x_wconf 88' lang='lat' dir='ltr'><strong>quod</strong></span> <span class='ocrx_word' id='word_1_282' title='bbox 638 3329 819 3412; x_wconf 88' lang='lat' dir='ltr'><strong>acceptum</strong></span> <span class='ocrx_word' id='word_1_283' title='bbox 846 3305 968 3392; x_wconf 88' lang='lat' dir='ltr'><strong>mulier</strong></span> <span class='ocrx_word' id='word_1_284' title='bbox 994 3320 1178 3394; x_wconf 86' lang='lat' dir='ltr'><strong>abscondit</strong></span> <span class='ocrx_word' id='word_1_285' title='bbox 1203 3321 1247 3392; x_wconf 80' lang='lat' dir='ltr'><strong>in&#39;</strong></span> <span class='ocrx_word' id='word_1_286' title='bbox 1263 3317 1393 3393; x_wconf 79' lang='lat' dir='ltr'><strong>farinae</strong></span> <span class='ocrx_word' id='word_1_287' title='bbox 1419 3330 1494 3392; x_wconf 88' lang='lat' dir='ltr'><strong>sata</strong></span> <span class='ocrx_word' id='word_1_288' title='bbox 1521 3321 1600 3404; x_wconf 89' lang='lat' dir='ltr'><strong>tria,</strong></span> <span class='ocrx_word' id='word_1_289' title='bbox 1637 3318 1752 3391; x_wconf 86' lang='lat' dir='ltr'><strong>donec</strong></span> <span class='ocrx_word' id='word_1_290' title='bbox 1779 3313 1847 3388; x_wconf 86' lang='lat' dir='ltr'><strong>ler-</strong></span> 
     </span>
     <span class='ocr_line' id='line_1_26' title="bbox 360 3430 1848 3533; baseline -0.003 -25"><span class='ocrx_word' id='word_1_291' title='bbox 360 3447 572 3508; x_wconf 90' lang='lat' dir='ltr'><strong>mentaretur</strong></span> <span class='ocrx_word' id='word_1_292' title='bbox 598 3445 715 3510; x_wconf 93' lang='lat' dir='ltr'><strong>totum.</strong></span> <span class='ocrx_word' id='word_1_293' title='bbox 768 3430 895 3486; x_wconf 56' lang='lat' dir='ltr'><strong>”iffi</strong></span> <span class='ocrx_word' id='word_1_294' title='bbox 909 3439 952 3510; x_wconf 86' lang='lat' dir='ltr'><strong>Et</strong></span> <span class='ocrx_word' id='word_1_295' title='bbox 976 3441 1048 3511; x_wconf 92' lang='lat' dir='ltr'><strong>ibat</strong></span> <span class='ocrx_word' id='word_1_296' title='bbox 1074 3461 1138 3533; x_wconf 92' lang='lat' dir='ltr'><strong>per</strong></span> <span class='ocrx_word' id='word_1_297' title='bbox 1164 3439 1319 3512; x_wconf 90' lang='lat' dir='ltr'><strong>civitates</strong></span> <span class='ocrx_word' id='word_1_298' title='bbox 1345 3449 1381 3510; x_wconf 92' lang='lat' dir='ltr'><strong>et</strong></span> <span class='ocrx_word' id='word_1_299' title='bbox 1407 3440 1548 3512; x_wconf 81' lang='lat' dir='ltr'><strong>castella</strong></span> <span class='ocrx_word' id='word_1_300' title='bbox 1574 3438 1707 3510; x_wconf 89' lang='lat' dir='ltr'><strong>docens</strong></span> <span class='ocrx_word' id='word_1_301' title='bbox 1732 3445 1768 3508; x_wconf 90' lang='lat' dir='ltr'><strong>et</strong></span> <span class='ocrx_word' id='word_1_302' title='bbox 1784 3435 1848 3506; x_wconf 86' lang='lat' dir='ltr'><strong>iter</strong></span> 
     </span>
     <span class='ocr_line' id='line_1_27' title="bbox 360 3547 1850 3652; baseline -0.001 -27"><span class='ocrx_word' id='word_1_303' title='bbox 360 3557 490 3628; x_wconf 84' lang='lat' dir='ltr'><strong>iaciens</strong></span> <span class='ocrx_word' id='word_1_304' title='bbox 522 3556 555 3626; x_wconf 91' lang='lat' dir='ltr'><strong>in</strong></span> <span class='ocrx_word' id='word_1_305' title='bbox 590 3556 812 3628; x_wconf 76' lang='lat' dir='ltr'><strong>hierusalem.</strong></span> <span class='ocrx_word' id='word_1_306' title='bbox 863 3547 890 3593; x_wconf 51' lang='grc' dir='ltr'><strong>’Β</strong></span> <span class='ocrx_word' id='word_1_307' title='bbox 907 3547 996 3602; x_wconf 46' lang='grc'>(170))</span> <span class='ocrx_word' id='word_1_308' title='bbox 1009 3557 1065 3630; x_wconf 80' lang='lat' dir='ltr'><strong>Ait</strong></span> <span class='ocrx_word' id='word_1_309' title='bbox 1097 3567 1214 3630; x_wconf 90' lang='lat' dir='ltr'><strong>autem</strong></span> <span class='ocrx_word' id='word_1_310' title='bbox 1245 3558 1288 3628; x_wconf 91' lang='lat' dir='ltr'><strong>illi</strong></span> <span class='ocrx_word' id='word_1_311' title='bbox 1321 3559 1462 3652; x_wconf 91' lang='lat' dir='ltr'><strong>quidam</strong></span> <span class='ocrx_word' id='word_1_312' title='bbox 1494 3558 1659 3640; x_wconf 92' lang='lat' dir='ltr'><strong>Domine,</strong></span> <span class='ocrx_word' id='word_1_313' title='bbox 1694 3557 1723 3626; x_wconf 89' lang='lat' dir='ltr'><strong>si</strong></span> <span class='ocrx_word' id='word_1_314' title='bbox 1748 3554 1850 3650; x_wconf 90' lang='lat' dir='ltr'><strong>pauci</strong></span> 
     </span>
     <span class='ocr_line' id='line_1_28' title="bbox 362 3669 1850 3768; baseline -0.002 -24"><span class='ocrx_word' id='word_1_315' title='bbox 362 3685 440 3746; x_wconf 86' lang='lat' dir='ltr'><strong>sunt</strong></span> <span class='ocrx_word' id='word_1_316' title='bbox 467 3675 524 3766; x_wconf 91' lang='lat' dir='ltr'><strong>qui</strong></span> <span class='ocrx_word' id='word_1_317' title='bbox 560 3676 760 3746; x_wconf 79' lang='lat' dir='ltr'><strong>salvantur?</strong></span> <span class='ocrx_word' id='word_1_318' title='bbox 791 3676 870 3768; x_wconf 88' lang='lat' dir='ltr'><strong>Ipse</strong></span> <span class='ocrx_word' id='word_1_319' title='bbox 907 3685 1022 3746; x_wconf 91' lang='lat' dir='ltr'><strong>autem</strong></span> <span class='ocrx_word' id='word_1_320' title='bbox 1056 3675 1143 3747; x_wconf 89' lang='lat' dir='ltr'><strong>dixit</strong></span> <span class='ocrx_word' id='word_1_321' title='bbox 1169 3675 1215 3748; x_wconf 90' lang='lat' dir='ltr'><strong>ad</strong></span> <span class='ocrx_word' id='word_1_322' title='bbox 1241 3677 1318 3748; x_wconf 87' lang='lat' dir='ltr'><strong>illos</strong></span> <span class='ocrx_word' id='word_1_323' title='bbox 1361 3669 1389 3715; x_wconf 68' lang='lat'><strong>¹*</strong></span> <span class='ocrx_word' id='word_1_324' title='bbox 1407 3677 1609 3749; x_wconf 79' lang='lat' dir='ltr'><strong>eonmndite</strong></span> <span class='ocrx_word' id='word_1_325' title='bbox 1635 3676 1761 3746; x_wconf 84' lang='lat' dir='ltr'><strong>intrare</strong></span> <span class='ocrx_word' id='word_1_326' title='bbox 1786 3693 1850 3766; x_wconf 90' lang='lat' dir='ltr'><strong>per</strong></span> 
     </span>
     <span class='ocr_line' id='line_1_29' title="bbox 362 3793 1850 3886; baseline 0 -24"><span class='ocrx_word' id='word_1_327' title='bbox 362 3803 543 3884; x_wconf 78' lang='lat' dir='ltr'><strong>angustam</strong></span> <span class='ocrx_word' id='word_1_328' title='bbox 569 3802 725 3885; x_wconf 89' lang='lat' dir='ltr'><strong>portam:</strong></span> <span class='ocrx_word' id='word_1_329' title='bbox 753 3793 832 3885; x_wconf 89' lang='lat' dir='ltr'><strong>quia</strong></span> <span class='ocrx_word' id='word_1_330' title='bbox 859 3794 962 3878; x_wconf 92' lang='lat' dir='ltr'><strong>multi,</strong></span> <span class='ocrx_word' id='word_1_331' title='bbox 990 3793 1069 3866; x_wconf 92' lang='lat' dir='ltr'><strong>dico</strong></span> <span class='ocrx_word' id='word_1_332' title='bbox 1096 3794 1215 3878; x_wconf 86' lang='lat' dir='ltr'><strong>vobis,</strong></span> <span class='ocrx_word' id='word_1_333' title='bbox 1242 3805 1412 3886; x_wconf 86' lang='lat' dir='ltr'><strong>quaerunt</strong></span> <span class='ocrx_word' id='word_1_334' title='bbox 1437 3797 1563 3866; x_wconf 88' lang='lat' dir='ltr'><strong>intrare</strong></span> <span class='ocrx_word' id='word_1_335' title='bbox 1590 3803 1719 3866; x_wconf 86' lang='lat' dir='ltr'><strong>elnon</strong></span> <span class='ocrx_word' id='word_1_336' title='bbox 1747 3801 1850 3886; x_wconf 90' lang='lat' dir='ltr'><strong>pote-</strong></span> 
     </span>
     <span class='ocr_line' id='line_1_30' title="bbox 363 3901 1853 4006; baseline 0.001 -28"><span class='ocrx_word' id='word_1_337' title='bbox 363 3919 449 3980; x_wconf 89' lang='lat' dir='ltr'><strong>runt.</strong></span> <span class='ocrx_word' id='word_1_338' title='bbox 502 3901 530 3946; x_wconf 72' lang='lat'><strong>²⁶</strong></span> <span class='ocrx_word' id='word_1_339' title='bbox 544 3902 596 3954; x_wconf 60' lang='lat' dir='ltr'><strong>iffi·</strong></span> <span class='ocrx_word' id='word_1_340' title='bbox 610 3902 641 3954; x_wconf 68' lang='grc'><strong>5)</strong></span> <span class='ocrx_word' id='word_1_341' title='bbox 660 3911 743 3982; x_wconf 87' lang='lat' dir='ltr'><strong>Cum</strong></span> <span class='ocrx_word' id='word_1_342' title='bbox 771 3922 885 3984; x_wconf 89' lang='lat' dir='ltr'><strong>autam</strong></span> <span class='ocrx_word' id='word_1_343' title='bbox 912 3913 1088 3984; x_wconf 87' lang='lat' dir='ltr'><strong>intraverit</strong></span> <span class='ocrx_word' id='word_1_344' title='bbox 1112 3921 1212 4006; x_wconf 88' lang='lat' dir='ltr'><strong>pater</strong></span> <span class='ocrx_word' id='word_1_345' title='bbox 1237 3913 1380 3986; x_wconf 79' lang='lat' dir='ltr'><strong>familias</strong></span> <span class='ocrx_word' id='word_1_346' title='bbox 1407 3923 1446 4000; x_wconf 68' lang='lat' dir='ltr'><strong>et¹</strong></span> <span class='ocrx_word' id='word_1_347' title='bbox 1475 3913 1613 3986; x_wconf 89' lang='lat' dir='ltr'><strong>cluserit</strong></span> <span class='ocrx_word' id='word_1_348' title='bbox 1647 3911 1788 3996; x_wconf 90' lang='lat' dir='ltr'><strong>ostium,</strong></span> <span class='ocrx_word' id='word_1_349' title='bbox 1816 3919 1853 3980; x_wconf 86' lang='lat' dir='ltr'><strong>ct</strong></span> 
     </span>
     <span class='ocr_line' id='line_1_31' title="bbox 363 4018 1852 4124; baseline 0.001 -28"><span class='ocrx_word' id='word_1_350' title='bbox 363 4019 530 4120; x_wconf 78' lang='lat' dir='ltr'><strong>incipietis</strong></span> <span class='ocrx_word' id='word_1_351' title='bbox 555 4029 638 4100; x_wconf 89' lang='lat' dir='ltr'><strong>loris</strong></span> <span class='ocrx_word' id='word_1_352' title='bbox 664 4018 757 4101; x_wconf 82' lang='lat' dir='ltr'><strong>stare</strong></span> <span class='ocrx_word' id='word_1_353' title='bbox 791 4039 826 4101; x_wconf 90' lang='lat' dir='ltr'><strong>et</strong></span> <span class='ocrx_word' id='word_1_354' title='bbox 851 4029 990 4122; x_wconf 88' lang='lat' dir='ltr'><strong>pulsare</strong></span> <span class='ocrx_word' id='word_1_355' title='bbox 1023 4031 1147 4102; x_wconf 88' lang='lat' dir='ltr'><strong>ostium</strong></span> <span class='ocrx_word' id='word_1_356' title='bbox 1174 4030 1331 4104; x_wconf 88' lang='lat' dir='ltr'><strong>diceutes</strong></span> <span class='ocrx_word' id='word_1_357' title='bbox 1357 4031 1520 4116; x_wconf 88' lang='lat' dir='ltr'><strong>Domine,</strong></span> <span class='ocrx_word' id='word_1_358' title='bbox 1548 4031 1646 4124; x_wconf 88' lang='lat' dir='ltr'><strong>aperi</strong></span> <span class='ocrx_word' id='word_1_359' title='bbox 1671 4030 1788 4114; x_wconf 90' lang='lat' dir='ltr'><strong>nobis,</strong></span> <span class='ocrx_word' id='word_1_360' title='bbox 1816 4037 1852 4099; x_wconf 92' lang='lat' dir='ltr'><strong>et</strong></span> 
     </span>
     <span class='ocr_line' id='line_1_32' title="bbox 364 4141 1852 4242; baseline 0.001 -26"><span class='ocrx_word' id='word_1_361' title='bbox 364 4145 579 4240; x_wconf 89' lang='lat' dir='ltr'><strong>respondens</strong></span> <span class='ocrx_word' id='word_1_362' title='bbox 613 4148 705 4220; x_wconf 90' lang='lat' dir='ltr'><strong>dicet</strong></span> <span class='ocrx_word' id='word_1_363' title='bbox 738 4149 839 4220; x_wconf 90' lang='lat' dir='ltr'><strong>vobis</strong></span> <span class='ocrx_word' id='word_1_364' title='bbox 871 4149 997 4220; x_wconf 89' lang='lat' dir='ltr'><strong>Nescio</strong></span> <span class='ocrx_word' id='word_1_365' title='bbox 1029 4169 1094 4220; x_wconf 89' lang='lat' dir='ltr'><strong>vos</strong></span> <span class='ocrx_word' id='word_1_366' title='bbox 1128 4149 1220 4221; x_wconf 92' lang='lat' dir='ltr'><strong>unde</strong></span> <span class='ocrx_word' id='word_1_367' title='bbox 1248 4150 1340 4222; x_wconf 84' lang='lat' dir='ltr'><strong>sitis:</strong></span> <span class='ocrx_word' id='word_1_368' title='bbox 1390 4141 1418 4186; x_wconf 71' lang='lat'><strong>²⁸</strong></span> <span class='ocrx_word' id='word_1_369' title='bbox 1433 4158 1515 4222; x_wconf 90' lang='lat' dir='ltr'><strong>tunc</strong></span> <span class='ocrx_word' id='word_1_370' title='bbox 1541 4148 1707 4242; x_wconf 89' lang='lat' dir='ltr'><strong>incipietis</strong></span> <span class='ocrx_word' id='word_1_371' title='bbox 1734 4147 1852 4218; x_wconf 87' lang='lat' dir='ltr'><strong>dicere</strong></span> 
     </span>
     <span class='ocr_line' id='line_1_33' title="bbox 363 4255 1853 4361; baseline 0 -26"><span class='ocrx_word' id='word_1_372' title='bbox 363 4255 645 4340; x_wconf 86' lang='lat' dir='ltr'><strong>blanducavimus</strong></span> <span class='ocrx_word' id='word_1_373' title='bbox 672 4259 792 4339; x_wconf 89' lang='lat' dir='ltr'><strong>coram</strong></span> <span class='ocrx_word' id='word_1_374' title='bbox 818 4277 853 4338; x_wconf 91' lang='lat' dir='ltr'><strong>te</strong></span> <span class='ocrx_word' id='word_1_375' title='bbox 879 4277 915 4338; x_wconf 91' lang='lat' dir='ltr'><strong>et</strong></span> <span class='ocrx_word' id='word_1_376' title='bbox 939 4267 1098 4352; x_wconf 88' lang='lat' dir='ltr'><strong>bibimus,</strong></span> <span class='ocrx_word' id='word_1_377' title='bbox 1127 4278 1162 4339; x_wconf 90' lang='lat' dir='ltr'><strong>et</strong></span> <span class='ocrx_word' id='word_1_378' title='bbox 1187 4268 1221 4338; x_wconf 94' lang='lat' dir='ltr'><strong>in</strong></span> <span class='ocrx_word' id='word_1_379' title='bbox 1249 4268 1371 4361; x_wconf 88' lang='lat' dir='ltr'><strong>plateis</strong></span> <span class='ocrx_word' id='word_1_380' title='bbox 1398 4267 1525 4340; x_wconf 87' lang='lat' dir='ltr'><strong>nostris</strong></span> <span class='ocrx_word' id='word_1_381' title='bbox 1558 4266 1716 4340; x_wconf 90' lang='lat' dir='ltr'><strong>docuisti.</strong></span> <span class='ocrx_word' id='word_1_382' title='bbox 1768 4259 1794 4302; x_wconf 70' lang='lat'><strong>²¹</strong></span> <span class='ocrx_word' id='word_1_383' title='bbox 1812 4267 1853 4336; x_wconf 83' lang='lat' dir='ltr'><strong>m</strong></span> 
     </span>
     <span class='ocr_line' id='line_1_34' title="bbox 366 4375 1853 4478; baseline 0 -22"><span class='ocrx_word' id='word_1_384' title='bbox 366 4385 460 4456; x_wconf 89' lang='lat' dir='ltr'><strong>dicet</strong></span> <span class='ocrx_word' id='word_1_385' title='bbox 484 4375 587 4457; x_wconf 85' lang='lat' dir='ltr'><strong>vobis</strong></span> <span class='ocrx_word' id='word_1_386' title='bbox 619 4386 745 4458; x_wconf 90' lang='lat' dir='ltr'><strong>Nescio</strong></span> <span class='ocrx_word' id='word_1_387' title='bbox 779 4407 845 4458; x_wconf 83' lang='lat' dir='ltr'><strong>vos</strong></span> <span class='ocrx_word' id='word_1_388' title='bbox 877 4387 971 4459; x_wconf 90' lang='lat' dir='ltr'><strong>unde</strong></span> <span class='ocrx_word' id='word_1_389' title='bbox 1006 4385 1098 4456; x_wconf 88' lang='lat' dir='ltr'><strong>sitis:</strong></span> <span class='ocrx_word' id='word_1_390' title='bbox 1134 4385 1303 4458; x_wconf 85' lang='lat' dir='ltr'><strong>discedite</strong></span> <span class='ocrx_word' id='word_1_391' title='bbox 1330 4407 1350 4456; x_wconf 93' lang='lat' dir='ltr'><strong>a</strong></span> <span class='ocrx_word' id='word_1_392' title='bbox 1377 4397 1441 4456; x_wconf 88' lang='lat' dir='ltr'><strong>me</strong></span> <span class='ocrx_word' id='word_1_393' title='bbox 1462 4405 1586 4457; x_wconf 88' lang='lat' dir='ltr'><strong>omnes</strong></span> <span class='ocrx_word' id='word_1_394' title='bbox 1613 4387 1763 4478; x_wconf 87' lang='lat' dir='ltr'><strong>operarii</strong></span> <span class='ocrx_word' id='word_1_395' title='bbox 1789 4385 1853 4456; x_wconf 91' lang='lat' dir='ltr'><strong>iui-</strong></span> 
     </span>
     <span class='ocr_line' id='line_1_35' title="bbox 365 4496 1854 4596; baseline 0 -22"><span class='ocrx_word' id='word_1_396' title='bbox 365 4505 510 4596; x_wconf 85' lang='lat' dir='ltr'><strong>quitatis.</strong></span> <span class='ocrx_word' id='word_1_397' title='bbox 560 4496 587 4542; x_wconf 51' lang='grc' dir='ltr'><strong>Β</strong></span> <span class='ocrx_word' id='word_1_398' title='bbox 600 4505 648 4575; x_wconf 94' lang='lat' dir='ltr'><strong>lbi</strong></span> <span class='ocrx_word' id='word_1_399' title='bbox 675 4505 739 4576; x_wconf 89' lang='lat' dir='ltr'><strong>erit</strong></span> <span class='ocrx_word' id='word_1_400' title='bbox 765 4505 864 4575; x_wconf 87' lang='lat' dir='ltr'><strong>lletus</strong></span> <span class='ocrx_word' id='word_1_401' title='bbox 883 4515 917 4576; x_wconf 93' lang='lat' dir='ltr'><strong>et</strong></span> <span class='ocrx_word' id='word_1_402' title='bbox 943 4504 1070 4577; x_wconf 87' lang='lat' dir='ltr'><strong>stridor</strong></span> <span class='ocrx_word' id='word_1_403' title='bbox 1089 4503 1251 4588; x_wconf 90' lang='lat' dir='ltr'><strong>dentium,</strong></span> <span class='ocrx_word' id='word_1_404' title='bbox 1280 4497 1371 4551; x_wconf 58' lang='lat' dir='ltr'><strong>“Ml</strong></span> <span class='ocrx_word' id='word_1_405' title='bbox 1392 4526 1470 4576; x_wconf 94' lang='lat' dir='ltr'><strong>cum</strong></span> <span class='ocrx_word' id='word_1_406' title='bbox 1496 4503 1651 4574; x_wconf 88' lang='lat' dir='ltr'><strong>videritis</strong></span> <span class='ocrx_word' id='word_1_407' title='bbox 1677 4503 1854 4574; x_wconf 77' lang='lat' dir='ltr'><strong>Abrabam</strong></span> 
     </span>
     <span class='ocr_line' id='line_1_36' title="bbox 366 4613 1855 4718; baseline -0.001 -26"><span class='ocrx_word' id='word_1_408' title='bbox 366 4632 401 4692; x_wconf 87' lang='lat' dir='ltr'><strong>st</strong></span> <span class='ocrx_word' id='word_1_409' title='bbox 427 4623 522 4694; x_wconf 90' lang='lat' dir='ltr'><strong>lsaac</strong></span> <span class='ocrx_word' id='word_1_410' title='bbox 538 4613 584 4694; x_wconf 70' lang='lat' dir='ltr'><strong>¹et</strong></span> <span class='ocrx_word' id='word_1_411' title='bbox 610 4613 713 4696; x_wconf 86' lang='lat' dir='ltr'><strong>Iacob</strong></span> <span class='ocrx_word' id='word_1_412' title='bbox 749 4633 783 4694; x_wconf 88' lang='lat' dir='ltr'><strong>et</strong></span> <span class='ocrx_word' id='word_1_413' title='bbox 818 4644 941 4696; x_wconf 90' lang='lat' dir='ltr'><strong>omnes</strong></span> <span class='ocrx_word' id='word_1_414' title='bbox 967 4623 1157 4718; x_wconf 87' lang='lat' dir='ltr'><strong>prophetas</strong></span> <span class='ocrx_word' id='word_1_415' title='bbox 1191 4622 1330 4694; x_wconf 91' lang='lat' dir='ltr'><strong>introire</strong></span> <span class='ocrx_word' id='word_1_416' title='bbox 1357 4624 1391 4692; x_wconf 94' lang='lat' dir='ltr'><strong>in</strong></span> <span class='ocrx_word' id='word_1_417' title='bbox 1417 4643 1527 4714; x_wconf 82' lang='lat' dir='ltr'><strong>regno</strong></span> <span class='ocrx_word' id='word_1_418' title='bbox 1555 4621 1621 4706; x_wconf 90' lang='lat' dir='ltr'><strong>dei,</strong></span> <span class='ocrx_word' id='word_1_419' title='bbox 1649 4643 1715 4694; x_wconf 89' lang='lat' dir='ltr'><strong>vos</strong></span> <span class='ocrx_word' id='word_1_420' title='bbox 1742 4631 1855 4693; x_wconf 87' lang='lat' dir='ltr'><strong>autem</strong></span> 
     </span>
     <span class='ocr_line' id='line_1_37' title="bbox 366 4733 1855 4834; baseline 0 -24"><span class='ocrx_word' id='word_1_421' title='bbox 366 4741 493 4834; x_wconf 90' lang='lat' dir='ltr'><strong>expelli</strong></span> <span class='ocrx_word' id='word_1_422' title='bbox 520 4743 623 4814; x_wconf 86' lang='lat' dir='ltr'><strong>laras.</strong></span> <span class='ocrx_word' id='word_1_423' title='bbox 675 4735 702 4780; x_wconf 63' lang='lat'><strong>²⁰</strong></span> <span class='ocrx_word' id='word_1_424' title='bbox 719 4741 761 4813; x_wconf 86' lang='lat' dir='ltr'><strong>Et</strong></span> <span class='ocrx_word' id='word_1_425' title='bbox 786 4743 924 4814; x_wconf 87' lang='lat' dir='ltr'><strong>venient</strong></span> <span class='ocrx_word' id='word_1_426' title='bbox 958 4743 1002 4814; x_wconf 88' lang='lat' dir='ltr'><strong>ab</strong></span> <span class='ocrx_word' id='word_1_427' title='bbox 1030 4733 1162 4812; x_wconf 87' lang='lat' dir='ltr'><strong>oriente</strong></span> <span class='ocrx_word' id='word_1_428' title='bbox 1196 4751 1232 4812; x_wconf 92' lang='lat' dir='ltr'><strong>et</strong></span> <span class='ocrx_word' id='word_1_429' title='bbox 1264 4741 1448 4814; x_wconf 89' lang='lat' dir='ltr'><strong>occidente</strong></span> <span class='ocrx_word' id='word_1_430' title='bbox 1482 4750 1516 4811; x_wconf 89' lang='lat' dir='ltr'><strong>et</strong></span> <span class='ocrx_word' id='word_1_431' title='bbox 1543 4741 1704 4832; x_wconf 90' lang='lat' dir='ltr'><strong>aquilone</strong></span> <span class='ocrx_word' id='word_1_432' title='bbox 1731 4750 1766 4811; x_wconf 90' lang='lat' dir='ltr'><strong>et</strong></span> <span class='ocrx_word' id='word_1_433' title='bbox 1792 4761 1855 4810; x_wconf 92' lang='lat' dir='ltr'><strong>au-</strong></span> 
     </span>
     <span class='ocr_line' id='line_1_38' title="bbox 367 4849 1857 4954; baseline -0.001 -26"><span class='ocrx_word' id='word_1_434' title='bbox 367 4869 457 4950; x_wconf 88' lang='lat' dir='ltr'><strong>stro,</strong></span> <span class='ocrx_word' id='word_1_435' title='bbox 494 4869 530 4930; x_wconf 88' lang='lat' dir='ltr'><strong>ct</strong></span> <span class='ocrx_word' id='word_1_436' title='bbox 562 4861 767 4934; x_wconf 88' lang='lat' dir='ltr'><strong>accumbent</strong></span> <span class='ocrx_word' id='word_1_437' title='bbox 799 4862 833 4932; x_wconf 92' lang='lat' dir='ltr'><strong>in</strong></span> <span class='ocrx_word' id='word_1_438' title='bbox 865 4883 975 4954; x_wconf 78' lang='lat' dir='ltr'><strong>regno</strong></span> <span class='ocrx_word' id='word_1_439' title='bbox 1011 4860 1078 4932; x_wconf 91' lang='lat' dir='ltr'><strong>dei.</strong></span> <span class='ocrx_word' id='word_1_440' title='bbox 1131 4849 1260 4902; x_wconf 54' lang='grc' dir='ltr'><strong>ΝΜ)</strong></span> <span class='ocrx_word' id='word_1_441' title='bbox 1278 4859 1320 4928; x_wconf 85' lang='lat' dir='ltr'><strong>lit</strong></span> <span class='ocrx_word' id='word_1_442' title='bbox 1354 4879 1439 4930; x_wconf 87' lang='lat' dir='ltr'><strong>ecoe</strong></span> <span class='ocrx_word' id='word_1_443' title='bbox 1475 4869 1562 4930; x_wconf 89' lang='lat' dir='ltr'><strong>sunt·</strong></span> <span class='ocrx_word' id='word_1_444' title='bbox 1585 4849 1763 4930; x_wconf 86' lang='lat' dir='ltr'><strong>novissimi</strong></span> <span class='ocrx_word' id='word_1_445' title='bbox 1799 4858 1857 4950; x_wconf 90' lang='lat' dir='ltr'><strong>qui</strong></span> 
     </span>
     <span class='ocr_line' id='line_1_39' title="bbox 368 4965 1857 5071; baseline 0 -25"><span class='ocrx_word' id='word_1_446' title='bbox 368 4965 467 5048; x_wconf 86' lang='lat' dir='ltr'><strong>erunt</strong></span> <span class='ocrx_word' id='word_1_447' title='bbox 507 4981 622 5071; x_wconf 88' lang='lat' dir='ltr'><strong>primi,</strong></span> <span class='ocrx_word' id='word_1_448' title='bbox 665 4989 700 5050; x_wconf 90' lang='lat' dir='ltr'><strong>et</strong></span> <span class='ocrx_word' id='word_1_449' title='bbox 735 4989 813 5051; x_wconf 89' lang='lat' dir='ltr'><strong>suut</strong></span> <span class='ocrx_word' id='word_1_450' title='bbox 854 4980 953 5070; x_wconf 91' lang='lat' dir='ltr'><strong>primi</strong></span> <span class='ocrx_word' id='word_1_451' title='bbox 989 4980 1045 5070; x_wconf 91' lang='lat' dir='ltr'><strong>qui</strong></span> <span class='ocrx_word' id='word_1_452' title='bbox 1078 4969 1193 5048; x_wconf 87' lang='lat' dir='ltr'><strong>erunt</strong></span> <span class='ocrx_word' id='word_1_453' title='bbox 1215 4978 1401 5050; x_wconf 88' lang='lat' dir='ltr'><strong>novissimi.</strong></span> <span class='ocrx_word' id='word_1_454' title='bbox 1462 4971 1484 5015; x_wconf 84' lang='lat'><strong>³¹</strong></span> <span class='ocrx_word' id='word_1_455' title='bbox 1501 4965 1602 5022; x_wconf 56' lang='grc' dir='ltr'><strong>(Μ)</strong></span> <span class='ocrx_word' id='word_1_456' title='bbox 1622 4979 1659 5046; x_wconf 94' lang='lat' dir='ltr'><strong>ln</strong></span> <span class='ocrx_word' id='word_1_457' title='bbox 1690 4978 1766 5071; x_wconf 90' lang='lat' dir='ltr'><strong>ipsa</strong></span> <span class='ocrx_word' id='word_1_458' title='bbox 1801 4976 1857 5048; x_wconf 88' lang='lat' dir='ltr'><strong>die</strong></span> 
     </span>
     <span class='ocr_line' id='line_1_40' title="bbox 370 5084 1858 5190; baseline -0.001 -25"><span class='ocrx_word' id='word_1_459' title='bbox 370 5108 593 5168; x_wconf 87' lang='lat' dir='ltr'><strong>accesserunt</strong></span> <span class='ocrx_word' id='word_1_460' title='bbox 626 5097 767 5190; x_wconf 91' lang='lat' dir='ltr'><strong>quidam</strong></span> <span class='ocrx_word' id='word_1_461' title='bbox 802 5088 1066 5168; x_wconf 87' lang='lat' dir='ltr'><strong>Pharisaeorum</strong></span> <span class='ocrx_word' id='word_1_462' title='bbox 1083 5109 1085 5114; x_wconf 83' lang='lat'>&#39;</span> <span class='ocrx_word' id='word_1_463' title='bbox 1101 5094 1257 5166; x_wconf 89' lang='lat' dir='ltr'><strong>dicentes</strong></span> <span class='ocrx_word' id='word_1_464' title='bbox 1292 5097 1336 5167; x_wconf 90' lang='lat' dir='ltr'><strong>illi</strong></span> <span class='ocrx_word' id='word_1_465' title='bbox 1368 5096 1496 5166; x_wconf 86' lang='lat' dir='ltr'><strong>Exiet</strong></span> <span class='ocrx_word' id='word_1_466' title='bbox 1529 5096 1622 5167; x_wconf 91' lang='lat' dir='ltr'><strong>vade</strong></span> <span class='ocrx_word' id='word_1_467' title='bbox 1648 5096 1743 5180; x_wconf 93' lang='lat' dir='ltr'><strong>hinc,</strong></span> <span class='ocrx_word' id='word_1_468' title='bbox 1779 5084 1858 5186; x_wconf 84' lang='lat' dir='ltr'><strong>quia</strong></span> 
     </span>
     <span class='ocr_line' id='line_1_41' title="bbox 898 5201 1263 5297; baseline -0.008 -12"><span class='ocrx_word' id='word_1_469' title='bbox 898 5201 902 5210; x_wconf 84' lang='grc'><em>’</em></span> <span class='ocrx_word' id='word_1_470' title='bbox 969 5209 1263 5297; x_wconf 81' lang='lat' dir='ltr'><strong>xl11,7-3t.</strong></span> 
     </span>
    </p>
   </div>
   <div class='ocr_carea' id='block_1_3' title="bbox 0 0 2154 6116">
    <p class='ocr_par' dir='ltr' id='par_1_3' title="bbox 0 0 2154 6116">
     <span class='ocr_line' id='line_1_42' title="bbox 0 0 2154 6116; baseline 0 0"><span class='ocrx_word' id='word_1_471' title='bbox 0 0 2154 6116; x_wconf 95' lang='lat' dir='ltr'><strong> </strong></span> 
     </span>
    </p>
   </div>
  </div>
 </body>
</html>
