4220 6124
395 375 467 450 294
846 379 1024 443 EPISTULA
1051 379 1102 444 hl)
1131 383 1355 444 COltlh'TlllOS
1380 385 1411 444 ll.

412 483 548 494 —A---n--o-
557 487 669 494 -—-....-.
1200 487 1500 495 —n—-m-ffl—
1508 487 1568 493 -——-
1582 485 1867 495 ¹---—·..-·..----—--=----—

395 563 438 655 lis'
462 585 652 669 lluminum,
685 583 843 677 periculis
870 586 1054 669 latronum,
1089 585 1249 679 periculis
1276 607 1322 657 ex
1349 607 1493 679 genere,
1520 585 1680 678 perieulis
1706 607 1753 654 ex
1779 606 1866 676 gen-

396 704 494 788 tihus,
523 704 682 798 perieuhs
709 704 915 790 incivitate,
943 705 1103 798 periculis
1130 706 1164 776 iu
1191 705 1381 787 solitudine,
1409 706 1570 800 periculis
1596 706 1629 774 in
1651 705 1746 789 mari,
1774 706 1867 799 peri-

396 825 479 894 culis
504 825 538 894 io
564 826 657 895 salsis
684 824 867 908 tratribus,
905 817 932 862 ³⁷
949 825 982 895 iu
1008 826 1128 897 labore
1164 837 1200 898 et
1232 847 1412 912 aerumna,
1447 825 1636 918 invigiliis
1668 825 1799 910 multia,
1834 826 1868 896 in

394 947 485 1014 same
520 953 554 1014 et
585 945 660 1029 siti,
695 944 730 1014 in
762 944 893 1016 ieiuniis
925 945 1058 1030 multis,
1095 946 1127 1016 in
1161 947 1290 1040 higore
1322 955 1358 1018 et
1388 946 1550 1018 nuditate.
1602 937 1628 981 fl
1646 945 1787 1016 Praeter
1812 947 1865 1018 illa

395 1084 485 1156 quae
512 1063 725 1135 extrinsecus
752 1075 829 1135 sunt
854 1065 1012 1137 instantia
1038 1089 1117 1138 mea
1143 1067 1325 1153 cotidiana,
1353 1066 1546 1138 sollicitudo
1574 1066 1738 1138 omnium·
1754 1066 1867 1137 ecole-

395 1183 530 1253 siarum.
583 1174 609 1220 Ἦ
628 1185 712 1268 Quis
738 1184 939 1271 infirmatur,
973 1196 1007 1257 ot
1033 1209 1101 1280 ego
1128 1209 1198 1258 non
1224 1185 1403 1258 infirmor?
1436 1187 1512 1280 quis
1539 1185 1805 1270 scandalizatur,
1833 1196 1867 1256 et

395 1323 463 1394 ego
490 1324 559 1372 non
585 1307 697 1375 uror?
749 1298 776 1344 ³⁰
792 1307 826 1376 Si
853 1307 991 1399 gloriari
1019 1318 1173 1401 oportet,
1208 1327 1299 1400 quae
1332 1306 1533 1378 infirmitatis
1560 1327 1660 1376 meae
1687 1315 1765 1376 sunt
1790 1307 1866 1398 glo-

396 1423 520 1494 riabor.
564 1415 588 1460 ³⁴
604 1425 699 1494 Deus
724 1435 759 1496 et
784 1437 883 1520 pater
909 1426 1037 1498 domini
1065 1429 1141 1499 lesu
1168 1428 1239 1512 scit,
1268 1427 1324 1520 qui
1351 1426 1635 1526 estbenedictus
1661 1426 1866 1510 insaecula,

396 1543 491 1635 quod
516 1565 587 1615 uon
615 1545 768 1616 mentior.
814 1539 1013 1619 ³'Damasci
1040 1549 1258 1642 praepositus
1284 1549 1394 1640 gentis
1419 1547 1547 1618 hretae
1574 1545 1667 1638 regis
1693 1545 1867 1618 custodie-

395 1665 454 1736 bat
472 1657 642 1734 civitatem
661 1667 954 1739 Damascenorum
978 1679 1014 1739 ut
1037 1691 1093 1739 me
1117 1668 1455 1762 conpraehenderet,
1494 1659 1569 1738 ³³et
1594 1687 1657 1760 per
1683 1667 1867 1736 fenestram

395 1784 427 1852 in
456 1793 609 1876 sportam
637 1785 799 1858 dimissus
825 1811 900 1858 sum
927 1810 992 1882 per
1019 1811 1150 1858 murum
1179 1799 1213 1859 et
1239 1789 1342 1881 effugi
1369 1809 1489 1860 manus
1515 1787 1597 1857 eius.

1095 2063 1161 2133 xu.
1236 2157 1241 2166 ι

472 2261 537 2336 'Si
564 2247 702 2358 gloriari
729 2279 875 2361 oportet,
901 2291 970 2341 non
998 2270 1141 2362 expedit
1166 2268 1316 2362 quidem,
1344 2269 1480 2340 veniam
1508 2277 1621 2338 autem
1649 2267 1694 2338 ad
1719 2267 1871 2337 visiones

395 2395 429 2454 et
457 2385 686 2458 revelationes
714 2387 851 2459 domini.
895 2381 1000 2460 'Scio
1027 2389 1201 2461 hominem
1228 2391 1261 2459 in
1288 2389 1420 2460 Christo
1449 2399 1528 2460 ante
1556 2408 1667 2462 annos
1693 2395 1869 2479 quattmr·

396 2503 523 2590 decim,
551 2507 624 2576 sive
651 2508 684 2576 in
701 2503 858 2602 'corpore
885 2510 1019 2594 nescio,
1048 2510 1121 2580 sive
1148 2519 1246 2580 extra
1274 2531 1401 2602 corpus
1427 2510 1565 2594 nescio,
1593 2507 1681 2578 deus
1707 2506 1784 2590 scit,
1813 2527 1869 2576 ra-

397 2634 491 2716 ptum
519 2625 690 2698 eiusmodi
716 2649 826 2721 usque
853 2628 899 2700 ad
925 2630 1061 2700 mutium
1089 2631 1233 2701 caelum.
1276 2622 1344 2718 3Ει
1369 2630 1441 2702 seio
1468 2627 1664 2700 huiusmodi
1688 2625 1868 2710 hominem,

396 2744 470 2814 sive
501 2745 534 2814 in
566 2765 712 2840 corpore
745 2747 818 2819 sive
852 2759 952 2821 extra
978 2771 1105 2844 corpus
1131 2751 1266 2834 nescio,
1301 2749 1388 2822 deus
1415 2749 1499 2832 soit,
1537 2740 1727 2840 *quoniam
1745 2753 1870 2838 ‚raptus

397 2874 451 2934 est
475 2864 508 2934 in
535 2866 732 2958 paradisum
760 2879 796 2940 et
817 2870 948 2942 audivit
970 2891 1096 2942 arcana
1119 2871 1235 2955 verba,
1264 2891 1353 2964 quae
1375 2892 1444 2942 non
1467 2869 1593 2941 licebat
1616 2865 1744 2938 homini
1765 2864 1870 2956 loqui.

395 2975 489 3055 ⁵Pro
517 2985 687 3058 eiusmodi
713 2989 897 3081 gloriabor,
925 3011 989 3088 pro
1016 3001 1214 3062 meantem
1241 2990 1320 3061 nihil
1347 2991 1523 3083 gloriabor
1549 2989 1613 3061 nisi
1637 2987 1672 3058 in
1696 2983 1870 3056 hilirmita-

396 3105 487 3176 tihus
514 3108 610 3178 meis
662 3099 778 3180 ⁶Nam
814 3109 879 3181 etsi
912 3111 1056 3182 voluero
1090 3111 1245 3203 gloriari,
1279 3134 1350 3184 nou
1382 3133 1443 3182 ero
1478 3109 1657 3202 insipieus,
1691 3106 1870 3178 veritatem

396 3226 486 3296 onim
514 3225 645 3298 dicam:
673 3250 780 3322 parco
808 3239 922 3300 autem
943 3251 994 3300 ne
1019 3229 1097 3322 (puis
1123 3231 1157 3300 in
1184 3251 1240 3301 me
1267 3231 1441 3302 existimet
1464 3251 1572 3324 supra
1597 3228 1632 3300 id
1657 3225 1753 3320 quod
1777 3223 1871 3296 videt

396 3369 453 3416 me
479 3357 537 3417 aut
563 3348 658 3420 audit
684 3371 730 3419 ex
757 3371 823 3420 me.
866 3342 934 3420 ⁷Et
957 3373 1001 3421 ne
1024 3350 1224 3442 magnitudo
1250 3349 1497 3424 revelationum
1514 3350 1658 3422 extollat
1675 3368 1742 3431 me,
1769 3345 1870 3416 dahis

396 3477 450 3536 est
475 3467 556 3536 mihi
583 3467 738 3540 stimulus
765 3471 878 3540 carnis
905 3493 1016 3556 meae,
1042 3471 1188 3563 augelus
1214 3482 1366 3556 somnae,
1394 3483 1432 3543 ut
1457 3494 1513 3542 me
1541 3469 1705 3542 odahaet.
1753 3457 1868 3535 ⁸Pro-

398 3596 475 3680 pter
508 3587 604 3680 quod
639 3597 691 3659 ter
724 3589 901 3662 dominum
936 3591 1058 3684 rogavi
1091 3603 1127 3664 ut
1160 3592 1359 3664 diseederet
1393 3615 1413 3666 a
1449 3611 1513 3660 me.
1564 3581 1636 3660 ”Et
1671 3587 1758 3658 dixit
1790 3584 1871 3656 mihi

398 3707 528 3779 Sufficit
560 3709 619 3778 tibi
650 3711 762 3802 gratia
794 3731 891 3781 mea:
923 3731 1004 3784 nam
1038 3712 1145 3783 virtus
1177 3712 1212 3782 in
1244 3712 1437 3784 infirmitate
1471 3709 1653 3804 perficitur.
1712 3706 1870 3776 Libenter

398 3825 499 3920 igitur
525 3828 701 3921 gloriabor
727 3831 760 3901 in
786 3829 1036 3902 infirmitatibus
1063 3832 1166 3916 meis,
1202 3842 1239 3903 ut
1270 3831 1495 3902 inhabitatio
1523 3853 1579 3901 me
1607 3829 1713 3900 virtus
1739 3825 1868 3898 Christi.

397 3939 423 3983 ⁴⁰
440 3947 585 4040 Propter
611 3951 706 4042 quod
732 3952 855 4044 placeo
881 3950 963 4022 mihi
989 3951 1023 4020 in
1049 3950 1312 4037 infirmitatibus,
1339 3952 1373 4021 in
1400 3949 1628 4035 contumeliis,
1654 3949 1689 4020 in
1716 3945 1869 4017 necessi-

278 4157 281 4164 Ι
396 4067 531 4153 tatibus,
559 4069 595 4138 in
621 4070 932 4164 persecutionibus,
960 4071 993 4140 in
1019 4072 1186 4164 angustiis
1212 4094 1276 4165 pro
1305 4069 1455 4142 Christo:
1484 4093 1562 4142 eum
1589 4069 1681 4142 euim
1708 4065 1869 4149 infirmor,

397 4196 476 4258 tuno
496 4198 628 4281 potens
656 4213 741 4262 sum.
786 4182 807 4226 ⁴¹
824 4189 947 4262 Faetus
973 4212 1048 4262 sum
1076 4191 1259 4284 iusipiens:
1288 4213 1350 4261 vos
1375 4213 1432 4262 me
1459 4190 1632 4282 coegistis.
1678 4188 1753 4280 Ego
1780 4186 1870 4256 enim

397 4330 417 4378 a
445 4309 545 4381 vobis
571 4309 678 4382 debui
704 4309 961 4382 commendari:
988 4310 1070 4380 nihil
1096 4311 1187 4382 enirn
1213 4311 1325 4382 minus
1352 4311 1397 4382 lui
1425 4312 1470 4383 ab
1499 4310 1549 4380 his
1577 4311 1633 4403 qui
1661 4317 1740 4380 sunt
1766 4327 1870 4400 super

397 4429 538 4501 modum
553 4433 714 4524 apostoli,
741 4429 940 4502 tamenetsi
965 4430 1046 4502 nihil
1072 4453 1157 4502 sum.
1197 4423 1222 4468 ¹²
1233 4431 1339 4523 Signa
1364 4441 1479 4504 tamen
1504 4429 1654 4524 apostoli
1676 4429 1768 4498 lacta
1795 4435 1872 4498 sunt

353 4539 361 4554 '
397 4571 502 4643 super
529 4571 593 4622 vos
619 4551 653 4622 in
679 4552 771 4622 omni
798 4551 957 4645 potentia,
986 4552 1092 4643 siguis
1118 4561 1153 4622 et
1178 4551 1346 4645 prodigiis
1372 4561 1408 4626 at
1433 4551 1622 4622 virtutibus.
1666 4539 1692 4586 ⁴³
1705 4547 1795 4633 Quid
1817 4545 1872 4618 e'st

397 4669 488 4740 enim
515 4670 610 4764 quod
643 4671 754 4743 minus
786 4671 952 4743 habuistis
986 4692 1071 4765 prae
1104 4672 1225 4742 ceteris
1260 4671 1433 4759 ecclesiis,
1468 4671 1531 4742 nisi
1564 4669 1659 4763 quod
1692 4690 1761 4761 ego
1794 4669 1870 4761 ipse

397 4811 466 4861 non
499 4793 641 4882 gravam
675 4794 769 4863 vos‘?
822 4781 872 4838 (η)
890 4794 1024 4864 [tonate
1060 4791 1139 4862 mihi
1175 4792 1262 4864 hano
1294 4793 1456 4864 iniuriam.
1509 4781 1535 4828 ⁴⁴
1551 4789 1642 4864 Ecce
1675 4790 1776 4860 tertio
1802 4788 1871 4860 hoo

277 4937 281 4944 ·
397 4919 538 5002 paratus
565 4933 641 4983 sum
667 4911 787 4984 venire
815 4912 965 5000 advos,
993 4923 1028 4984 et
1054 4935 1123 4984 nou
1149 4933 1211 4984 ero
1238 4912 1354 5006 gravis
1380 4911 1497 4984 vohis:
1525 4932 1593 4982 non
1621 4911 1710 4982 cuim
1738 4930 1871 5004 quaero

398 5051 488 5121 quae
514 5041 630 5102 vestra
657 5042 735 5104 sunt
761 5033 825 5104 sed
851 5055 930 5105 vos.
982 5035 1055 5106 Nec
1087 5034 1176 5104 enim
1213 5031 1344 5104 debent
1377 5031 1433 5103 filii
1468 5031 1666 5126 parentibus
1701 5029 1870 5102 thesauri-

398 5170 494 5234 zare,
531 5153 595 5224 sed
622 5163 784 5246 parentas
811 5153 895 5224 filiis.
953 5145 978 5188 ⁴⁶
990 5153 1065 5246 Ego
1094 5154 1182 5224 enim
1211 5153 1433 5226 libentissime
1459 5152 1655 5246 impendam
1684 5163 1719 5222 et
1745 5172 1895 5244 super—-

945 5275 996 5359 xl,
1024 5269 1073 5348 27
1104 5311 1148 5326 -·-
1177 5273 1244 5358 Xll,
1277 5276 1330 5344 15.
