4102 6128
828 385 1113 450 raotuooltttttl
1676 411 1709 458 rx

203 491 297 504 ..φ-ιν
301 485 552 497 --’---··-··-“““

210 593 325 668 videri
361 585 481 684 possit
536 583 638 660 Alter
670 599 723 662 eet
759 589 986 662 Theobaldus
1026 591 1225 686 episcopus,
1260 592 1418 664 clusinae
1451 594 1618 669 ecclesiae
1651 600 1709 672 diu

208 712 444 812 praepositus,
472 712 647 799 patronus
674 709 836 782 coenobii
862 709 1040 796 Amiatini,
1068 711 1100 780 in
1128 733 1198 804 quo
1226 713 1329 784 etiarn
1364 733 1490 806 corpus
1523 738 1621 790 suurn
1649 741 1708 792 se·-

207 836 309 934 peliri
343 831 455 914 iussit,
492 826 721 904 clarissimus.
773 831 873 902 Hunc
904 855 974 924 qua
1008 832 1210 904 auctoritate
1243 831 1337 926 apud
1370 831 1581 909 Ludovicum
1612 840 1706 914 Pium

206 956 477 1045 Lotbariumque
514 947 659 1022 valeret
691 949 862 1044 suspicari
895 951 1011 1045 possis
1043 952 1201 1024 euenisse
1234 963 1271 1023 nt
1297 961 1367 1022 tam
1393 955 1566 1046 pretiosus
1593 963 1708 1036 codex

207 1079 374 1156 abbatiae
399 1068 594 1146 lmiatime
624 1069 728 1142 dono
756 1070 906 1144 daretur.
959 1071 1061 1142 Certe
1088 1073 1180 1144 enim
1207 1071 1302 1166 apud
1328 1070 1518 1165 Ughellium
1544 1091 1613 1168 est,
1647 1105 1708 1156 ou·
1822 1133 1826 1140 -

206 1223 309 1276 rasse
346 1190 583 1272 Theobaldum
620 1188 776 1260 codices
810 1212 916 1284 qnam
948 1191 1116 1284 plurimos
1149 1191 1184 1262 in
1214 1189 1424 1265 membranis
1450 1202 1708 1293 exscribendos,

206 1325 304 1400 unde
338 1314 495 1394 Amiatini
526 1307 707 1383 monachi
740 1319 887 1402 possent
920 1312 986 1384 sibi
1021 1311 1255 1388 doctrinarum
1294 1311 1446 1388 subsidia
1479 1321 1577 1394 sacile
1612 1348 1708 1398 com-

207 1467 350 1545 parare.
447 1543 450 1551 .

307 1593 505 1670 Theobaldi
541 1603 627 1660 vero
663 1583 827 1655 meritum
862 1584 952 1654 circa
980 1586 1139 1662 codicem
1175 1594 1331 1658 nostrum
1357 1591 1391 1662 in
1423 1616 1518 1666 mera
1543 1608 1598 1670 est
1624 1621 1708 1672 con-

211 1727 352 1798 iectura
379 1716 548 1812 positum:
578 1703 726 1776 alterum
744 1725 830 1776 vero
848 1703 923 1797 ipse
951 1705 1067 1778 codex
1097 1715 1247 1781 testatur
1270 1708 1305 1780 in
1331 1731 1375 1782 eo
1393 1711 1557 1788 donando
1574 1731 1708 1813 partem
1767 1773 1832 1814 m
1941 1694 1955 1720 ι.

210 1843 395 1918 habuisse.
448 1837 480 1906 ls
509 1837 565 1902 est
590 1825 715 1895 Petrus
742 1825 853 1896 abbas
878 1823 1086 1912 uniamus,
1120 1853 1144 1901 a
1180 1825 1416 1922 Longobardis
1448 1836 1625 1926 orimrdus,
1651 1843 1709 1936 qui

215 1967 309 2037 cirea
336 1961 445 2032 finem
472 1946 604 2024 saeculi
638 1944 720 2016 noni
752 1954 788 2016 et
811 1943 939 2016 initium
975 1945 1101 2018 decimi
1130 1950 1295 2022 coenobii
1320 1952 1373 2024 sui
1403 1976 1518 2028 euram
1543 1961 1651 2052 gessit
1676 1973 1711 2035 st

216 2107 280 2180 pro
316 2098 449 2170 magna
483 2065 689 2144 auctoritate
721 2085 789 2156 qua
822 2064 915 2156 apud
947 2067 1121 2160 principes
1166 2068 1241 2142 eius
1276 2073 1395 2144 aetatis
1434 2077 1527 2150 viros
1558 2081 1711 2174 pollebat

217 2203 333 2278 multis
369 2193 580 2282 eximiisque
614 2181 790 2256 beneficiis
825 2185 929 2256 auxit.
980 2188 1017 2260 ln
1050 2186 1103 2260 bis
1137 2191 1236 2263 enim
1259 2193 1437 2268 beneficiis
1469 2199 1580 2294 ipsum
1606 2204 1711 2278 irrisae

218 2322 384 2396 codicem
412 2322 582 2392 nostrum,
609 2326 657 2378 ex
683 2302 833 2374 carmine
858 2305 1038 2396 probabile
1063 2307 1101 2379 fit
1127 2314 1230 2402 quod
1254 2315 1336 2386 lolio
1362 2316 1473 2410 primo
1498 2343 1603 2395 verso
1627 2325 1713 2398 inter

220 2443 310 2516 duas
345 2437 528 2510 columnas
564 2447 648 2498 arcu
685 2424 905 2518 superposito
939 2427 1102 2520 scripturn
1139 2443 1196 2502 est
1231 2434 1349 2506 litteris
1382 2440 1548 2514 maximis.
1609 2448 1711 2533 Quod

223 2581 366 2634 carmen
393 2574 486 2626 nunc
513 2549 564 2620 sic
591 2543 724 2638 legitur.

388 2715 427 2792 aaa
458 2705 645 2776 Crocotium
672 2699 717 2772 ad
743 2699 858 2771 eximii
883 2701 1005 2774 mento
1031 2705 1232 2782 venerabile
1258 2713 1449 2793 Satanae,

484 2807 598 2912 Quem
625 2828 728 2914 caput
753 2820 923 2894 ecelesiae
949 2821 1088 2896 dedicat
1114 2825 1183 2897 alta
1209 2827 1315 2916 fides,

450 2951 564 3016 Petrus
589 2941 867 3032 Langobardomm
893 2943 1057 3016 extremis
1084 2943 1130 3016 de
1156 2945 1281 3020 linibus
1307 2949 1417 3023 abbae

483 3063 608 3136 Devoti
634 3063 775 3134 allectus
801 3062 947 3158 pignora
973 3065 1068 3138 mitto
1095 3065 1175 3150 mei,

450 3184 576 3276 Meque
601 3203 770 3275 meosque
797 3193 920 3275 optans
947 3185 1029 3256 tanti
1054 3184 1144 3256 inter
1169 3185 1295 3278 gaudia
1319 3188 1427 3278 patris

484 3305 521 3374 ln
547 3303 651 3374 caelis
677 3321 869 3372 memorem
897 3323 1036 3397 semper
1061 3302 1193 3373 babere
1218 3303 1341 3374 locum.

305 3463 401 3534 Haec
434 3481 520 3531 vero
555 3437 713 3528 carminis
746 3455 947 3528 dedicatorii
981 3477 1050 3526 non
1084 3457 1195 3548 prima
1228 3458 1314 3528 ratio
1341 3469 1410 3545 est,
1443 3461 1507 3532 sed
1534 3466 1705 3555 quemad-

229 3583 374 3658 modum
399 3581 522 3652 Petrus
547 3573 856 3670 Longobardorum
882 3575 1106 3672 interpolavit.
1161 3579 1258 3663 Quae
1292 3579 1383 3650 enim
1410 3582 1534 3668 verba,
1562 3587 1705 3658 cursivis

229 3704 349 3778 litteris
376 3723 397 3772 a
422 3701 524 3772 nobis
551 3719 738 3794 expressa,
765 3699 829 3792 ipsi
854 3709 965 3769 metro
992 3709 1203 3789 repugnant,
1240 3699 1447 3772 coenobium
1483 3712 1518 3774 et
1543 3703 1703 3779 Salvato-

230 3827 293 3912 ris,
320 3825 403 3894 item
436 3822 556 3892 Petrus
582 3819 911 3912 Longobardornm,
940 3839 983 3888 ea
1008 3817 1184 3889 veteribus
1218 3819 1328 3890 erasis
1356 3823 1589 3918 superscripta
1615 3838 1702 3902 sunt.

229 3949 298 4018 lsta
323 3965 410 4015 vero
437 3939 654 4034 interpolatio
680 3949 839 4024 testatur,
865 3939 922 4012 vel
949 3946 1043 4010 certe
1069 3937 1206 4014 videtur
1231 3941 1358 4026 testari,
1385 3942 1523 4016 Petrum
1541 3943 1702 4022 abbatem
1738 4025 1742 4035 ,

230 4065 402 4139 coenobio
429 4081 504 4147 suc,
532 4061 628 4154 quod
654 4060 838 4132 Salvatoris
863 4079 990 4132 nornen
1015 4057 1170 4152 gerebat,
1197 4059 1354 4134 codicem
1380 4061 1470 4133 hunc
1503 4065 1700 4158 pretiosum,

229 4209 335 4282 quern
360 4183 452 4256 unde
480 4180 675 4274 acquisierit
700 4203 770 4252 non
796 4189 936 4264 constat,
964 4179 1058 4251 dono
1085 4179 1236 4266 dedisse,
1264 4189 1334 4258 tam
1362 4181 1488 4276 exigna
1512 4184 1604 4262 illum
1624 4188 1700 4280 qai-

228 4309 311 4381 dem
339 4326 424 4398 erga
448 4303 562 4397 ipsum
588 4301 775 4395 principem
800 4301 876 4373 libri
909 4299 1114 4375 donatorem
1147 4323 1295 4398 eumque
1325 4311 1502 4376 auctorem
1534 4306 1699 4398 religione

228 4451 330 4502 usum
348 4435 384 4497 ut
402 4426 592 4519 depravato
611 4422 762 4494 carmine
780 4419 994 4496 dedicatorio
1013 4444 1077 4516 pro
1095 4419 1182 4494 illius
1200 4422 1337 4493 nomine
1354 4423 1574 4498 substitueret
1591 4448 1697 4502 suurn.

938 4699 988 4768 lV.

327 4913 401 4982 Hoc
427 4907 575 4980 carmine
602 4905 725 4976 amotis
752 4905 1070 5000 interpolationibus
1097 4904 1130 4974 in
1154 4903 1323 4996 integrum
1341 4905 1494 4977 restituto
1512 4907 1545 4976 in
1562 4919 1698 5000 promtu

231 5044 286 5106 est
319 5032 459 5102 multum
492 5025 660 5122 prollcere
692 5025 804 5119 ipsam
837 5023 914 5096 libri
951 5023 1109 5096 Amiatini
1141 5023 1306 5116 originem
1337 5025 1564 5119 indagantem.
1620 5027 1696 5112 Quo

233 5152 347 5228 officio
373 5146 553 5222 Bandinius
579 5153 648 5218 tam
675 5145 817 5238 egregie
842 5146 976 5222 iunctus
1002 5154 1118 5218 estut
1150 5144 1231 5220 nihil
1260 5145 1455 5224 laciendum
1481 5147 1695 5244 relinqueret.

231 5275 287 5345 Ex
318 5273 362 5342 iis'
392 5269 480 5342 enim
513 5287 601 5359 quae
631 5265 695 5336 sub
727 5267 920 5338 recentiore
946 5266 1074 5339 veteris
1107 5266 1296 5360 scripturae
1321 5277 1518 5338 manserunt
1543 5268 1696 5361 vestigiis

1376 5393 1394 5454 b
