<?xml version="1.0" encoding="UTF-8"?>
<!DOCTYPE html PUBLIC "-//W3C//DTD XHTML 1.0 Transitional//EN"
    "http://www.w3.org/TR/xhtml1/DTD/xhtml1-transitional.dtd">
<html xmlns="http://www.w3.org/1999/xhtml" xml:lang="en" lang="en">
 <head>
  <title>
</title>
<meta http-equiv="Content-Type" content="text/html;charset=utf-8" />
  <meta name='ocr-system' content='tesseract 3.04.00' />
  <meta name='ocr-capabilities' content='ocr_page ocr_carea ocr_par ocr_line ocrx_word'/>
</head>
<body>
  <div class='ocr_page' id='page_1' title='image "./novumtestamentu02tiscgoog_0042.png"; bbox 0 0 4102 6128; ppageno 0'>
   <div class='ocr_carea' id='block_1_1' title="bbox 803 415 1696 518">
    <p class='ocr_par' dir='ltr' id='par_1_1' title="bbox 803 415 1696 518">
     <span class='ocr_line' id='line_1_1' title="bbox 803 415 1696 518; baseline 0.008 -39"><span class='ocrx_word' id='word_1_1' title='bbox 803 415 1088 482; x_wconf 78' lang='lat' dir='ltr'>PROLEGOMENA</span> <span class='ocrx_word' id='word_1_2' title='bbox 1586 439 1696 518; x_wconf 81' lang='lat' dir='ltr'>xxxvu</span> 
     </span>
    </p>
   </div>
   <div class='ocr_carea' id='block_1_2' title="bbox 204 523 1695 537">
    <p class='ocr_par' dir='ltr' id='par_1_2' title="bbox 204 523 1695 537">
     <span class='ocr_line' id='line_1_2' title="bbox 204 523 1695 537; baseline -0.001 -3"><span class='ocrx_word' id='word_1_3' title='bbox 204 524 410 537; x_wconf 75' lang='lat'><em>-.-.--·-—-·</em></span> <span class='ocrx_word' id='word_1_4' title='bbox 422 524 430 530; x_wconf 83' lang='lat'>-</span> <span class='ocrx_word' id='word_1_5' title='bbox 698 523 1074 534; x_wconf 67' lang='lat'><em>—-·—·-.——-—-—-—-—</em></span> <span class='ocrx_word' id='word_1_6' title='bbox 1086 526 1160 533; x_wconf 73' lang='lat'>-.--</span> <span class='ocrx_word' id='word_1_7' title='bbox 1606 529 1695 536; x_wconf 76' lang='lat'>...—</span> 
     </span>
    </p>
   </div>
   <div class='ocr_carea' id='block_1_3' title="bbox 192 621 1831 4568">
    <p class='ocr_par' dir='ltr' id='par_1_3' title="bbox 192 621 1699 1800">
     <span class='ocr_line' id='line_1_3' title="bbox 192 621 1251 719; baseline -0.004 -21"><span class='ocrx_word' id='word_1_8' title='bbox 192 627 509 719; x_wconf 79' lang='lat' dir='ltr'><strong>Argumentum</strong></span> <span class='ocrx_word' id='word_1_9' title='bbox 539 621 674 694; x_wconf 91' lang='lat' dir='ltr'>solius</span> <span class='ocrx_word' id='word_1_10' title='bbox 701 622 923 715; x_wconf 84' lang='lat' dir='ltr'>epistulae</span> <span class='ocrx_word' id='word_1_11' title='bbox 949 623 1003 694; x_wconf 89' lang='lat' dir='ltr'>ad</span> <span class='ocrx_word' id='word_1_12' title='bbox 1029 624 1251 696; x_wconf 90' lang='lat' dir='ltr'>Romanos.</span> 
     </span>
     <span class='ocr_line' id='line_1_4' title="bbox 244 735 1695 842; baseline -0.003 -24"><span class='ocrx_word' id='word_1_13' title='bbox 244 748 323 840; x_wconf 91' lang='lat' dir='ltr'>Pag.</span> <span class='ocrx_word' id='word_1_14' title='bbox 352 746 444 830; x_wconf 73' lang='grc'><strong>285.</strong></span> <span class='ocrx_word' id='word_1_15' title='bbox 480 744 539 814; x_wconf 93' lang='lat' dir='ltr'>lin.</span> <span class='ocrx_word' id='word_1_16' title='bbox 570 747 601 814; x_wconf 93' lang='lat' dir='ltr'>l.</span> <span class='ocrx_word' id='word_1_17' title='bbox 635 743 885 836; x_wconf 90' lang='lat' dir='ltr'>gentibusque:</span> <span class='ocrx_word' id='word_1_18' title='bbox 920 755 1097 818; x_wconf 86' lang='lat' dir='ltr'>corrector</span> <span class='ocrx_word' id='word_1_19' title='bbox 1125 745 1381 838; x_wconf 77' lang='lat' dir='ltr'>gentilibusque</span> <span class='ocrx_word' id='word_1_20' title='bbox 1404 735 1410 842; x_wconf 95' lang='grc' dir='ltr'>Ι</span> <span class='ocrx_word' id='word_1_21' title='bbox 1434 743 1494 814; x_wconf 93' lang='lat' dir='ltr'>lin.</span> <span class='ocrx_word' id='word_1_22' title='bbox 1530 747 1565 816; x_wconf 83' lang='lat'>5.</span> <span class='ocrx_word' id='word_1_23' title='bbox 1592 744 1695 817; x_wconf 91' lang='lat' dir='ltr'>deus:</span> 
     </span>
     <span class='ocr_line' id='line_1_5' title="bbox 246 862 1697 964; baseline -0.003 -25"><span class='ocrx_word' id='word_1_24' title='bbox 246 866 442 961; x_wconf 91' lang='lat' dir='ltr'>suppletum</span> <span class='ocrx_word' id='word_1_25' title='bbox 465 873 524 934; x_wconf 91' lang='lat' dir='ltr'>est</span> <span class='ocrx_word' id='word_1_26' title='bbox 547 885 653 936; x_wconf 91' lang='lat' dir='ltr'>mann</span> <span class='ocrx_word' id='word_1_27' title='bbox 672 862 909 956; x_wconf 88' lang='lat' dir='ltr'>antiquissima</span> <span class='ocrx_word' id='word_1_28' title='bbox 929 864 938 964; x_wconf 96' lang='grc' dir='ltr'>Ι</span> <span class='ocrx_word' id='word_1_29' title='bbox 961 865 1015 936; x_wconf 94' lang='lat' dir='ltr'>lin.</span> <span class='ocrx_word' id='word_1_30' title='bbox 1037 869 1094 941; x_wconf 91' lang='grc'><strong>12.</strong></span> <span class='ocrx_word' id='word_1_31' title='bbox 1113 887 1171 938; x_wconf 92' lang='lat' dir='ltr'>se:</span> <span class='ocrx_word' id='word_1_32' title='bbox 1200 867 1395 959; x_wconf 91' lang='lat' dir='ltr'>suppletum</span> <span class='ocrx_word' id='word_1_33' title='bbox 1413 873 1469 936; x_wconf 89' lang='lat' dir='ltr'>est</span> <span class='ocrx_word' id='word_1_34' title='bbox 1485 886 1593 936; x_wconf 90' lang='lat' dir='ltr'>mann</span> <span class='ocrx_word' id='word_1_35' title='bbox 1610 865 1697 936; x_wconf 88' lang='lat' dir='ltr'>anti-</span> 
     </span>
     <span class='ocr_line' id='line_1_6' title="bbox 246 979 1698 1082; baseline -0.001 -25"><span class='ocrx_word' id='word_1_36' title='bbox 246 987 409 1082; x_wconf 90' lang='lat' dir='ltr'>quissima</span> <span class='ocrx_word' id='word_1_37' title='bbox 434 981 440 1082; x_wconf 87' lang='grc' dir='ltr'>Ι</span> <span class='ocrx_word' id='word_1_38' title='bbox 466 985 527 1055; x_wconf 93' lang='lat' dir='ltr'>lin.</span> <span class='ocrx_word' id='word_1_39' title='bbox 558 979 616 1058; x_wconf 77' lang='grc'>17.</span> <span class='ocrx_word' id='word_1_40' title='bbox 651 983 695 1053; x_wconf 87' lang='lat' dir='ltr'>Et</span> <span class='ocrx_word' id='word_1_41' title='bbox 727 983 797 1054; x_wconf 90' lang='lat' dir='ltr'>boc</span> <span class='ocrx_word' id='word_1_42' title='bbox 830 983 944 1078; x_wconf 92' lang='lat' dir='ltr'>ipsum</span> <span class='ocrx_word' id='word_1_43' title='bbox 977 1007 1049 1056; x_wconf 91' lang='lat' dir='ltr'>non</span> <span class='ocrx_word' id='word_1_44' title='bbox 1080 985 1323 1060; x_wconf 82' lang='lat' dir='ltr'>merebamini:</span> <span class='ocrx_word' id='word_1_45' title='bbox 1359 985 1450 1058; x_wconf 87' lang='lat' dir='ltr'>baec</span> <span class='ocrx_word' id='word_1_46' title='bbox 1480 985 1515 1056; x_wconf 91' lang='lat' dir='ltr'>iu</span> <span class='ocrx_word' id='word_1_47' title='bbox 1541 986 1698 1078; x_wconf 81' lang='lat' dir='ltr'>margine</span> 
     </span>
     <span class='ocr_line' id='line_1_7' title="bbox 249 1096 1699 1202; baseline -0.003 -24"><span class='ocrx_word' id='word_1_48' title='bbox 249 1107 404 1200; x_wconf 90' lang='lat' dir='ltr'>suppleta</span> <span class='ocrx_word' id='word_1_49' title='bbox 432 1112 519 1175; x_wconf 90' lang='lat' dir='ltr'>sunt</span> <span class='ocrx_word' id='word_1_50' title='bbox 542 1096 548 1201; x_wconf 96' lang='grc' dir='ltr'>Ι</span> <span class='ocrx_word' id='word_1_51' title='bbox 570 1104 626 1174; x_wconf 92' lang='lat' dir='ltr'>lio.</span> <span class='ocrx_word' id='word_1_52' title='bbox 658 1103 716 1172; x_wconf 98' lang='grc'>19.</span> <span class='ocrx_word' id='word_1_53' title='bbox 744 1104 851 1175; x_wconf 91' lang='lat' dir='ltr'>enim:</span> <span class='ocrx_word' id='word_1_54' title='bbox 879 1105 1112 1199; x_wconf 91' lang='lat' dir='ltr'>improbatum</span> <span class='ocrx_word' id='word_1_55' title='bbox 1131 1113 1185 1176; x_wconf 91' lang='lat' dir='ltr'>est</span> <span class='ocrx_word' id='word_1_56' title='bbox 1208 1099 1213 1202; x_wconf 90' lang='grc' dir='ltr'>Ι</span> <span class='ocrx_word' id='word_1_57' title='bbox 1235 1104 1290 1174; x_wconf 93' lang='lat' dir='ltr'>lin.</span> <span class='ocrx_word' id='word_1_58' title='bbox 1310 1109 1369 1179; x_wconf 92' lang='grc'><strong>20.</strong></span> <span class='ocrx_word' id='word_1_59' title='bbox 1395 1105 1554 1178; x_wconf 83' lang='lat' dir='ltr'>maioris:</span> <span class='ocrx_word' id='word_1_60' title='bbox 1582 1104 1699 1177; x_wconf 83' lang='lat' dir='ltr'>codex</span> 
     </span>
     <span class='ocr_line' id='line_1_8' title="bbox 248 1222 1699 1319; baseline -0.002 -21"><span class='ocrx_word' id='word_1_61' title='bbox 248 1227 376 1298; x_wconf 87' lang='lat' dir='ltr'>mauris</span> <span class='ocrx_word' id='word_1_62' title='bbox 400 1223 406 1318; x_wconf 96' lang='grc' dir='ltr'>Ι</span> <span class='ocrx_word' id='word_1_63' title='bbox 430 1225 491 1296; x_wconf 90' lang='lat' dir='ltr'>lin.</span> <span class='ocrx_word' id='word_1_64' title='bbox 521 1222 581 1298; x_wconf 78' lang='grc'><strong>21.</strong></span> <span class='ocrx_word' id='word_1_65' title='bbox 615 1223 650 1294; x_wconf 93' lang='lat' dir='ltr'>in</span> <span class='ocrx_word' id='word_1_66' title='bbox 684 1223 806 1296; x_wconf 89' lang='lat' dir='ltr'>codice</span> <span class='ocrx_word' id='word_1_67' title='bbox 834 1235 889 1296; x_wconf 92' lang='lat' dir='ltr'>est</span> <span class='ocrx_word' id='word_1_68' title='bbox 924 1226 1031 1298; x_wconf 87' lang='lat' dir='ltr'>oculis</span> <span class='ocrx_word' id='word_1_69' title='bbox 1066 1223 1295 1316; x_wconf 67' lang='lat' dir='ltr'>Vveneranda</span> <span class='ocrx_word' id='word_1_70' title='bbox 1323 1225 1492 1319; x_wconf 59' lang='lat' dir='ltr'>squibus:</span> <span class='ocrx_word' id='word_1_71' title='bbox 1521 1236 1699 1300; x_wconf 85' lang='lat' dir='ltr'>corrector</span> 
     </span>
     <span class='ocr_line' id='line_1_9' title="bbox 250 1336 1698 1442; baseline -0.002 -23"><span class='ocrx_word' id='word_1_72' title='bbox 250 1367 385 1420; x_wconf 79' lang='lat' dir='ltr'>enasse</span> <span class='ocrx_word' id='word_1_73' title='bbox 411 1345 558 1416; x_wconf 89' lang='lat' dir='ltr'>videtur</span> <span class='ocrx_word' id='word_1_74' title='bbox 581 1336 586 1442; x_wconf 88' lang='grc' dir='ltr'>Ι</span> <span class='ocrx_word' id='word_1_75' title='bbox 609 1345 667 1415; x_wconf 93' lang='lat' dir='ltr'>lin.</span> <span class='ocrx_word' id='word_1_76' title='bbox 695 1347 754 1420; x_wconf 84' lang='grc'><strong>25.</strong></span> <span class='ocrx_word' id='word_1_77' title='bbox 782 1347 972 1421; x_wconf 81' lang='lat' dir='ltr'>fastidium:</span> <span class='ocrx_word' id='word_1_78' title='bbox 1000 1355 1194 1418; x_wconf 87' lang='lat' dir='ltr'>correctum</span> <span class='ocrx_word' id='word_1_79' title='bbox 1223 1355 1278 1418; x_wconf 91' lang='lat' dir='ltr'>est</span> <span class='ocrx_word' id='word_1_80' title='bbox 1302 1345 1438 1417; x_wconf 81' lang='lat' dir='ltr'>fastidio</span> <span class='ocrx_word' id='word_1_81' title='bbox 1463 1339 1468 1441; x_wconf 95' lang='grc' dir='ltr'>Ι</span> <span class='ocrx_word' id='word_1_82' title='bbox 1493 1347 1548 1418; x_wconf 87' lang='lat' dir='ltr'>lin.</span> <span class='ocrx_word' id='word_1_83' title='bbox 1577 1342 1637 1422; x_wconf 81' lang='grc'><strong>27.</strong></span> <span class='ocrx_word' id='word_1_84' title='bbox 1665 1347 1698 1417; x_wconf 89' lang='lat' dir='ltr'>in</span> 
     </span>
     <span class='ocr_line' id='line_1_10' title="bbox 251 1457 1699 1562; baseline -0.001 -22"><span class='ocrx_word' id='word_1_85' title='bbox 251 1467 369 1540; x_wconf 89' lang='lat' dir='ltr'>codiee</span> <span class='ocrx_word' id='word_1_86' title='bbox 387 1486 440 1560; x_wconf 93' lang='lat' dir='ltr'>pr.</span> <span class='ocrx_word' id='word_1_87' title='bbox 461 1487 509 1534; x_wconf 90' lang='lat' dir='ltr'>m.</span> <span class='ocrx_word' id='word_1_88' title='bbox 528 1473 582 1534; x_wconf 88' lang='lat' dir='ltr'>est</span> <span class='ocrx_word' id='word_1_89' title='bbox 600 1467 805 1556; x_wconf 83' lang='lat' dir='ltr'>precatione</span> <span class='ocrx_word' id='word_1_90' title='bbox 829 1457 834 1562; x_wconf 95' lang='grc' dir='ltr'>Ι</span> <span class='ocrx_word' id='word_1_91' title='bbox 858 1463 944 1560; x_wconf 88' lang='lat' dir='ltr'>Pag.</span> <span class='ocrx_word' id='word_1_92' title='bbox 961 1469 1046 1540; x_wconf 92' lang='grc'><strong>236.</strong></span> <span class='ocrx_word' id='word_1_93' title='bbox 1069 1468 1123 1538; x_wconf 93' lang='lat' dir='ltr'>lin.</span> <span class='ocrx_word' id='word_1_94' title='bbox 1144 1471 1177 1538; x_wconf 87' lang='lat'>5.</span> <span class='ocrx_word' id='word_1_95' title='bbox 1198 1467 1253 1538; x_wconf 88' lang='lat' dir='ltr'>Sic</span> <span class='ocrx_word' id='word_1_96' title='bbox 1271 1475 1398 1538; x_wconf 87' lang='lat' dir='ltr'>autem:</span> <span class='ocrx_word' id='word_1_97' title='bbox 1428 1467 1548 1540; x_wconf 89' lang='lat' dir='ltr'>codex</span> <span class='ocrx_word' id='word_1_98' title='bbox 1567 1467 1617 1538; x_wconf 71' lang='lat' dir='ltr'>Sie</span> <span class='ocrx_word' id='word_1_99' title='bbox 1634 1489 1699 1539; x_wconf 91' lang='lat' dir='ltr'>an-</span> 
     </span>
     <span class='ocr_line' id='line_1_11' title="bbox 252 1569 1696 1684; baseline 0 -26"><span class='ocrx_word' id='word_1_100' title='bbox 252 1569 319 1658; x_wconf 79' lang='lat' dir='ltr'>tem</span> <span class='ocrx_word' id='word_1_101' title='bbox 341 1581 347 1684; x_wconf 98' lang='grc' dir='ltr'>Ι</span> <span class='ocrx_word' id='word_1_102' title='bbox 369 1586 427 1656; x_wconf 93' lang='lat' dir='ltr'>lin.</span> <span class='ocrx_word' id='word_1_103' title='bbox 449 1587 511 1656; x_wconf 90' lang='grc'>13.</span> <span class='ocrx_word' id='word_1_104' title='bbox 533 1593 583 1654; x_wconf 91' lang='lat' dir='ltr'>ut:</span> <span class='ocrx_word' id='word_1_105' title='bbox 612 1585 809 1678; x_wconf 86' lang='lat' dir='ltr'>suppletum</span> <span class='ocrx_word' id='word_1_106' title='bbox 828 1597 891 1658; x_wconf 91' lang='lat' dir='ltr'>est.</span> <span class='ocrx_word' id='word_1_107' title='bbox 919 1588 1045 1660; x_wconf 81' lang='lat' dir='ltr'>Postea</span> <span class='ocrx_word' id='word_1_108' title='bbox 1062 1589 1096 1660; x_wconf 91' lang='lat' dir='ltr'>in</span> <span class='ocrx_word' id='word_1_109' title='bbox 1114 1589 1237 1661; x_wconf 91' lang='lat' dir='ltr'>codice</span> <span class='ocrx_word' id='word_1_110' title='bbox 1256 1611 1307 1682; x_wconf 93' lang='lat' dir='ltr'>pr.</span> <span class='ocrx_word' id='word_1_111' title='bbox 1323 1609 1367 1657; x_wconf 94' lang='lat' dir='ltr'>m.</span> <span class='ocrx_word' id='word_1_112' title='bbox 1387 1597 1442 1658; x_wconf 91' lang='lat' dir='ltr'>est</span> <span class='ocrx_word' id='word_1_113' title='bbox 1460 1581 1696 1670; x_wconf 87' lang='lat' dir='ltr'>debueritllio.</span> 
     </span>
     <span class='ocr_line' id='line_1_12' title="bbox 254 1705 1567 1800; baseline 0.003 -24"><span class='ocrx_word' id='word_1_114' title='bbox 254 1705 538 1790; x_wconf 60' lang='lat' dir='ltr'>reuocandos:</span> <span class='ocrx_word' id='word_1_115' title='bbox 563 1705 598 1774; x_wconf 91' lang='lat' dir='ltr'>in</span> <span class='ocrx_word' id='word_1_116' title='bbox 626 1706 750 1778; x_wconf 87' lang='lat' dir='ltr'>codice</span> <span class='ocrx_word' id='word_1_117' title='bbox 777 1708 949 1800; x_wconf 86' lang='lat' dir='ltr'>sequitur,</span> <span class='ocrx_word' id='word_1_118' title='bbox 978 1709 1042 1781; x_wconf 92' lang='lat' dir='ltr'>sed</span> <span class='ocrx_word' id='word_1_119' title='bbox 1070 1711 1276 1784; x_wconf 87' lang='lat' dir='ltr'>exstinctum</span> <span class='ocrx_word' id='word_1_120' title='bbox 1303 1719 1365 1794; x_wconf 90' lang='lat' dir='ltr'>est,</span> <span class='ocrx_word' id='word_1_121' title='bbox 1394 1708 1567 1781; x_wconf 85' lang='lat' dir='ltr'>ostendat.</span> 
     </span>
    </p>

    <p class='ocr_par' dir='ltr' id='par_1_4' title="bbox 203 1823 1695 2522">
     <span class='ocr_line' id='line_1_13' title="bbox 203 1823 1021 1922; baseline 0 -22"><span class='ocrx_word' id='word_1_122' title='bbox 203 1827 471 1920; x_wconf 88' lang='lat' dir='ltr'>Capitulatio</span> <span class='ocrx_word' id='word_1_123' title='bbox 501 1823 554 1895; x_wconf 90' lang='lat' dir='ltr'>de</span> <span class='ocrx_word' id='word_1_124' title='bbox 581 1826 784 1899; x_wconf 92' lang='lat' dir='ltr'>omnibus</span> <span class='ocrx_word' id='word_1_125' title='bbox 811 1829 1021 1922; x_wconf 87' lang='lat' dir='ltr'>epistulis.</span> 
     </span>
     <span class='ocr_line' id='line_1_14' title="bbox 255 1945 1691 2043; baseline -0.003 -22"><span class='ocrx_word' id='word_1_126' title='bbox 255 1949 288 2021; x_wconf 90' lang='grc'><strong>2.</strong></span> <span class='ocrx_word' id='word_1_127' title='bbox 315 1947 421 2018; x_wconf 87' lang='grc' dir='ltr'><strong>Τεεε;</strong></span> <span class='ocrx_word' id='word_1_128' title='bbox 450 1954 650 2016; x_wconf 87' lang='lat' dir='ltr'>correctum</span> <span class='ocrx_word' id='word_1_129' title='bbox 677 1957 731 2018; x_wconf 92' lang='lat' dir='ltr'>est</span> <span class='ocrx_word' id='word_1_130' title='bbox 757 1947 876 2022; x_wconf 89' lang='lat' dir='ltr'>Thess.</span> <span class='ocrx_word' id='word_1_131' title='bbox 925 1949 1018 2022; x_wconf 91' lang='lat' dir='ltr'>ldem</span> <span class='ocrx_word' id='word_1_132' title='bbox 1054 1949 1092 2020; x_wconf 86' lang='lat' dir='ltr'>fit</span> <span class='ocrx_word' id='word_1_133' title='bbox 1120 1953 1176 2020; x_wconf 92' lang='lat' dir='ltr'>l0.</span> <span class='ocrx_word' id='word_1_134' title='bbox 1205 1957 1240 2018; x_wconf 93' lang='grc' dir='ltr'>ει</span> <span class='ocrx_word' id='word_1_135' title='bbox 1267 1951 1326 2022; x_wconf 90' lang='grc'><strong>21.</strong></span> <span class='ocrx_word' id='word_1_136' title='bbox 1351 1945 1356 2043; x_wconf 95' lang='grc' dir='ltr'>Ι</span> <span class='ocrx_word' id='word_1_137' title='bbox 1382 1951 1414 2018; x_wconf 90' lang='grc'>6.</span> <span class='ocrx_word' id='word_1_138' title='bbox 1447 1948 1579 2019; x_wconf 90' lang='lat' dir='ltr'><strong>XVIIII:</strong></span> <span class='ocrx_word' id='word_1_139' title='bbox 1616 1969 1691 2018; x_wconf 92' lang='lat' dir='ltr'>cor-</span> 
     </span>
     <span class='ocr_line' id='line_1_15' title="bbox 254 2063 1695 2164; baseline 0 -28"><span class='ocrx_word' id='word_1_140' title='bbox 254 2075 385 2138; x_wconf 85' lang='lat' dir='ltr'>rectum</span> <span class='ocrx_word' id='word_1_141' title='bbox 414 2075 471 2138; x_wconf 87' lang='grc' dir='ltr'>εει</span> <span class='ocrx_word' id='word_1_142' title='bbox 497 2065 607 2136; x_wconf 87' lang='lat' dir='ltr'><strong>XVIII.</strong></span> <span class='ocrx_word' id='word_1_143' title='bbox 632 2063 637 2156; x_wconf 94' lang='grc' dir='ltr'>Ι</span> <span class='ocrx_word' id='word_1_144' title='bbox 663 2069 721 2141; x_wconf 88' lang='grc'><strong>32.</strong></span> <span class='ocrx_word' id='word_1_145' title='bbox 760 2068 805 2140; x_wconf 95' lang='lat' dir='ltr'>ad</span> <span class='ocrx_word' id='word_1_146' title='bbox 840 2092 939 2142; x_wconf 92' lang='lat' dir='ltr'>nsns:</span> <span class='ocrx_word' id='word_1_147' title='bbox 975 2071 1171 2164; x_wconf 88' lang='lat' dir='ltr'>suppletum</span> <span class='ocrx_word' id='word_1_148' title='bbox 1208 2077 1262 2138; x_wconf 91' lang='lat' dir='ltr'>est</span> <span class='ocrx_word' id='word_1_149' title='bbox 1294 2066 1327 2136; x_wconf 92' lang='lat' dir='ltr'>in</span> <span class='ocrx_word' id='word_1_150' title='bbox 1363 2068 1529 2160; x_wconf 87' lang='lat' dir='ltr'>margine.</span> <span class='ocrx_word' id='word_1_151' title='bbox 1564 2065 1695 2138; x_wconf 90' lang='lat' dir='ltr'>Ibidem</span> 
     </span>
     <span class='ocr_line' id='line_1_16' title="bbox 258 2181 1695 2284; baseline 0 -28"><span class='ocrx_word' id='word_1_152' title='bbox 258 2187 432 2281; x_wconf 86' lang='lat' dir='ltr'>proprios:</span> <span class='ocrx_word' id='word_1_153' title='bbox 476 2185 591 2257; x_wconf 86' lang='lat' dir='ltr'>codex</span> <span class='ocrx_word' id='word_1_154' title='bbox 619 2189 781 2281; x_wconf 91' lang='lat' dir='ltr'>proprius</span> <span class='ocrx_word' id='word_1_155' title='bbox 804 2183 809 2284; x_wconf 94' lang='grc' dir='ltr'>Ι</span> <span class='ocrx_word' id='word_1_156' title='bbox 834 2193 892 2261; x_wconf 87' lang='lat'>38.</span> <span class='ocrx_word' id='word_1_157' title='bbox 920 2201 970 2261; x_wconf 90' lang='lat' dir='ltr'>et:</span> <span class='ocrx_word' id='word_1_158' title='bbox 1004 2190 1121 2264; x_wconf 86' lang='lat' dir='ltr'>codex</span> <span class='ocrx_word' id='word_1_159' title='bbox 1146 2211 1197 2282; x_wconf 90' lang='lat' dir='ltr'>pr.</span> <span class='ocrx_word' id='word_1_160' title='bbox 1217 2210 1261 2258; x_wconf 89' lang='lat' dir='ltr'>m.</span> <span class='ocrx_word' id='word_1_161' title='bbox 1280 2195 1317 2258; x_wconf 90' lang='lat' dir='ltr'>ul</span> <span class='ocrx_word' id='word_1_162' title='bbox 1340 2181 1345 2280; x_wconf 95' lang='grc' dir='ltr'>Ι</span> <span class='ocrx_word' id='word_1_163' title='bbox 1371 2187 1428 2258; x_wconf 85' lang='grc'>13.</span> <span class='ocrx_word' id='word_1_164' title='bbox 1454 2187 1587 2259; x_wconf 86' lang='lat' dir='ltr'><strong>XXVII:</strong></span> <span class='ocrx_word' id='word_1_165' title='bbox 1616 2208 1695 2258; x_wconf 90' lang='lat' dir='ltr'>cor-</span> 
     </span>
     <span class='ocr_line' id='line_1_17' title="bbox 257 2305 1694 2403; baseline 0.001 -27"><span class='ocrx_word' id='word_1_166' title='bbox 257 2315 388 2378; x_wconf 85' lang='lat' dir='ltr'>rectum</span> <span class='ocrx_word' id='word_1_167' title='bbox 410 2315 466 2377; x_wconf 90' lang='lat' dir='ltr'>est</span> <span class='ocrx_word' id='word_1_168' title='bbox 491 2305 605 2376; x_wconf 91' lang='lat' dir='ltr'><strong>XXVI.</strong></span> <span class='ocrx_word' id='word_1_169' title='bbox 635 2305 706 2402; x_wconf 84' lang='grc'><strong>(11.</strong></span> <span class='ocrx_word' id='word_1_170' title='bbox 734 2310 787 2380; x_wconf 89' lang='lat' dir='ltr'>De</span> <span class='ocrx_word' id='word_1_171' title='bbox 812 2320 993 2403; x_wconf 89' lang='lat' dir='ltr'>parentum</span> <span class='ocrx_word' id='word_1_172' title='bbox 1010 2321 1074 2382; x_wconf 90' lang='lat' dir='ltr'>etc.</span> <span class='ocrx_word' id='word_1_173' title='bbox 1102 2309 1181 2381; x_wconf 91' lang='lat' dir='ltr'>dele</span> <span class='ocrx_word' id='word_1_174' title='bbox 1209 2307 1411 2380; x_wconf 83' lang='lat' dir='ltr'>asteriscum</span> <span class='ocrx_word' id='word_1_175' title='bbox 1439 2317 1518 2379; x_wconf 88' lang='lat' dir='ltr'>ante</span> <span class='ocrx_word' id='word_1_176' title='bbox 1544 2305 1694 2399; x_wconf 72' lang='lat' dir='ltr'>xxvull</span> 
     </span>
     <span class='ocr_line' id='line_1_18' title="bbox 259 2425 869 2522; baseline 0.003 -24"><span class='ocrx_word' id='word_1_177' title='bbox 259 2429 317 2498; x_wconf 81' lang='lat'>53.</span> <span class='ocrx_word' id='word_1_178' title='bbox 344 2425 543 2520; x_wconf 88' lang='lat' dir='ltr'>perfidiam:</span> <span class='ocrx_word' id='word_1_179' title='bbox 571 2425 687 2499; x_wconf 89' lang='lat' dir='ltr'>codex</span> <span class='ocrx_word' id='word_1_180' title='bbox 713 2428 869 2522; x_wconf 88' lang='lat' dir='ltr'>perfidia.</span> 
     </span>
    </p>

    <p class='ocr_par' dir='ltr' id='par_1_5' title="bbox 207 2545 1051 2765">
     <span class='ocr_line' id='line_1_19' title="bbox 207 2545 531 2640; baseline -0.009 -22"><span class='ocrx_word' id='word_1_181' title='bbox 207 2545 531 2640; x_wconf 78' lang='lat' dir='ltr'>Argumentum.</span> 
     </span>
     <span class='ocr_line' id='line_1_20' title="bbox 260 2667 1051 2765; baseline 0.005 -27"><span class='ocrx_word' id='word_1_182' title='bbox 260 2667 513 2759; x_wconf 85' lang='lat' dir='ltr'>evangelicam:</span> <span class='ocrx_word' id='word_1_183' title='bbox 541 2677 717 2740; x_wconf 89' lang='lat' dir='ltr'>corrector</span> <span class='ocrx_word' id='word_1_184' title='bbox 744 2671 1051 2765; x_wconf 79' lang='lat' dir='ltr'>evangelicamque</span> 
     </span>
    </p>

    <p class='ocr_par' dir='ltr' id='par_1_6' title="bbox 207 2767 1831 3845">
     <span class='ocr_line' id='line_1_21' title="bbox 207 2767 1025 2859; baseline 0 -1"><span class='ocrx_word' id='word_1_185' title='bbox 207 2788 380 2859; x_wconf 83' lang='lat' dir='ltr'>Breues.</span> <span class='ocrx_word' id='word_1_186' title='bbox 1022 2767 1025 2788; x_wconf 63' lang='lat'>⁸</span> 
     </span>
     <span class='ocr_line' id='line_1_22' title="bbox 259 2894 1694 3005; baseline -0.002 -27"><span class='ocrx_word' id='word_1_187' title='bbox 259 2907 310 2978; x_wconf 92' lang='lat' dir='ltr'>Vl.</span> <span class='ocrx_word' id='word_1_188' title='bbox 329 2908 436 2978; x_wconf 89' lang='lat' dir='ltr'>male:</span> <span class='ocrx_word' id='word_1_189' title='bbox 456 2905 570 2978; x_wconf 88' lang='lat' dir='ltr'>codex</span> <span class='ocrx_word' id='word_1_190' title='bbox 588 2894 722 3004; x_wconf 74' lang='lat' dir='ltr'>maleel</span> <span class='ocrx_word' id='word_1_191' title='bbox 746 2909 799 2980; x_wconf 89' lang='lat' dir='ltr'>Xl.</span> <span class='ocrx_word' id='word_1_192' title='bbox 827 2911 1068 2984; x_wconf 89' lang='lat' dir='ltr'>tribulationis:</span> <span class='ocrx_word' id='word_1_193' title='bbox 1089 2910 1206 2982; x_wconf 86' lang='lat' dir='ltr'>codex</span> <span class='ocrx_word' id='word_1_194' title='bbox 1229 2933 1279 3005; x_wconf 93' lang='lat' dir='ltr'>pr.</span> <span class='ocrx_word' id='word_1_195' title='bbox 1298 2933 1342 2980; x_wconf 93' lang='lat' dir='ltr'>m.</span> <span class='ocrx_word' id='word_1_196' title='bbox 1358 2907 1575 2980; x_wconf 88' lang='lat' dir='ltr'>tribulatione</span> <span class='ocrx_word' id='word_1_197' title='bbox 1599 2901 1604 3003; x_wconf 97' lang='grc' dir='ltr'>Ι</span> <span class='ocrx_word' id='word_1_198' title='bbox 1627 2907 1694 2976; x_wconf 90' lang='lat' dir='ltr'><strong>XII.</strong></span> 
     </span>
     <span class='ocr_line' id='line_1_23' title="bbox 261 3022 1694 3129; baseline -0.002 -31"><span class='ocrx_word' id='word_1_199' title='bbox 261 3038 312 3098; x_wconf 91' lang='lat' dir='ltr'>et:</span> <span class='ocrx_word' id='word_1_200' title='bbox 339 3028 373 3098; x_wconf 93' lang='lat' dir='ltr'>in</span> <span class='ocrx_word' id='word_1_201' title='bbox 400 3027 522 3099; x_wconf 88' lang='lat' dir='ltr'>codice</span> <span class='ocrx_word' id='word_1_202' title='bbox 549 3025 768 3100; x_wconf 88' lang='lat' dir='ltr'>desideratur</span> <span class='ocrx_word' id='word_1_203' title='bbox 790 3023 796 3129; x_wconf 97' lang='grc' dir='ltr'>Ι</span> <span class='ocrx_word' id='word_1_204' title='bbox 818 3031 900 3102; x_wconf 88' lang='lat' dir='ltr'><strong>XIV.</strong></span> <span class='ocrx_word' id='word_1_205' title='bbox 928 3031 1133 3104; x_wconf 83' lang='lat' dir='ltr'>differentia:</span> <span class='ocrx_word' id='word_1_206' title='bbox 1162 3031 1275 3104; x_wconf 87' lang='lat' dir='ltr'>codex</span> <span class='ocrx_word' id='word_1_207' title='bbox 1295 3022 1531 3104; x_wconf 84' lang='lat' dir='ltr'>differentiam.</span> <span class='ocrx_word' id='word_1_208' title='bbox 1565 3027 1694 3098; x_wconf 87' lang='lat' dir='ltr'>Postea</span> 
     </span>
     <span class='ocr_line' id='line_1_24' title="bbox 260 3145 1692 3244; baseline -0.003 -26"><span class='ocrx_word' id='word_1_209' title='bbox 260 3145 377 3220; x_wconf 80' lang='lat' dir='ltr'>Adae:</span> <span class='ocrx_word' id='word_1_210' title='bbox 404 3148 518 3220; x_wconf 86' lang='lat' dir='ltr'>codex</span> <span class='ocrx_word' id='word_1_211' title='bbox 545 3147 668 3232; x_wconf 76' lang='lat' dir='ltr'>Indae.</span> <span class='ocrx_word' id='word_1_212' title='bbox 704 3149 789 3220; x_wconf 90' lang='lat' dir='ltr'>Item</span> <span class='ocrx_word' id='word_1_213' title='bbox 816 3161 851 3221; x_wconf 91' lang='lat' dir='ltr'>et</span> <span class='ocrx_word' id='word_1_214' title='bbox 877 3151 1024 3244; x_wconf 83' lang='lat' dir='ltr'>gratiae:</span> <span class='ocrx_word' id='word_1_215' title='bbox 1050 3153 1085 3223; x_wconf 88' lang='lat' dir='ltr'>in</span> <span class='ocrx_word' id='word_1_216' title='bbox 1111 3151 1233 3224; x_wconf 88' lang='lat' dir='ltr'>codice</span> <span class='ocrx_word' id='word_1_217' title='bbox 1261 3153 1427 3224; x_wconf 92' lang='lat' dir='ltr'>omissum</span> <span class='ocrx_word' id='word_1_218' title='bbox 1455 3159 1510 3222; x_wconf 87' lang='lat' dir='ltr'>cst</span> <span class='ocrx_word' id='word_1_219' title='bbox 1537 3157 1572 3219; x_wconf 92' lang='lat' dir='ltr'>et</span> <span class='ocrx_word' id='word_1_220' title='bbox 1595 3147 1600 3239; x_wconf 93' lang='grc' dir='ltr'>Ι</span> <span class='ocrx_word' id='word_1_221' title='bbox 1623 3146 1692 3216; x_wconf 91' lang='lat' dir='ltr'>XV.</span> 
     </span>
     <span class='ocr_line' id='line_1_25' title="bbox 260 3261 1800 3367; baseline 0 -29"><span class='ocrx_word' id='word_1_222' title='bbox 260 3267 384 3348; x_wconf 90' lang='lat' dir='ltr'>nostri:</span> <span class='ocrx_word' id='word_1_223' title='bbox 412 3269 563 3342; x_wconf 91' lang='lat' dir='ltr'>deletum</span> <span class='ocrx_word' id='word_1_224' title='bbox 597 3277 651 3342; x_wconf 91' lang='grc' dir='ltr'>εει</span> <span class='ocrx_word' id='word_1_225' title='bbox 674 3261 679 3367; x_wconf 96' lang='grc' dir='ltr'>Ι</span> <span class='ocrx_word' id='word_1_226' title='bbox 702 3269 813 3342; x_wconf 84' lang='grc' dir='ltr'><strong>ΧΧΙΠ.</strong></span> <span class='ocrx_word' id='word_1_227' title='bbox 849 3293 870 3343; x_wconf 90' lang='lat' dir='ltr'>a</span> <span class='ocrx_word' id='word_1_228' title='bbox 896 3272 1094 3345; x_wconf 85' lang='lat' dir='ltr'>dilectione:</span> <span class='ocrx_word' id='word_1_229' title='bbox 1130 3273 1247 3344; x_wconf 87' lang='lat' dir='ltr'>codex</span> <span class='ocrx_word' id='word_1_230' title='bbox 1280 3273 1315 3344; x_wconf 88' lang='lat' dir='ltr'>in</span> <span class='ocrx_word' id='word_1_231' title='bbox 1342 3271 1526 3344; x_wconf 87' lang='lat' dir='ltr'>dilectione</span> <span class='ocrx_word' id='word_1_232' title='bbox 1549 3263 1555 3366; x_wconf 96' lang='grc' dir='ltr'>Ι</span> <span class='ocrx_word' id='word_1_233' title='bbox 1577 3267 1694 3338; x_wconf 87' lang='lat' dir='ltr'><strong>XXXI.</strong></span> <span class='ocrx_word' id='word_1_234' title='bbox 1797 3329 1800 3338; x_wconf 80' lang='grc'>,</span> 
     </span>
     <span class='ocr_line' id='line_1_26' title="bbox 259 3388 1693 3487; baseline -0.002 -29"><span class='ocrx_word' id='word_1_235' title='bbox 259 3388 364 3481; x_wconf 89' lang='lat' dir='ltr'>legis:</span> <span class='ocrx_word' id='word_1_236' title='bbox 398 3389 618 3463; x_wconf 90' lang='lat' dir='ltr'>desideratur</span> <span class='ocrx_word' id='word_1_237' title='bbox 649 3391 684 3461; x_wconf 92' lang='lat' dir='ltr'>in</span> <span class='ocrx_word' id='word_1_238' title='bbox 719 3391 841 3463; x_wconf 86' lang='lat' dir='ltr'>codiee</span> <span class='ocrx_word' id='word_1_239' title='bbox 864 3389 870 3487; x_wconf 95' lang='grc' dir='ltr'>Ι</span> <span class='ocrx_word' id='word_1_240' title='bbox 892 3391 959 3463; x_wconf 91' lang='lat' dir='ltr'>XL.</span> <span class='ocrx_word' id='word_1_241' title='bbox 994 3395 1216 3464; x_wconf 88' lang='lat' dir='ltr'>obsecrante:</span> <span class='ocrx_word' id='word_1_242' title='bbox 1250 3391 1300 3464; x_wconf 89' lang='lat' dir='ltr'>sic</span> <span class='ocrx_word' id='word_1_243' title='bbox 1333 3399 1528 3462; x_wconf 86' lang='lat' dir='ltr'>correctum</span> <span class='ocrx_word' id='word_1_244' title='bbox 1561 3397 1615 3458; x_wconf 86' lang='lat' dir='ltr'>est</span> <span class='ocrx_word' id='word_1_245' title='bbox 1647 3407 1693 3456; x_wconf 90' lang='lat' dir='ltr'>ex</span> 
     </span>
     <span class='ocr_line' id='line_1_27' title="bbox 262 3505 1692 3610; baseline -0.003 -31"><span class='ocrx_word' id='word_1_246' title='bbox 262 3509 469 3581; x_wconf 86' lang='lat' dir='ltr'>observante</span> <span class='ocrx_word' id='word_1_247' title='bbox 492 3505 497 3608; x_wconf 98' lang='grc' dir='ltr'>Ι</span> <span class='ocrx_word' id='word_1_248' title='bbox 519 3511 656 3582; x_wconf 88' lang='lat' dir='ltr'><strong>XLVIII.</strong></span> <span class='ocrx_word' id='word_1_249' title='bbox 683 3520 872 3603; x_wconf 89' lang='lat' dir='ltr'>potestate:</span> <span class='ocrx_word' id='word_1_250' title='bbox 900 3514 1017 3585; x_wconf 91' lang='lat' dir='ltr'>codex</span> <span class='ocrx_word' id='word_1_251' title='bbox 1043 3522 1253 3606; x_wconf 89' lang='lat' dir='ltr'>potestatem</span> <span class='ocrx_word' id='word_1_252' title='bbox 1276 3506 1283 3608; x_wconf 96' lang='grc' dir='ltr'>Ι</span> <span class='ocrx_word' id='word_1_253' title='bbox 1304 3512 1340 3610; x_wconf 67' lang='lat' dir='ltr'>L.</span> <span class='ocrx_word' id='word_1_254' title='bbox 1368 3531 1450 3582; x_wconf 88' lang='lat' dir='ltr'>esoa</span> <span class='ocrx_word' id='word_1_255' title='bbox 1469 3529 1548 3580; x_wconf 90' lang='lat' dir='ltr'>sua:</span> <span class='ocrx_word' id='word_1_256' title='bbox 1577 3505 1692 3576; x_wconf 90' lang='lat' dir='ltr'>codex</span> 
     </span>
     <span class='ocr_line' id='line_1_28' title="bbox 260 3618 1692 3727; baseline -0.003 -29"><span class='ocrx_word' id='word_1_257' title='bbox 260 3649 401 3700; x_wconf 89' lang='lat' dir='ltr'>exoasu.</span> <span class='ocrx_word' id='word_1_258' title='bbox 445 3629 580 3702; x_wconf 91' lang='lat' dir='ltr'>Deinde</span> <span class='ocrx_word' id='word_1_259' title='bbox 611 3629 645 3700; x_wconf 91' lang='lat' dir='ltr'>in</span> <span class='ocrx_word' id='word_1_260' title='bbox 676 3629 798 3702; x_wconf 86' lang='lat' dir='ltr'>codice</span> <span class='ocrx_word' id='word_1_261' title='bbox 833 3643 886 3704; x_wconf 88' lang='lat' dir='ltr'>est</span> <span class='ocrx_word' id='word_1_262' title='bbox 913 3631 977 3726; x_wconf 62' lang='lat' dir='ltr'>yet</span> <span class='ocrx_word' id='word_1_263' title='bbox 1001 3621 1069 3727; x_wconf 48' lang='lat' dir='ltr'>mu</span> <span class='ocrx_word' id='word_1_264' title='bbox 1096 3618 1157 3704; x_wconf 75' lang='lat' dir='ltr'>seo</span> <span class='ocrx_word' id='word_1_265' title='bbox 1186 3631 1249 3724; x_wconf 64' lang='lat' dir='ltr'>Vel</span> <span class='ocrx_word' id='word_1_266' title='bbox 1281 3627 1443 3724; x_wconf 88' lang='lat' dir='ltr'>gaudium</span> <span class='ocrx_word' id='word_1_267' title='bbox 1466 3624 1472 3726; x_wconf 95' lang='grc' dir='ltr'>Ι</span> <span class='ocrx_word' id='word_1_268' title='bbox 1495 3629 1543 3699; x_wconf 90' lang='lat' dir='ltr'>Ll.</span> <span class='ocrx_word' id='word_1_269' title='bbox 1577 3627 1610 3696; x_wconf 91' lang='lat' dir='ltr'>in</span> <span class='ocrx_word' id='word_1_270' title='bbox 1644 3626 1692 3696; x_wconf 92' lang='lat' dir='ltr'>si-</span> 
     </span>
     <span class='ocr_line' id='line_1_29' title="bbox 259 3746 1831 3845; baseline -0.002 -27"><span class='ocrx_word' id='word_1_271' title='bbox 259 3748 363 3819; x_wconf 91' lang='lat' dir='ltr'>lentio</span> <span class='ocrx_word' id='word_1_272' title='bbox 390 3747 516 3836; x_wconf 92' lang='lat' dir='ltr'>habito,</span> <span class='ocrx_word' id='word_1_273' title='bbox 544 3757 627 3845; x_wconf 89' lang='lat' dir='ltr'>post</span> <span class='ocrx_word' id='word_1_274' title='bbox 651 3749 984 3845; x_wconf 35' lang='lat' dir='ltr'>passionem:,baec</span> <span class='ocrx_word' id='word_1_275' title='bbox 1002 3753 1117 3825; x_wconf 90' lang='lat' dir='ltr'>omnia</span> <span class='ocrx_word' id='word_1_276' title='bbox 1134 3753 1224 3824; x_wconf 90' lang='lat' dir='ltr'>male</span> <span class='ocrx_word' id='word_1_277' title='bbox 1242 3751 1488 3845; x_wconf 87' lang='lat' dir='ltr'>praetermissa</span> <span class='ocrx_word' id='word_1_278' title='bbox 1506 3750 1540 3818; x_wconf 91' lang='lat' dir='ltr'>iu</span> <span class='ocrx_word' id='word_1_279' title='bbox 1558 3746 1690 3818; x_wconf 85' lang='lat' dir='ltr'>codice.</span> <span class='ocrx_word' id='word_1_280' title='bbox 1828 3767 1831 3776; x_wconf 61' lang='grc'><em>“</em></span> 
     </span>
    </p>

    <p class='ocr_par' dir='ltr' id='par_1_7' title="bbox 209 3868 1695 4568">
     <span class='ocr_line' id='line_1_30' title="bbox 209 3868 1062 3968; baseline 0.008 -30"><span class='ocrx_word' id='word_1_281' title='bbox 209 3868 404 3962; x_wconf 86' lang='lat' dir='ltr'>Epistula</span> <span class='ocrx_word' id='word_1_282' title='bbox 430 3871 483 3942; x_wconf 88' lang='lat' dir='ltr'>ad</span> <span class='ocrx_word' id='word_1_283' title='bbox 508 3872 734 3942; x_wconf 88' lang='lat' dir='ltr'>Romanos.</span> <span class='ocrx_word' id='word_1_284' title='bbox 1059 3959 1062 3968; x_wconf 32' lang='grc' dir='ltr'>Ι</span> 
     </span>
     <span class='ocr_line' id='line_1_31' title="bbox 264 3986 1692 4091; baseline -0.001 -33"><span class='ocrx_word' id='word_1_285' title='bbox 264 3990 295 4073; x_wconf 89' lang='grc'>1,</span> <span class='ocrx_word' id='word_1_286' title='bbox 324 3991 357 4060; x_wconf 86' lang='grc'>5.</span> <span class='ocrx_word' id='word_1_287' title='bbox 392 3989 595 4084; x_wconf 85' lang='lat' dir='ltr'>accipimus:</span> <span class='ocrx_word' id='word_1_288' title='bbox 631 3987 697 4060; x_wconf 89' lang='lat' dir='ltr'>sed</span> <span class='ocrx_word' id='word_1_289' title='bbox 722 3989 733 4059; x_wconf 95' lang='lat' dir='ltr'>i</span> <span class='ocrx_word' id='word_1_290' title='bbox 758 3991 853 4087; x_wconf 90' lang='lat' dir='ltr'>prius</span> <span class='ocrx_word' id='word_1_291' title='bbox 888 4013 935 4064; x_wconf 90' lang='lat' dir='ltr'>ex</span> <span class='ocrx_word' id='word_1_292' title='bbox 970 4015 991 4065; x_wconf 89' lang='grc' dir='ltr'>ε</span> <span class='ocrx_word' id='word_1_293' title='bbox 1017 3993 1211 4065; x_wconf 87' lang='lat' dir='ltr'>restitutum</span> <span class='ocrx_word' id='word_1_294' title='bbox 1238 4002 1292 4065; x_wconf 88' lang='lat' dir='ltr'>est</span> <span class='ocrx_word' id='word_1_295' title='bbox 1315 3986 1320 4091; x_wconf 97' lang='grc' dir='ltr'>Ι</span> <span class='ocrx_word' id='word_1_296' title='bbox 1347 3996 1378 4078; x_wconf 89' lang='grc'>1,</span> <span class='ocrx_word' id='word_1_297' title='bbox 1408 3993 1466 4062; x_wconf 91' lang='grc'>18.</span> <span class='ocrx_word' id='word_1_298' title='bbox 1494 3990 1544 4062; x_wconf 89' lang='lat' dir='ltr'>sic</span> <span class='ocrx_word' id='word_1_299' title='bbox 1569 3989 1604 4059; x_wconf 89' lang='lat' dir='ltr'>in</span> <span class='ocrx_word' id='word_1_300' title='bbox 1630 4009 1692 4058; x_wconf 90' lang='lat' dir='ltr'>oo-</span> 
     </span>
     <span class='ocr_line' id='line_1_32' title="bbox 262 4101 1688 4206; baseline -0.001 -27"><span class='ocrx_word' id='word_1_301' title='bbox 262 4107 340 4179; x_wconf 89' lang='lat' dir='ltr'>dioe</span> <span class='ocrx_word' id='word_1_302' title='bbox 367 4119 434 4179; x_wconf 92' lang='lat' dir='ltr'>est:</span> <span class='ocrx_word' id='word_1_303' title='bbox 460 4103 871 4184; x_wconf 69' lang='lat' dir='ltr'>veritate&#39;Viuius&#39;litia&#39;.</span> <span class='ocrx_word' id='word_1_304' title='bbox 924 4113 1041 4186; x_wconf 91' lang='lat' dir='ltr'>Paullo</span> <span class='ocrx_word' id='word_1_305' title='bbox 1069 4123 1149 4186; x_wconf 88' lang='lat' dir='ltr'>ante</span> <span class='ocrx_word' id='word_1_306' title='bbox 1175 4123 1243 4185; x_wconf 90' lang='lat' dir='ltr'>est:</span> <span class='ocrx_word' id='word_1_307' title='bbox 1271 4113 1483 4206; x_wconf 87' lang='lat' dir='ltr'>impietatem</span> <span class='ocrx_word' id='word_1_308' title='bbox 1510 4121 1545 4182; x_wconf 89' lang='lat' dir='ltr'>et</span> <span class='ocrx_word' id='word_1_309' title='bbox 1573 4101 1688 4178; x_wconf 69' lang='lat' dir='ltr'>&#39;lirrsti-</span> 
     </span>
     <span class='ocr_line' id='line_1_33' title="bbox 263 4221 1692 4332; baseline 0 -34"><span class='ocrx_word' id='word_1_310' title='bbox 263 4228 343 4299; x_wconf 89' lang='lat' dir='ltr'>tiam</span> <span class='ocrx_word' id='word_1_311' title='bbox 367 4221 372 4326; x_wconf 96' lang='grc' dir='ltr'>Ι</span> <span class='ocrx_word' id='word_1_312' title='bbox 399 4231 430 4314; x_wconf 90' lang='grc'>1,</span> <span class='ocrx_word' id='word_1_313' title='bbox 458 4231 518 4303; x_wconf 74' lang='lat' dir='ltr'>ab.</span> <span class='ocrx_word' id='word_1_314' title='bbox 546 4231 705 4302; x_wconf 86' lang='lat' dir='ltr'>saecula:</span> <span class='ocrx_word' id='word_1_315' title='bbox 733 4243 912 4306; x_wconf 83' lang='lat' dir='ltr'>corrector</span> <span class='ocrx_word' id='word_1_316' title='bbox 939 4235 1072 4306; x_wconf 92' lang='lat' dir='ltr'>addidit</span> <span class='ocrx_word' id='word_1_317' title='bbox 1097 4257 1200 4308; x_wconf 91' lang='lat' dir='ltr'>amen</span> <span class='ocrx_word' id='word_1_318' title='bbox 1224 4226 1229 4332; x_wconf 96' lang='grc' dir='ltr'>Ι</span> <span class='ocrx_word' id='word_1_319' title='bbox 1256 4237 1287 4320; x_wconf 92' lang='grc'>1,</span> <span class='ocrx_word' id='word_1_320' title='bbox 1316 4237 1374 4308; x_wconf 88' lang='grc'>32.</span> <span class='ocrx_word' id='word_1_321' title='bbox 1408 4233 1537 4304; x_wconf 92' lang='lat' dir='ltr'>solum:</span> <span class='ocrx_word' id='word_1_322' title='bbox 1572 4248 1692 4300; x_wconf 86' lang='lat' dir='ltr'>eorre-</span> 
     </span>
     <span class='ocr_line' id='line_1_34' title="bbox 263 4347 1692 4449; baseline -0.001 -31"><span class='ocrx_word' id='word_1_323' title='bbox 263 4359 339 4418; x_wconf 88' lang='lat' dir='ltr'>ctor</span> <span class='ocrx_word' id='word_1_324' title='bbox 364 4347 499 4421; x_wconf 91' lang='lat' dir='ltr'>addidit</span> <span class='ocrx_word' id='word_1_325' title='bbox 524 4349 590 4442; x_wconf 91' lang='lat' dir='ltr'>qui,</span> <span class='ocrx_word' id='word_1_326' title='bbox 618 4349 699 4422; x_wconf 90' lang='lat' dir='ltr'>item</span> <span class='ocrx_word' id='word_1_327' title='bbox 726 4364 808 4446; x_wconf 90' lang='lat' dir='ltr'>post</span> <span class='ocrx_word' id='word_1_328' title='bbox 834 4350 897 4436; x_wconf 84' lang='lat' dir='ltr'>etl</span> <span class='ocrx_word' id='word_1_329' title='bbox 922 4359 1042 4440; x_wconf 90' lang='grc'><strong>2,·12.</strong></span> <span class='ocrx_word' id='word_1_330' title='bbox 1079 4365 1115 4426; x_wconf 86' lang='grc' dir='ltr'>ει</span> <span class='ocrx_word' id='word_1_331' title='bbox 1147 4357 1354 4449; x_wconf 91' lang='lat' dir='ltr'>quicumque</span> <span class='ocrx_word' id='word_1_332' title='bbox 1387 4353 1421 4424; x_wconf 94' lang='lat' dir='ltr'>in</span> <span class='ocrx_word' id='word_1_333' title='bbox 1453 4354 1533 4444; x_wconf 85' lang='lat' dir='ltr'>lege</span> <span class='ocrx_word' id='word_1_334' title='bbox 1565 4368 1692 4443; x_wconf 89' lang='lat' dir='ltr'>pecca-</span> 
     </span>
     <span class='ocr_line' id='line_1_35' title="bbox 264 4469 1695 4568; baseline -0.003 -30"><span class='ocrx_word' id='word_1_335' title='bbox 264 4477 398 4540; x_wconf 88' lang='lat' dir='ltr'>verunt:</span> <span class='ocrx_word' id='word_1_336' title='bbox 426 4469 514 4541; x_wconf 88' lang='lat' dir='ltr'>haec</span> <span class='ocrx_word' id='word_1_337' title='bbox 539 4470 573 4540; x_wconf 91' lang='lat' dir='ltr'>in</span> <span class='ocrx_word' id='word_1_338' title='bbox 599 4472 756 4564; x_wconf 80' lang='lat' dir='ltr'>margine</span> <span class='ocrx_word' id='word_1_339' title='bbox 783 4476 943 4568; x_wconf 86' lang='lat' dir='ltr'>suppleta</span> <span class='ocrx_word' id='word_1_340' title='bbox 970 4490 1049 4548; x_wconf 90' lang='lat' dir='ltr'>suot</span> <span class='ocrx_word' id='word_1_341' title='bbox 1072 4475 1077 4568; x_wconf 95' lang='grc' dir='ltr'>Ι</span> <span class='ocrx_word' id='word_1_342' title='bbox 1102 4479 1135 4562; x_wconf 92' lang='grc'><strong>2,</strong></span> <span class='ocrx_word' id='word_1_343' title='bbox 1166 4479 1223 4547; x_wconf 94' lang='grc'>19.</span> <span class='ocrx_word' id='word_1_344' title='bbox 1242 4475 1402 4548; x_wconf 83' lang='lat' dir='ltr'>confidis:</span> <span class='ocrx_word' id='word_1_345' title='bbox 1430 4480 1621 4546; x_wconf 91' lang='lat' dir='ltr'>correctum</span> <span class='ocrx_word' id='word_1_346' title='bbox 1641 4475 1695 4537; x_wconf 88' lang='lat' dir='ltr'>est</span> 
     </span>
    </p>
   </div>
   <div class='ocr_carea' id='block_1_4' title="bbox 263 4601 1824 5224">
    <p class='ocr_par' dir='ltr' id='par_1_8' title="bbox 263 4601 1824 5224">
     <span class='ocr_line' id='line_1_36' title="bbox 264 4601 1692 4739; baseline -0.001 -29"><span class='ocrx_word' id='word_1_347' title='bbox 264 4637 442 4712; x_wconf 89' lang='lat' dir='ltr'>confidens</span> <span class='ocrx_word' id='word_1_348' title='bbox 466 4633 471 4739; x_wconf 95' lang='grc' dir='ltr'>Ι</span> <span class='ocrx_word' id='word_1_349' title='bbox 496 4643 537 4727; x_wconf 90' lang='grc'>2,</span> <span class='ocrx_word' id='word_1_350' title='bbox 571 4643 629 4716; x_wconf 88' lang='grc'>22.</span> <span class='ocrx_word' id='word_1_351' title='bbox 666 4643 783 4726; x_wconf 86' lang='lat' dir='ltr'>codex</span> <span class='ocrx_word' id='word_1_352' title='bbox 817 4647 880 4717; x_wconf 90' lang='lat' dir='ltr'>sic:</span> <span class='ocrx_word' id='word_1_353' title='bbox 921 4601 1091 4718; x_wconf 69' lang='lat' dir='ltr'>abomidis</span> <span class='ocrx_word' id='word_1_354' title='bbox 1115 4642 1120 4738; x_wconf 94' lang='grc' dir='ltr'>Ι</span> <span class='ocrx_word' id='word_1_355' title='bbox 1146 4645 1178 4732; x_wconf 84' lang='grc'>1,</span> <span class='ocrx_word' id='word_1_356' title='bbox 1214 4645 1273 4720; x_wconf 85' lang='grc'><strong>21.</strong></span> <span class='ocrx_word' id='word_1_357' title='bbox 1301 4645 1532 4739; x_wconf 91' lang='lat' dir='ltr'>reputabitur:</span> <span class='ocrx_word' id='word_1_358' title='bbox 1565 4641 1610 4710; x_wconf 89' lang='lat' dir='ltr'>ita</span> <span class='ocrx_word' id='word_1_359' title='bbox 1646 4661 1692 4709; x_wconf 90' lang='lat' dir='ltr'>ex</span> 
     </span>
     <span class='ocr_line' id='line_1_37' title="bbox 264 4754 1692 4864; baseline -0.001 -34"><span class='ocrx_word' id='word_1_360' title='bbox 264 4761 548 4853; x_wconf 89' lang='lat' dir='ltr'>reputabitabitnr</span> <span class='ocrx_word' id='word_1_361' title='bbox 581 4774 772 4836; x_wconf 88' lang='lat' dir='ltr'>correctum</span> <span class='ocrx_word' id='word_1_362' title='bbox 800 4777 854 4837; x_wconf 88' lang='lat' dir='ltr'>est</span> <span class='ocrx_word' id='word_1_363' title='bbox 876 4763 881 4864; x_wconf 96' lang='grc' dir='ltr'>Ι</span> <span class='ocrx_word' id='word_1_364' title='bbox 906 4771 939 4852; x_wconf 85' lang='lat'>5,</span> <span class='ocrx_word' id='word_1_365' title='bbox 970 4770 1028 4839; x_wconf 91' lang='grc'>10.</span> <span class='ocrx_word' id='word_1_366' title='bbox 1057 4788 1232 4838; x_wconf 89' lang='lat' dir='ltr'>essemus:</span> <span class='ocrx_word' id='word_1_367' title='bbox 1268 4767 1462 4860; x_wconf 89' lang='lat' dir='ltr'>suppletum</span> <span class='ocrx_word' id='word_1_368' title='bbox 1491 4773 1545 4835; x_wconf 90' lang='grc' dir='ltr'>εει</span> <span class='ocrx_word' id='word_1_369' title='bbox 1567 4754 1573 4859; x_wconf 96' lang='grc' dir='ltr'>Ι</span> <span class='ocrx_word' id='word_1_370' title='bbox 1598 4757 1630 4845; x_wconf 85' lang='grc'>7,</span> <span class='ocrx_word' id='word_1_371' title='bbox 1660 4762 1692 4830; x_wconf 88' lang='grc'>6.</span> 
     </span>
     <span class='ocr_line' id='line_1_38' title="bbox 263 4879 1692 4984; baseline -0.002 -32"><span class='ocrx_word' id='word_1_372' title='bbox 263 4881 449 4954; x_wconf 87' lang='lat' dir='ltr'>morientes</span> <span class='ocrx_word' id='word_1_373' title='bbox 484 4883 518 4952; x_wconf 91' lang='lat' dir='ltr'>iu</span> <span class='ocrx_word' id='word_1_374' title='bbox 552 4904 639 4975; x_wconf 89' lang='lat' dir='ltr'>quo:</span> <span class='ocrx_word' id='word_1_375' title='bbox 674 4896 852 4959; x_wconf 89' lang='lat' dir='ltr'>corrector</span> <span class='ocrx_word' id='word_1_376' title='bbox 886 4887 1007 4958; x_wconf 89' lang='lat' dir='ltr'>mortis</span> <span class='ocrx_word' id='word_1_377' title='bbox 1039 4889 1073 4957; x_wconf 92' lang='lat' dir='ltr'>in</span> <span class='ocrx_word' id='word_1_378' title='bbox 1100 4910 1168 4980; x_wconf 91' lang='lat' dir='ltr'>qua</span> <span class='ocrx_word' id='word_1_379' title='bbox 1192 4879 1198 4984; x_wconf 96' lang='grc' dir='ltr'>Ι</span> <span class='ocrx_word' id='word_1_380' title='bbox 1223 4881 1256 4970; x_wconf 79' lang='grc'>7,</span> <span class='ocrx_word' id='word_1_381' title='bbox 1288 4889 1343 4956; x_wconf 88' lang='grc' dir='ltr'><strong>ιι.</strong></span> <span class='ocrx_word' id='word_1_382' title='bbox 1372 4885 1503 4958; x_wconf 90' lang='lat' dir='ltr'>codex:</span> <span class='ocrx_word' id='word_1_383' title='bbox 1531 4882 1692 4954; x_wconf 89' lang='lat' dir='ltr'>occasio-</span> 
     </span>
     <span class='ocr_line' id='line_1_39' title="bbox 264 4985 1824 5104; baseline -0.001 -30"><span class='ocrx_word' id='word_1_384' title='bbox 264 4985 342 5080; x_wconf 86' lang='lat' dir='ltr'>nem</span> <span class='ocrx_word' id='word_1_385' title='bbox 368 4999 373 5104; x_wconf 96' lang='grc' dir='ltr'>Ι</span> <span class='ocrx_word' id='word_1_386' title='bbox 398 5007 431 5090; x_wconf 90' lang='grc'>8,</span> <span class='ocrx_word' id='word_1_387' title='bbox 460 5007 518 5078; x_wconf 93' lang='grc'><strong>21.</strong></span> <span class='ocrx_word' id='word_1_388' title='bbox 545 5004 594 5074; x_wconf 93' lang='lat' dir='ltr'>in:</span> <span class='ocrx_word' id='word_1_389' title='bbox 622 5007 817 5099; x_wconf 90' lang='lat' dir='ltr'>suppletum</span> <span class='ocrx_word' id='word_1_390' title='bbox 845 5017 908 5080; x_wconf 91' lang='lat' dir='ltr'>est.</span> <span class='ocrx_word' id='word_1_391' title='bbox 948 5009 1032 5078; x_wconf 90' lang='lat' dir='ltr'>ltem</span> <span class='ocrx_word' id='word_1_392' title='bbox 1052 5009 1084 5092; x_wconf 89' lang='lat'>8,</span> <span class='ocrx_word' id='word_1_393' title='bbox 1105 5009 1164 5082; x_wconf 88' lang='grc'><strong>28.</strong></span> <span class='ocrx_word' id='word_1_394' title='bbox 1191 5005 1407 5100; x_wconf 88' lang='lat' dir='ltr'>propositum</span> <span class='ocrx_word' id='word_1_395' title='bbox 1433 4999 1438 5103; x_wconf 99' lang='grc' dir='ltr'>Ι</span> <span class='ocrx_word' id='word_1_396' title='bbox 1463 5009 1496 5091; x_wconf 90' lang='grc'>8,</span> <span class='ocrx_word' id='word_1_397' title='bbox 1525 5003 1583 5076; x_wconf 76' lang='lat' dir='ltr'>al.</span> <span class='ocrx_word' id='word_1_398' title='bbox 1612 5025 1691 5074; x_wconf 91' lang='lat' dir='ltr'>cor·</span> <span class='ocrx_word' id='word_1_399' title='bbox 1821 5029 1824 5038; x_wconf 70' lang='grc'><strong>’</strong></span> 
     </span>
     <span class='ocr_line' id='line_1_40' title="bbox 263 5121 1692 5224; baseline -0.003 -28"><span class='ocrx_word' id='word_1_400' title='bbox 263 5139 376 5198; x_wconf 84' lang='lat' dir='ltr'>rector</span> <span class='ocrx_word' id='word_1_401' title='bbox 408 5125 470 5196; x_wconf 91' lang='lat' dir='ltr'>sic:</span> <span class='ocrx_word' id='word_1_402' title='bbox 506 5124 563 5216; x_wconf 93' lang='lat' dir='ltr'>qui</span> <span class='ocrx_word' id='word_1_403' title='bbox 595 5135 630 5194; x_wconf 88' lang='grc' dir='ltr'>ει</span> <span class='ocrx_word' id='word_1_404' title='bbox 665 5129 856 5210; x_wconf 84' lang='lat' dir='ltr'>resurrexit</span> <span class='ocrx_word' id='word_1_405' title='bbox 878 5124 884 5224; x_wconf 95' lang='grc' dir='ltr'>Ι</span> <span class='ocrx_word' id='word_1_406' title='bbox 909 5131 941 5213; x_wconf 88' lang='grc'>9,</span> <span class='ocrx_word' id='word_1_407' title='bbox 973 5131 1029 5201; x_wconf 89' lang='grc'><strong>12.</strong></span> <span class='ocrx_word' id='word_1_408' title='bbox 1064 5136 1196 5220; x_wconf 86' lang='lat' dir='ltr'>aptata:</span> <span class='ocrx_word' id='word_1_409' title='bbox 1233 5135 1411 5204; x_wconf 88' lang='lat' dir='ltr'>corrector</span> <span class='ocrx_word' id='word_1_410' title='bbox 1439 5137 1518 5222; x_wconf 87' lang='lat' dir='ltr'>apta</span> <span class='ocrx_word' id='word_1_411' title='bbox 1541 5121 1549 5222; x_wconf 97' lang='grc' dir='ltr'>Ι</span> <span class='ocrx_word' id='word_1_412' title='bbox 1572 5129 1606 5210; x_wconf 89' lang='grc'>9,</span> <span class='ocrx_word' id='word_1_413' title='bbox 1626 5127 1692 5196; x_wconf 79' lang='grc'><strong>82.</strong></span> 
     </span>
    </p>
   </div>
   <div class='ocr_carea' id='block_1_5' title="bbox 262 5253 1693 5397">
    <p class='ocr_par' dir='ltr' id='par_1_9' title="bbox 262 5253 1693 5397">
     <span class='ocr_line' id='line_1_41' title="bbox 262 5253 1693 5397; baseline -0.004 -27"><span class='ocrx_word' id='word_1_414' title='bbox 262 5321 325 5370; x_wconf 84' lang='lat' dir='ltr'>ex:</span> <span class='ocrx_word' id='word_1_415' title='bbox 354 5297 548 5392; x_wconf 90' lang='lat' dir='ltr'>suppletum</span> <span class='ocrx_word' id='word_1_416' title='bbox 582 5289 663 5392; x_wconf 88' lang='grc' dir='ltr'><strong>εειΙ</strong></span> <span class='ocrx_word' id='word_1_417' title='bbox 691 5299 747 5368; x_wconf 89' lang='grc'>10.</span> <span class='ocrx_word' id='word_1_418' title='bbox 776 5301 808 5368; x_wconf 87' lang='grc'>9.</span> <span class='ocrx_word' id='word_1_419' title='bbox 844 5299 959 5372; x_wconf 84' lang='lat' dir='ltr'>codex</span> <span class='ocrx_word' id='word_1_420' title='bbox 994 5300 1058 5371; x_wconf 91' lang='lat' dir='ltr'>sio:</span> <span class='ocrx_word' id='word_1_421' title='bbox 1093 5253 1267 5372; x_wconf 72' lang='lat' dir='ltr'>confiteris</span> <span class='ocrx_word' id='word_1_422' title='bbox 1290 5295 1297 5397; x_wconf 96' lang='grc' dir='ltr'>Ι</span> <span class='ocrx_word' id='word_1_423' title='bbox 1323 5302 1379 5384; x_wconf 91' lang='grc'>11,</span> <span class='ocrx_word' id='word_1_424' title='bbox 1410 5303 1466 5371; x_wconf 89' lang='lat' dir='ltr'>ll.</span> <span class='ocrx_word' id='word_1_425' title='bbox 1494 5299 1619 5372; x_wconf 86' lang='lat' dir='ltr'>delicto</span> <span class='ocrx_word' id='word_1_426' title='bbox 1647 5317 1693 5366; x_wconf 86' lang='lat' dir='ltr'>ex</span> 
     </span>
    </p>
   </div>
   <div class='ocr_carea' id='block_1_6' title="bbox 0 0 2058 6128">
    <p class='ocr_par' dir='ltr' id='par_1_10' title="bbox 0 0 2058 6128">
     <span class='ocr_line' id='line_1_42' title="bbox 0 0 2058 6128; baseline 0 0"><span class='ocrx_word' id='word_1_427' title='bbox 0 0 2058 6128; x_wconf 95' lang='lat' dir='ltr'> </span> 
     </span>
    </p>
   </div>
  </div>
 </body>
</html>
