<?xml version="1.0" encoding="UTF-8"?>
<!DOCTYPE html PUBLIC "-//W3C//DTD XHTML 1.0 Transitional//EN"
    "http://www.w3.org/TR/xhtml1/DTD/xhtml1-transitional.dtd">
<html xmlns="http://www.w3.org/1999/xhtml" xml:lang="en" lang="en">
 <head>
  <title>
</title>
<meta http-equiv="Content-Type" content="text/html;charset=utf-8" />
  <meta name='ocr-system' content='tesseract 3.04.00' />
  <meta name='ocr-capabilities' content='ocr_page ocr_carea ocr_par ocr_line ocrx_word'/>
</head>
<body>
  <div class='ocr_page' id='page_1' title='image "./novumtestamentu02tiscgoog/novumtestamentu02tiscgoog_0238.png"; bbox 0 0 4254 6130; ppageno 0'>
   <div class='ocr_carea' id='block_1_1' title="bbox 738 345 1841 428">
    <p class='ocr_par' dir='ltr' id='par_1_1' title="bbox 738 345 1841 428">
     <span class='ocr_line' id='line_1_1' title="bbox 738 345 1841 428; baseline 0.011 -14"><span class='ocrx_word' id='word_1_1' title='bbox 738 353 848 416; x_wconf 86' lang='lat' dir='ltr'><strong>unuu</strong></span> <span class='ocrx_word' id='word_1_2' title='bbox 874 350 1029 418; x_wconf 74' lang='lat' dir='ltr'><strong>toruuu</strong></span> <span class='ocrx_word' id='word_1_3' title='bbox 1054 351 1338 415; x_wconf 82' lang='lat' dir='ltr'><strong>arosrououuu</strong></span> <span class='ocrx_word' id='word_1_4' title='bbox 1715 345 1789 424; x_wconf 76' lang='grc'><strong>187</strong></span> <span class='ocrx_word' id='word_1_5' title='bbox 1838 422 1841 428; x_wconf 86' lang='grc'><strong>,</strong></span> 
     </span>
    </p>
   </div>
   <div class='ocr_carea' id='block_1_2' title="bbox 319 549 1790 1700">
    <p class='ocr_par' dir='ltr' id='par_1_2' title="bbox 402 549 1789 878">
     <span class='ocr_line' id='line_1_2' title="bbox 411 549 1789 646; baseline 0.001 -24"><span class='ocrx_word' id='word_1_6' title='bbox 411 553 462 622; x_wconf 89' lang='lat' dir='ltr'><strong>II.</strong></span> <span class='ocrx_word' id='word_1_7' title='bbox 491 549 556 622; x_wconf 91' lang='lat' dir='ltr'><strong>Ubi</strong></span> <span class='ocrx_word' id='word_1_8' title='bbox 583 558 817 622; x_wconf 85' lang='lat' dir='ltr'><strong>temtaverunt</strong></span> <span class='ocrx_word' id='word_1_9' title='bbox 848 549 993 643; x_wconf 90' lang='lat' dir='ltr'><strong>quidam</strong></span> <span class='ocrx_word' id='word_1_10' title='bbox 1020 551 1066 622; x_wconf 90' lang='lat' dir='ltr'><strong>de</strong></span> <span class='ocrx_word' id='word_1_11' title='bbox 1094 553 1349 624; x_wconf 88' lang='lat' dir='ltr'><strong>circueuntibus</strong></span> <span class='ocrx_word' id='word_1_12' title='bbox 1382 551 1519 622; x_wconf 89' lang='lat' dir='ltr'><strong>Iudaeis</strong></span> <span class='ocrx_word' id='word_1_13' title='bbox 1546 552 1685 646; x_wconf 90' lang='lat' dir='ltr'><strong>spiritus</strong></span> <span class='ocrx_word' id='word_1_14' title='bbox 1712 575 1789 624; x_wconf 91' lang='lat' dir='ltr'><strong>ma-</strong></span> 
     </span>
     <span class='ocr_line' id='line_1_3' title="bbox 490 667 1521 742; baseline 0 -4"><span class='ocrx_word' id='word_1_15' title='bbox 490 670 544 740; x_wconf 92' lang='lat' dir='ltr'><strong>los</strong></span> <span class='ocrx_word' id='word_1_16' title='bbox 572 667 606 736; x_wconf 93' lang='lat' dir='ltr'><strong>in</strong></span> <span class='ocrx_word' id='word_1_17' title='bbox 632 669 774 739; x_wconf 87' lang='lat' dir='ltr'><strong>nomiae</strong></span> <span class='ocrx_word' id='word_1_18' title='bbox 802 668 937 742; x_wconf 86' lang='lat' dir='ltr'><strong>domiui</strong></span> <span class='ocrx_word' id='word_1_19' title='bbox 963 667 1042 738; x_wconf 88' lang='lat' dir='ltr'><strong>Iesu</strong></span> <span class='ocrx_word' id='word_1_20' title='bbox 1068 669 1184 741; x_wconf 90' lang='lat' dir='ltr'><strong>eicere</strong></span> <span class='ocrx_word' id='word_1_21' title='bbox 1212 684 1248 740; x_wconf 92' lang='lat' dir='ltr'><strong>et</strong></span> <span class='ocrx_word' id='word_1_22' title='bbox 1274 669 1407 740; x_wconf 86' lang='lat' dir='ltr'><strong>confusi</strong></span> <span class='ocrx_word' id='word_1_23' title='bbox 1434 681 1521 740; x_wconf 92' lang='lat' dir='ltr'><strong>sunt.</strong></span> 
     </span>
     <span class='ocr_line' id='line_1_4' title="bbox 402 782 1466 878; baseline 0 -22"><span class='ocrx_word' id='word_1_24' title='bbox 402 787 462 856; x_wconf 93' lang='lat' dir='ltr'>LII.</span> <span class='ocrx_word' id='word_1_25' title='bbox 491 784 556 856; x_wconf 85' lang='lat' dir='ltr'><strong>Ubi</strong></span> <span class='ocrx_word' id='word_1_26' title='bbox 581 782 780 856; x_wconf 87' lang='lat' dir='ltr'><strong>Demetrius</strong></span> <span class='ocrx_word' id='word_1_27' title='bbox 806 787 941 857; x_wconf 80' lang='lat' dir='ltr'><strong>faciens</strong></span> <span class='ocrx_word' id='word_1_28' title='bbox 969 785 1078 858; x_wconf 91' lang='lat' dir='ltr'><strong>aedes</strong></span> <span class='ocrx_word' id='word_1_29' title='bbox 1104 797 1289 878; x_wconf 82' lang='lat' dir='ltr'><strong>argenteas</strong></span> <span class='ocrx_word' id='word_1_30' title='bbox 1315 789 1466 857; x_wconf 89' lang='lat' dir='ltr'><strong>Deanae.</strong></span> 
     </span>
    </p>

    <p class='ocr_par' dir='ltr' id='par_1_3' title="bbox 319 899 1790 1218">
     <span class='ocr_line' id='line_1_5' title="bbox 319 899 1790 996; baseline 0.001 -22"><span class='ocrx_word' id='word_1_31' title='bbox 319 989 320 994; x_wconf 6' lang='grc' dir='ltr'><strong>Ἰ</strong></span> <span class='ocrx_word' id='word_1_32' title='bbox 385 905 460 974; x_wconf 92' lang='lat' dir='ltr'>LIII.</span> <span class='ocrx_word' id='word_1_33' title='bbox 487 899 707 974; x_wconf 88' lang='lat' dir='ltr'><strong>UhiPaulus</strong></span> <span class='ocrx_word' id='word_1_34' title='bbox 734 901 976 973; x_wconf 82' lang='lat' dir='ltr'><strong>valefaciens</strong></span> <span class='ocrx_word' id='word_1_35' title='bbox 1004 901 1179 994; x_wconf 86' lang='lat' dir='ltr'><strong>discipulis</strong></span> <span class='ocrx_word' id='word_1_36' title='bbox 1216 905 1390 996; x_wconf 84' lang='lat' dir='ltr'><strong>profectus</strong></span> <span class='ocrx_word' id='word_1_37' title='bbox 1424 915 1477 974; x_wconf 89' lang='lat' dir='ltr'><strong>est</strong></span> <span class='ocrx_word' id='word_1_38' title='bbox 1502 905 1725 991; x_wconf 87' lang='lat' dir='ltr'><strong>Macedonia,</strong></span> <span class='ocrx_word' id='word_1_39' title='bbox 1755 917 1790 977; x_wconf 89' lang='lat' dir='ltr'><strong>ct</strong></span> 
     </span>
     <span class='ocr_line' id='line_1_6' title="bbox 492 1020 1789 1114; baseline 0.003 -22"><span class='ocrx_word' id='word_1_40' title='bbox 492 1021 552 1092; x_wconf 92' lang='lat' dir='ltr'><strong>ubi</strong></span> <span class='ocrx_word' id='word_1_41' title='bbox 577 1039 726 1110; x_wconf 91' lang='lat' dir='ltr'><strong>puerum</strong></span> <span class='ocrx_word' id='word_1_42' title='bbox 754 1020 812 1111; x_wconf 92' lang='lat' dir='ltr'><strong>qui</strong></span> <span class='ocrx_word' id='word_1_43' title='bbox 838 1040 970 1092; x_wconf 92' lang='lat' dir='ltr'><strong>somno</strong></span> <span class='ocrx_word' id='word_1_44' title='bbox 997 1020 1095 1110; x_wconf 83' lang='lat' dir='ltr'><strong>gravi</strong></span> <span class='ocrx_word' id='word_1_45' title='bbox 1122 1043 1185 1114; x_wconf 91' lang='lat' dir='ltr'><strong>per</strong></span> <span class='ocrx_word' id='word_1_46' title='bbox 1211 1024 1395 1094; x_wconf 81' lang='lat' dir='ltr'><strong>fenestram</strong></span> <span class='ocrx_word' id='word_1_47' title='bbox 1415 1022 1590 1094; x_wconf 82' lang='lat' dir='ltr'><strong>ceciderat</strong></span> <span class='ocrx_word' id='word_1_48' title='bbox 1616 1035 1789 1096; x_wconf 92' lang='lat' dir='ltr'><strong>mortuum</strong></span> 
     </span>
     <span class='ocr_line' id='line_1_7' title="bbox 491 1135 1718 1218; baseline -0.002 -10"><span class='ocrx_word' id='word_1_49' title='bbox 491 1135 720 1208; x_wconf 79' lang='lat' dir='ltr'><strong>resuscitavit.</strong></span> <span class='ocrx_word' id='word_1_50' title='bbox 887 1207 890 1218; x_wconf 78' lang='grc'>,</span> <span class='ocrx_word' id='word_1_51' title='bbox 1713 1143 1718 1154; x_wconf 96' lang='grc'><strong><em>’</em></strong></span> 
     </span>
    </p>

    <p class='ocr_par' dir='ltr' id='par_1_4' title="bbox 375 1251 1786 1468">
     <span class='ocr_line' id='line_1_8' title="bbox 375 1251 1786 1348; baseline 0.001 -20"><span class='ocrx_word' id='word_1_52' title='bbox 375 1259 463 1328; x_wconf 92' lang='lat' dir='ltr'>LIIII.</span> <span class='ocrx_word' id='word_1_53' title='bbox 490 1254 556 1326; x_wconf 92' lang='lat' dir='ltr'><strong>Ubi</strong></span> <span class='ocrx_word' id='word_1_54' title='bbox 582 1251 710 1324; x_wconf 90' lang='lat' dir='ltr'><strong>Paulus</strong></span> <span class='ocrx_word' id='word_1_55' title='bbox 736 1275 799 1348; x_wconf 90' lang='lat' dir='ltr'><strong>per</strong></span> <span class='ocrx_word' id='word_1_56' title='bbox 826 1254 1006 1345; x_wconf 79' lang='lat' dir='ltr'><strong>navigium</strong></span> <span class='ocrx_word' id='word_1_57' title='bbox 1034 1255 1202 1327; x_wconf 84' lang='lat' dir='ltr'><strong>circuiens</strong></span> <span class='ocrx_word' id='word_1_58' title='bbox 1228 1256 1310 1326; x_wconf 94' lang='lat' dir='ltr'>VIIII</span> <span class='ocrx_word' id='word_1_59' title='bbox 1345 1256 1499 1329; x_wconf 90' lang='lat' dir='ltr'><strong>civitates</strong></span> <span class='ocrx_word' id='word_1_60' title='bbox 1533 1261 1626 1330; x_wconf 90' lang='lat' dir='ltr'><strong>venit</strong></span> <span class='ocrx_word' id='word_1_61' title='bbox 1658 1261 1692 1331; x_wconf 94' lang='lat' dir='ltr'><strong>in</strong></span> <span class='ocrx_word' id='word_1_62' title='bbox 1719 1261 1786 1332; x_wconf 93' lang='lat' dir='ltr'><strong>do-</strong></span> 
     </span>
     <span class='ocr_line' id='line_1_9' title="bbox 493 1371 1725 1468; baseline 0.005 -26"><span class='ocrx_word' id='word_1_63' title='bbox 493 1387 588 1442; x_wconf 92' lang='lat' dir='ltr'><strong>mum</strong></span> <span class='ocrx_word' id='word_1_64' title='bbox 615 1371 760 1467; x_wconf 87' lang='lat' dir='ltr'><strong>Philippi</strong></span> <span class='ocrx_word' id='word_1_65' title='bbox 787 1371 1038 1463; x_wconf 82' lang='lat' dir='ltr'><strong>evangelistae,</strong></span> <span class='ocrx_word' id='word_1_66' title='bbox 1066 1375 1120 1444; x_wconf 93' lang='lat' dir='ltr'><strong>cui</strong></span> <span class='ocrx_word' id='word_1_67' title='bbox 1147 1383 1245 1444; x_wconf 89' lang='lat' dir='ltr'><strong>erant</strong></span> <span class='ocrx_word' id='word_1_68' title='bbox 1271 1372 1361 1444; x_wconf 90' lang='lat' dir='ltr'><strong>filiae</strong></span> <span class='ocrx_word' id='word_1_69' title='bbox 1387 1374 1441 1445; x_wconf 86' lang='lat'><em>1111</em></span> <span class='ocrx_word' id='word_1_70' title='bbox 1466 1377 1725 1468; x_wconf 75' lang='lat' dir='ltr'><strong>prophetantes.</strong></span> 
     </span>
    </p>

    <p class='ocr_par' dir='ltr' id='par_1_5' title="bbox 399 1489 1785 1700">
     <span class='ocr_line' id='line_1_10' title="bbox 399 1489 1785 1587; baseline 0.003 -24"><span class='ocrx_word' id='word_1_71' title='bbox 399 1494 462 1563; x_wconf 91' lang='lat' dir='ltr'><strong>LV.</strong></span> <span class='ocrx_word' id='word_1_72' title='bbox 491 1490 555 1562; x_wconf 90' lang='lat' dir='ltr'><strong>Ubi</strong></span> <span class='ocrx_word' id='word_1_73' title='bbox 582 1490 802 1582; x_wconf 83' lang='lat' dir='ltr'><strong>prophetavit</strong></span> <span class='ocrx_word' id='word_1_74' title='bbox 827 1489 975 1580; x_wconf 83' lang='lat' dir='ltr'><strong>Agabus</strong></span> <span class='ocrx_word' id='word_1_75' title='bbox 1002 1489 1108 1562; x_wconf 89' lang='lat' dir='ltr'><strong>Paulo</strong></span> <span class='ocrx_word' id='word_1_76' title='bbox 1136 1491 1233 1583; x_wconf 91' lang='lat' dir='ltr'><strong>quod</strong></span> <span class='ocrx_word' id='word_1_77' title='bbox 1268 1493 1300 1561; x_wconf 92' lang='lat' dir='ltr'><strong>in</strong></span> <span class='ocrx_word' id='word_1_78' title='bbox 1329 1493 1540 1564; x_wconf 82' lang='lat' dir='ltr'><strong>Hierusalem</strong></span> <span class='ocrx_word' id='word_1_79' title='bbox 1568 1496 1785 1587; x_wconf 87' lang='lat' dir='ltr'><strong>persecutio-</strong></span> 
     </span>
     <span class='ocr_line' id='line_1_11' title="bbox 493 1607 1253 1700; baseline 0 -22"><span class='ocrx_word' id='word_1_80' title='bbox 493 1629 574 1678; x_wconf 89' lang='lat' dir='ltr'><strong>nem</strong></span> <span class='ocrx_word' id='word_1_81' title='bbox 601 1629 621 1678; x_wconf 90' lang='lat' dir='ltr'><strong>a</strong></span> <span class='ocrx_word' id='word_1_82' title='bbox 647 1607 782 1680; x_wconf 91' lang='lat' dir='ltr'><strong>Iudaeis</strong></span> <span class='ocrx_word' id='word_1_83' title='bbox 808 1615 989 1700; x_wconf 89' lang='lat' dir='ltr'><strong>pateretur</strong></span> <span class='ocrx_word' id='word_1_84' title='bbox 1014 1630 1079 1700; x_wconf 92' lang='lat' dir='ltr'><strong>pro</strong></span> <span class='ocrx_word' id='word_1_85' title='bbox 1108 1609 1253 1680; x_wconf 89' lang='lat' dir='ltr'><strong>Christo.</strong></span> 
     </span>
    </p>
   </div>
   <div class='ocr_carea' id='block_1_3' title="bbox 370 1725 1910 1938">
    <p class='ocr_par' dir='ltr' id='par_1_6' title="bbox 370 1725 1910 1938">
     <span class='ocr_line' id='line_1_12' title="bbox 383 1725 1910 1820; baseline 0.005 -25"><span class='ocrx_word' id='word_1_86' title='bbox 383 1726 460 1811; x_wconf 77' lang='lat' dir='ltr'><strong>tvl,</strong></span> <span class='ocrx_word' id='word_1_87' title='bbox 489 1726 553 1798; x_wconf 94' lang='lat' dir='ltr'><strong>Ubi</strong></span> <span class='ocrx_word' id='word_1_88' title='bbox 570 1725 696 1796; x_wconf 89' lang='lat' dir='ltr'><strong>Paulus</strong></span> <span class='ocrx_word' id='word_1_89' title='bbox 714 1725 927 1796; x_wconf 86' lang='lat' dir='ltr'><strong>Hierusalem</strong></span> <span class='ocrx_word' id='word_1_90' title='bbox 947 1727 1112 1811; x_wconf 77' lang='lat' dir='ltr'><strong>ascendit</strong></span> <span class='ocrx_word' id='word_1_91' title='bbox 1141 1727 1270 1798; x_wconf 89' lang='lat' dir='ltr'><strong>deinde</strong></span> <span class='ocrx_word' id='word_1_92' title='bbox 1287 1726 1565 1820; x_wconf 86' lang='lat' dir='ltr'><strong>Hierosolymam</strong></span> <span class='ocrx_word' id='word_1_93' title='bbox 1584 1729 1631 1800; x_wconf 89' lang='lat' dir='ltr'><strong>ad</strong></span> <span class='ocrx_word' id='word_1_94' title='bbox 1649 1731 1782 1802; x_wconf 81' lang='lat' dir='ltr'><strong>fratres.</strong></span> <span class='ocrx_word' id='word_1_95' title='bbox 1803 1731 1805 1738; x_wconf 85' lang='lat'>&#39;</span> <span class='ocrx_word' id='word_1_96' title='bbox 1906 1740 1910 1746; x_wconf 79' lang='grc'><em>“</em></span> 
     </span>
     <span class='ocr_line' id='line_1_13' title="bbox 370 1841 1906 1938; baseline 0.004 -26"><span class='ocrx_word' id='word_1_97' title='bbox 370 1844 460 1914; x_wconf 77' lang='lat' dir='ltr'><strong>nvn,</strong></span> <span class='ocrx_word' id='word_1_98' title='bbox 489 1843 555 1914; x_wconf 92' lang='lat' dir='ltr'><strong>Ubi</strong></span> <span class='ocrx_word' id='word_1_99' title='bbox 582 1843 707 1916; x_wconf 90' lang='lat' dir='ltr'><strong>Paulus</strong></span> <span class='ocrx_word' id='word_1_100' title='bbox 732 1841 919 1935; x_wconf 80' lang='lat' dir='ltr'><strong>purificans</strong></span> <span class='ocrx_word' id='word_1_101' title='bbox 946 1863 986 1914; x_wconf 88' lang='lat' dir='ltr'><strong>sc</strong></span> <span class='ocrx_word' id='word_1_102' title='bbox 1011 1845 1149 1916; x_wconf 89' lang='lat' dir='ltr'><strong>intravit</strong></span> <span class='ocrx_word' id='word_1_103' title='bbox 1175 1847 1341 1938; x_wconf 91' lang='lat' dir='ltr'><strong>templum</strong></span> <span class='ocrx_word' id='word_1_104' title='bbox 1373 1855 1409 1914; x_wconf 92' lang='lat' dir='ltr'><strong>et</strong></span> <span class='ocrx_word' id='word_1_105' title='bbox 1442 1845 1561 1918; x_wconf 89' lang='lat' dir='ltr'><strong>Iudaei</strong></span> <span class='ocrx_word' id='word_1_106' title='bbox 1592 1847 1784 1920; x_wconf 90' lang='lat' dir='ltr'><strong>iniecerunt</strong></span> <span class='ocrx_word' id='word_1_107' title='bbox 1903 1893 1906 1902; x_wconf 80' lang='lat'>‚</span> 
     </span>
    </p>
   </div>
   <div class='ocr_carea' id='block_1_4' title="bbox 285 1962 1826 4288">
    <p class='ocr_par' dir='ltr' id='par_1_7' title="bbox 285 1962 1826 4288">
     <span class='ocr_line' id='line_1_14' title="bbox 492 1962 1782 2054; baseline 0.005 -22"><span class='ocrx_word' id='word_1_108' title='bbox 492 1963 528 2032; x_wconf 91' lang='lat' dir='ltr'><strong>in</strong></span> <span class='ocrx_word' id='word_1_109' title='bbox 556 1983 637 2032; x_wconf 88' lang='lat' dir='ltr'><strong>eum</strong></span> <span class='ocrx_word' id='word_1_110' title='bbox 665 1983 795 2045; x_wconf 90' lang='lat' dir='ltr'><strong>manus,</strong></span> <span class='ocrx_word' id='word_1_111' title='bbox 824 1971 860 2032; x_wconf 90' lang='lat' dir='ltr'><strong>et</strong></span> <span class='ocrx_word' id='word_1_112' title='bbox 886 1962 1051 2052; x_wconf 84' lang='lat' dir='ltr'><strong>exposuit</strong></span> <span class='ocrx_word' id='word_1_113' title='bbox 1076 1962 1140 2032; x_wconf 92' lang='lat' dir='ltr'><strong>illis</strong></span> <span class='ocrx_word' id='word_1_114' title='bbox 1158 1963 1284 2036; x_wconf 90' lang='lat' dir='ltr'><strong>Paulus</strong></span> <span class='ocrx_word' id='word_1_115' title='bbox 1312 1963 1492 2054; x_wconf 91' lang='lat' dir='ltr'><strong>quomodo</strong></span> <span class='ocrx_word' id='word_1_116' title='bbox 1510 1975 1676 2036; x_wconf 88' lang='lat' dir='ltr'><strong>vocasset</strong></span> <span class='ocrx_word' id='word_1_117' title='bbox 1701 1987 1782 2038; x_wconf 90' lang='lat' dir='ltr'><strong>eum</strong></span> 
     </span>
     <span class='ocr_line' id='line_1_15' title="bbox 490 2077 1459 2171; baseline 0 -21"><span class='ocrx_word' id='word_1_118' title='bbox 490 2079 656 2150; x_wconf 90' lang='lat' dir='ltr'><strong>dominus</strong></span> <span class='ocrx_word' id='word_1_119' title='bbox 684 2079 837 2150; x_wconf 89' lang='lat' dir='ltr'><strong>Christus</strong></span> <span class='ocrx_word' id='word_1_120' title='bbox 865 2088 901 2150; x_wconf 90' lang='lat' dir='ltr'><strong>et</strong></span> <span class='ocrx_word' id='word_1_121' title='bbox 927 2077 1140 2171; x_wconf 85' lang='lat' dir='ltr'><strong>baptizasset</strong></span> <span class='ocrx_word' id='word_1_122' title='bbox 1167 2101 1248 2152; x_wconf 91' lang='lat' dir='ltr'><strong>eum</strong></span> <span class='ocrx_word' id='word_1_123' title='bbox 1273 2079 1459 2153; x_wconf 87' lang='lat' dir='ltr'><strong>Annanias.</strong></span> 
     </span>
     <span class='ocr_line' id='line_1_16' title="bbox 363 2196 1779 2288; baseline 0.002 -20"><span class='ocrx_word' id='word_1_124' title='bbox 363 2198 463 2268; x_wconf 86' lang='lat' dir='ltr'>LVIII.</span> <span class='ocrx_word' id='word_1_125' title='bbox 492 2197 562 2268; x_wconf 94' lang='lat' dir='ltr'><strong>Ubi</strong></span> <span class='ocrx_word' id='word_1_126' title='bbox 587 2198 802 2288; x_wconf 86' lang='lat' dir='ltr'><strong>quaerebant</strong></span> <span class='ocrx_word' id='word_1_127' title='bbox 827 2196 945 2270; x_wconf 84' lang='lat' dir='ltr'><strong>Iudaei</strong></span> <span class='ocrx_word' id='word_1_128' title='bbox 972 2197 1135 2274; x_wconf 89' lang='lat' dir='ltr'><strong>occidere</strong></span> <span class='ocrx_word' id='word_1_129' title='bbox 1162 2198 1304 2270; x_wconf 80' lang='lat' dir='ltr'><strong>Pardum</strong></span> <span class='ocrx_word' id='word_1_130' title='bbox 1332 2205 1367 2268; x_wconf 90' lang='lat' dir='ltr'><strong>et</strong></span> <span class='ocrx_word' id='word_1_131' title='bbox 1401 2197 1487 2270; x_wconf 82' lang='lat' dir='ltr'><strong>dixit</strong></span> <span class='ocrx_word' id='word_1_132' title='bbox 1513 2219 1553 2270; x_wconf 87' lang='lat' dir='ltr'><strong>sc</strong></span> <span class='ocrx_word' id='word_1_133' title='bbox 1580 2198 1691 2268; x_wconf 87' lang='lat' dir='ltr'><strong>civem</strong></span> <span class='ocrx_word' id='word_1_134' title='bbox 1719 2223 1779 2272; x_wconf 88' lang='lat' dir='ltr'><strong>ro-</strong></span> 
     </span>
     <span class='ocr_line' id='line_1_17' title="bbox 488 2335 749 2388; baseline 0.004 -4"><span class='ocrx_word' id='word_1_135' title='bbox 488 2336 633 2384; x_wconf 93' lang='lat' dir='ltr'><strong>manum</strong></span> <span class='ocrx_word' id='word_1_136' title='bbox 660 2335 749 2388; x_wconf 89' lang='lat' dir='ltr'><strong>esse.</strong></span> 
     </span>
     <span class='ocr_line' id='line_1_18' title="bbox 285 2431 1780 2526; baseline 0.001 -22"><span class='ocrx_word' id='word_1_137' title='bbox 285 2443 290 2486; x_wconf 56' lang='grc' dir='ltr'>Ι</span> <span class='ocrx_word' id='word_1_138' title='bbox 379 2433 458 2504; x_wconf 88' lang='lat' dir='ltr'>LIX.</span> <span class='ocrx_word' id='word_1_139' title='bbox 486 2433 556 2504; x_wconf 89' lang='lat' dir='ltr'><strong>Ubi</strong></span> <span class='ocrx_word' id='word_1_140' title='bbox 584 2433 707 2504; x_wconf 89' lang='lat' dir='ltr'><strong>Paulus</strong></span> <span class='ocrx_word' id='word_1_141' title='bbox 735 2432 914 2506; x_wconf 85' lang='lat' dir='ltr'><strong>maledixit</strong></span> <span class='ocrx_word' id='word_1_142' title='bbox 939 2431 1129 2506; x_wconf 80' lang='lat' dir='ltr'><strong>AnnauIam</strong></span> <span class='ocrx_word' id='word_1_143' title='bbox 1157 2433 1349 2526; x_wconf 89' lang='lat' dir='ltr'><strong>principem</strong></span> <span class='ocrx_word' id='word_1_144' title='bbox 1377 2453 1421 2503; x_wconf 89' lang='lat' dir='ltr'><strong>eo</strong></span> <span class='ocrx_word' id='word_1_145' title='bbox 1449 2433 1545 2524; x_wconf 90' lang='lat' dir='ltr'><strong>quod</strong></span> <span class='ocrx_word' id='word_1_146' title='bbox 1567 2436 1780 2525; x_wconf 88' lang='lat' dir='ltr'><strong>percusserit</strong></span> 
     </span>
     <span class='ocr_line' id='line_1_19' title="bbox 490 2550 1712 2648; baseline 0 -26"><span class='ocrx_word' id='word_1_147' title='bbox 490 2550 669 2622; x_wconf 82' lang='lat' dir='ltr'><strong>maxillam</strong></span> <span class='ocrx_word' id='word_1_148' title='bbox 696 2551 780 2634; x_wconf 88' lang='lat' dir='ltr'><strong>eius,</strong></span> <span class='ocrx_word' id='word_1_149' title='bbox 808 2561 843 2622; x_wconf 89' lang='lat' dir='ltr'><strong>et</strong></span> <span class='ocrx_word' id='word_1_150' title='bbox 868 2551 1010 2622; x_wconf 88' lang='lat' dir='ltr'><strong>insidias</strong></span> <span class='ocrx_word' id='word_1_151' title='bbox 1036 2551 1243 2625; x_wconf 87' lang='lat' dir='ltr'><strong>Iudaeorum</strong></span> <span class='ocrx_word' id='word_1_152' title='bbox 1269 2561 1306 2648; x_wconf 90' lang='lat' dir='ltr'><strong>nt</strong></span> <span class='ocrx_word' id='word_1_153' title='bbox 1332 2550 1474 2624; x_wconf 90' lang='lat' dir='ltr'><strong>Paulum</strong></span> <span class='ocrx_word' id='word_1_154' title='bbox 1502 2550 1712 2624; x_wconf 89' lang='lat' dir='ltr'><strong>occiderent.</strong></span> 
     </span>
     <span class='ocr_line' id='line_1_20' title="bbox 396 2667 1826 2762; baseline 0.001 -22"><span class='ocrx_word' id='word_1_155' title='bbox 396 2669 461 2740; x_wconf 87' lang='lat' dir='ltr'><strong>LX</strong></span> <span class='ocrx_word' id='word_1_156' title='bbox 489 2669 534 2742; x_wconf 86' lang='lat' dir='ltr'><strong>Et</strong></span> <span class='ocrx_word' id='word_1_157' title='bbox 560 2669 619 2740; x_wconf 92' lang='lat' dir='ltr'><strong>ubi</strong></span> <span class='ocrx_word' id='word_1_158' title='bbox 646 2667 794 2743; x_wconf 88' lang='lat' dir='ltr'><strong>Claudus</strong></span> <span class='ocrx_word' id='word_1_159' title='bbox 812 2669 935 2761; x_wconf 80' lang='lat' dir='ltr'><strong>Lysias</strong></span> <span class='ocrx_word' id='word_1_160' title='bbox 961 2668 1097 2762; x_wconf 86' lang='lat' dir='ltr'><strong>scripsit</strong></span> <span class='ocrx_word' id='word_1_161' title='bbox 1122 2669 1226 2759; x_wconf 82' lang='lat' dir='ltr'><strong>Felici</strong></span> <span class='ocrx_word' id='word_1_162' title='bbox 1251 2669 1406 2760; x_wconf 91' lang='lat' dir='ltr'><strong>praesidi</strong></span> <span class='ocrx_word' id='word_1_163' title='bbox 1424 2668 1597 2742; x_wconf 87' lang='lat' dir='ltr'><strong>Caesarea</strong></span> <span class='ocrx_word' id='word_1_164' title='bbox 1623 2680 1660 2740; x_wconf 90' lang='lat' dir='ltr'><strong>et</strong></span> <span class='ocrx_word' id='word_1_165' title='bbox 1677 2691 1776 2745; x_wconf 90' lang='lat' dir='ltr'><strong>com·</strong></span> <span class='ocrx_word' id='word_1_166' title='bbox 1822 2670 1826 2678; x_wconf 84' lang='lat'>&#39;</span> 
     </span>
     <span class='ocr_line' id='line_1_21' title="bbox 491 2785 813 2858; baseline -0.016 0"><span class='ocrx_word' id='word_1_167' title='bbox 491 2787 635 2858; x_wconf 90' lang='lat' dir='ltr'><strong>mendat</strong></span> <span class='ocrx_word' id='word_1_168' title='bbox 660 2785 813 2858; x_wconf 86' lang='lat' dir='ltr'><strong>Paulum.</strong></span> 
     </span>
     <span class='ocr_line' id='line_1_22' title="bbox 385 2893 1776 2998; baseline 0 -22"><span class='ocrx_word' id='word_1_169' title='bbox 385 2904 465 2976; x_wconf 91' lang='lat' dir='ltr'>LXI.</span> <span class='ocrx_word' id='word_1_170' title='bbox 493 2903 558 2977; x_wconf 89' lang='lat' dir='ltr'><strong>Ubi</strong></span> <span class='ocrx_word' id='word_1_171' title='bbox 575 2904 700 2977; x_wconf 90' lang='lat' dir='ltr'><strong>milites</strong></span> <span class='ocrx_word' id='word_1_172' title='bbox 718 2893 928 2976; x_wconf 88' lang='lat' dir='ltr'><strong>&#39;secundum</strong></span> <span class='ocrx_word' id='word_1_173' title='bbox 944 2913 1170 2998; x_wconf 89' lang='lat' dir='ltr'><strong>praeceptum</strong></span> <span class='ocrx_word' id='word_1_174' title='bbox 1193 2902 1367 2976; x_wconf 85' lang='lat' dir='ltr'><strong>duxerrmt</strong></span> <span class='ocrx_word' id='word_1_175' title='bbox 1392 2902 1533 2975; x_wconf 89' lang='lat' dir='ltr'><strong>Paulum</strong></span> <span class='ocrx_word' id='word_1_176' title='bbox 1558 2903 1776 2978; x_wconf 88' lang='lat' dir='ltr'><strong>Caesaream.</strong></span> 
     </span>
     <span class='ocr_line' id='line_1_23' title="bbox 370 3019 1777 3114; baseline 0 -20"><span class='ocrx_word' id='word_1_177' title='bbox 370 3021 461 3094; x_wconf 89' lang='lat' dir='ltr'>LXII.</span> <span class='ocrx_word' id='word_1_178' title='bbox 490 3021 554 3094; x_wconf 94' lang='lat' dir='ltr'><strong>Ubi</strong></span> <span class='ocrx_word' id='word_1_179' title='bbox 588 3031 671 3114; x_wconf 91' lang='lat' dir='ltr'><strong>post</strong></span> <span class='ocrx_word' id='word_1_180' title='bbox 703 3022 731 3091; x_wconf 88' lang='lat' dir='ltr'>V</span> <span class='ocrx_word' id='word_1_181' title='bbox 770 3019 847 3092; x_wconf 82' lang='lat' dir='ltr'><strong>dIes</strong></span> <span class='ocrx_word' id='word_1_182' title='bbox 889 3021 1046 3094; x_wconf 89' lang='lat' dir='ltr'><strong>ascendit</strong></span> <span class='ocrx_word' id='word_1_183' title='bbox 1084 3020 1258 3094; x_wconf 78' lang='lat' dir='ltr'><strong>hananias</strong></span> <span class='ocrx_word' id='word_1_184' title='bbox 1300 3021 1462 3114; x_wconf 90' lang='lat' dir='ltr'><strong>princeps</strong></span> <span class='ocrx_word' id='word_1_185' title='bbox 1498 3029 1535 3090; x_wconf 91' lang='lat' dir='ltr'><strong>ut</strong></span> <span class='ocrx_word' id='word_1_186' title='bbox 1573 3033 1777 3094; x_wconf 86' lang='lat' dir='ltr'><strong>accusarent</strong></span> 
     </span>
     <span class='ocr_line' id='line_1_24' title="bbox 492 3131 1450 3212; baseline 0.004 -4"><span class='ocrx_word' id='word_1_187' title='bbox 492 3138 634 3212; x_wconf 88' lang='lat' dir='ltr'><strong>Paulum</strong></span> <span class='ocrx_word' id='word_1_188' title='bbox 661 3138 800 3210; x_wconf 86' lang='lat' dir='ltr'><strong>Caesari</strong></span> <span class='ocrx_word' id='word_1_189' title='bbox 827 3131 957 3208; x_wconf 84' lang='lat' dir='ltr'><strong>&#39;Felici</strong></span> <span class='ocrx_word' id='word_1_190' title='bbox 1444 3205 1450 3212; x_wconf 91' lang='lat'>.</span> 
     </span>
     <span class='ocr_line' id='line_1_25' title="bbox 356 3253 1699 3334; baseline -0.001 -9"><span class='ocrx_word' id='word_1_191' title='bbox 356 3257 461 3326; x_wconf 93' lang='lat' dir='ltr'>LXIII.</span> <span class='ocrx_word' id='word_1_192' title='bbox 489 3257 553 3328; x_wconf 91' lang='lat' dir='ltr'><strong>Ubi</strong></span> <span class='ocrx_word' id='word_1_193' title='bbox 578 3257 675 3328; x_wconf 83' lang='lat' dir='ltr'><strong>Felix</strong></span> <span class='ocrx_word' id='word_1_194' title='bbox 702 3256 830 3328; x_wconf 89' lang='lat' dir='ltr'><strong>Caesar</strong></span> <span class='ocrx_word' id='word_1_195' title='bbox 855 3255 984 3327; x_wconf 88' lang='lat' dir='ltr'><strong>distulit</strong></span> <span class='ocrx_word' id='word_1_196' title='bbox 1010 3255 1251 3328; x_wconf 79' lang='lat' dir='ltr'><strong>accusahones</strong></span> <span class='ocrx_word' id='word_1_197' title='bbox 1278 3253 1423 3326; x_wconf 91' lang='lat' dir='ltr'><strong>illorum.</strong></span> <span class='ocrx_word' id='word_1_198' title='bbox 1696 3325 1699 3334; x_wconf 78' lang='grc'>,</span> 
     </span>
     <span class='ocr_line' id='line_1_26' title="bbox 343 3370 1772 3466; baseline 0.001 -21"><span class='ocrx_word' id='word_1_199' title='bbox 343 3374 461 3445; x_wconf 93' lang='lat' dir='ltr'>LXIIIL</span> <span class='ocrx_word' id='word_1_200' title='bbox 488 3373 571 3446; x_wconf 89' lang='lat' dir='ltr'><strong>Item</strong></span> <span class='ocrx_word' id='word_1_201' title='bbox 599 3375 656 3446; x_wconf 91' lang='lat' dir='ltr'><strong>ubi</strong></span> <span class='ocrx_word' id='word_1_202' title='bbox 688 3375 811 3456; x_wconf 88' lang='lat' dir='ltr'><strong>Festus</strong></span> <span class='ocrx_word' id='word_1_203' title='bbox 844 3371 1022 3466; x_wconf 77' lang='lat' dir='ltr'><strong>Agrippae</strong></span> <span class='ocrx_word' id='word_1_204' title='bbox 1055 3373 1130 3465; x_wconf 78' lang='lat' dir='ltr'><strong>regi</strong></span> <span class='ocrx_word' id='word_1_205' title='bbox 1164 3371 1332 3444; x_wconf 89' lang='lat' dir='ltr'><strong>rationem</strong></span> <span class='ocrx_word' id='word_1_206' title='bbox 1363 3370 1409 3444; x_wconf 90' lang='lat' dir='ltr'><strong>de</strong></span> <span class='ocrx_word' id='word_1_207' title='bbox 1443 3371 1547 3442; x_wconf 89' lang='lat' dir='ltr'><strong>Paulo</strong></span> <span class='ocrx_word' id='word_1_208' title='bbox 1581 3372 1695 3446; x_wconf 90' lang='lat' dir='ltr'><strong>reddit</strong></span> <span class='ocrx_word' id='word_1_209' title='bbox 1728 3395 1772 3446; x_wconf 87' lang='lat' dir='ltr'><strong>eo</strong></span> 
     </span>
     <span class='ocr_line' id='line_1_27' title="bbox 322 3477 1052 3582; baseline -0.004 -19"><span class='ocrx_word' id='word_1_210' title='bbox 322 3477 329 3496; x_wconf 84' lang='lat'>&#39;</span> <span class='ocrx_word' id='word_1_211' title='bbox 491 3491 586 3582; x_wconf 93' lang='lat' dir='ltr'><strong>quod</strong></span> <span class='ocrx_word' id='word_1_212' title='bbox 613 3514 634 3565; x_wconf 89' lang='lat' dir='ltr'><strong>a</strong></span> <span class='ocrx_word' id='word_1_213' title='bbox 659 3491 796 3566; x_wconf 90' lang='lat' dir='ltr'><strong>Iudaeis</strong></span> <span class='ocrx_word' id='word_1_214' title='bbox 822 3501 1052 3562; x_wconf 84' lang='lat' dir='ltr'><strong>accusaretur.</strong></span> 
     </span>
     <span class='ocr_line' id='line_1_28' title="bbox 367 3603 1770 3701; baseline 0 -21"><span class='ocrx_word' id='word_1_215' title='bbox 367 3607 463 3680; x_wconf 89' lang='lat' dir='ltr'>LXV.</span> <span class='ocrx_word' id='word_1_216' title='bbox 489 3607 646 3701; x_wconf 79' lang='lat' dir='ltr'><strong>Agrippa</strong></span> <span class='ocrx_word' id='word_1_217' title='bbox 665 3631 727 3680; x_wconf 87' lang='lat' dir='ltr'><strong>rex</strong></span> <span class='ocrx_word' id='word_1_218' title='bbox 755 3607 802 3678; x_wconf 90' lang='lat' dir='ltr'><strong>ait</strong></span> <span class='ocrx_word' id='word_1_219' title='bbox 818 3607 924 3680; x_wconf 92' lang='lat' dir='ltr'><strong>Paulo</strong></span> <span class='ocrx_word' id='word_1_220' title='bbox 951 3609 1110 3700; x_wconf 87' lang='lat' dir='ltr'><strong>Loquere</strong></span> <span class='ocrx_word' id='word_1_221' title='bbox 1127 3627 1192 3699; x_wconf 93' lang='lat' dir='ltr'><strong>pro</strong></span> <span class='ocrx_word' id='word_1_222' title='bbox 1220 3614 1262 3689; x_wconf 89' lang='lat' dir='ltr'><strong>te,</strong></span> <span class='ocrx_word' id='word_1_223' title='bbox 1291 3613 1326 3674; x_wconf 88' lang='lat' dir='ltr'><strong>et</strong></span> <span class='ocrx_word' id='word_1_224' title='bbox 1342 3603 1466 3676; x_wconf 91' lang='lat' dir='ltr'><strong>Paulus</strong></span> <span class='ocrx_word' id='word_1_225' title='bbox 1494 3603 1576 3676; x_wconf 93' lang='lat' dir='ltr'><strong>dicit</strong></span> <span class='ocrx_word' id='word_1_226' title='bbox 1593 3609 1770 3680; x_wconf 86' lang='lat' dir='ltr'><strong>rationem</strong></span> 
     </span>
     <span class='ocr_line' id='line_1_29' title="bbox 353 3726 1074 3798; baseline 0 -2"><span class='ocrx_word' id='word_1_227' title='bbox 353 3727 461 3798; x_wconf 91' lang='lat' dir='ltr'>LXVI.</span> <span class='ocrx_word' id='word_1_228' title='bbox 490 3726 553 3796; x_wconf 93' lang='lat' dir='ltr'><strong>Ubi</strong></span> <span class='ocrx_word' id='word_1_229' title='bbox 579 3726 701 3798; x_wconf 89' lang='lat' dir='ltr'><strong>Festus</strong></span> <span class='ocrx_word' id='word_1_230' title='bbox 727 3726 776 3798; x_wconf 90' lang='lat' dir='ltr'><strong>ait</strong></span> <span class='ocrx_word' id='word_1_231' title='bbox 800 3727 931 3798; x_wconf 79' lang='lat' dir='ltr'><strong>hmanis</strong></span> <span class='ocrx_word' id='word_1_232' title='bbox 959 3726 1074 3798; x_wconf 87' lang='lat' dir='ltr'><strong>Paule.</strong></span> 
     </span>
     <span class='ocr_line' id='line_1_30' title="bbox 336 3839 1770 3916; baseline -0.001 -2"><span class='ocrx_word' id='word_1_233' title='bbox 336 3843 455 3914; x_wconf 89' lang='lat' dir='ltr'>LXVII.</span> <span class='ocrx_word' id='word_1_234' title='bbox 487 3843 549 3914; x_wconf 93' lang='lat' dir='ltr'><strong>Ubi</strong></span> <span class='ocrx_word' id='word_1_235' title='bbox 576 3843 678 3916; x_wconf 89' lang='lat' dir='ltr'><strong>datus</strong></span> <span class='ocrx_word' id='word_1_236' title='bbox 706 3853 761 3916; x_wconf 88' lang='lat' dir='ltr'><strong>est</strong></span> <span class='ocrx_word' id='word_1_237' title='bbox 786 3843 910 3916; x_wconf 89' lang='lat' dir='ltr'><strong>Paulus</strong></span> <span class='ocrx_word' id='word_1_238' title='bbox 937 3843 1074 3916; x_wconf 91' lang='lat' dir='ltr'><strong>cuidam</strong></span> <span class='ocrx_word' id='word_1_239' title='bbox 1101 3841 1292 3913; x_wconf 88' lang='lat' dir='ltr'><strong>centurioni</strong></span> <span class='ocrx_word' id='word_1_240' title='bbox 1318 3841 1457 3912; x_wconf 92' lang='lat' dir='ltr'><strong>nomine</strong></span> <span class='ocrx_word' id='word_1_241' title='bbox 1482 3839 1565 3912; x_wconf 92' lang='lat' dir='ltr'><strong>Iulio</strong></span> <span class='ocrx_word' id='word_1_242' title='bbox 1592 3841 1626 3912; x_wconf 94' lang='lat' dir='ltr'><strong>in</strong></span> <span class='ocrx_word' id='word_1_243' title='bbox 1653 3853 1770 3916; x_wconf 90' lang='lat' dir='ltr'><strong>custo-</strong></span> 
     </span>
     <span class='ocr_line' id='line_1_31' title="bbox 488 3960 1123 4054; baseline -0.008 -20"><span class='ocrx_word' id='word_1_244' title='bbox 488 3960 592 4046; x_wconf 90' lang='lat' dir='ltr'><strong>diam,</strong></span> <span class='ocrx_word' id='word_1_245' title='bbox 621 3962 678 4053; x_wconf 91' lang='lat' dir='ltr'><strong>qui</strong></span> <span class='ocrx_word' id='word_1_246' title='bbox 704 3971 738 4032; x_wconf 91' lang='lat' dir='ltr'><strong>et</strong></span> <span class='ocrx_word' id='word_1_247' title='bbox 764 3963 938 4054; x_wconf 79' lang='lat' dir='ltr'><strong>navigavit</strong></span> <span class='ocrx_word' id='word_1_248' title='bbox 964 3983 1043 4034; x_wconf 91' lang='lat' dir='ltr'><strong>cum</strong></span> <span class='ocrx_word' id='word_1_249' title='bbox 1070 3982 1123 4032; x_wconf 91' lang='lat' dir='ltr'><strong>eo.</strong></span> 
     </span>
     <span class='ocr_line' id='line_1_32' title="bbox 325 4077 1771 4168; baseline 0 -18"><span class='ocrx_word' id='word_1_250' title='bbox 325 4081 458 4150; x_wconf 90' lang='lat' dir='ltr'>LXVUI.</span> <span class='ocrx_word' id='word_1_251' title='bbox 488 4081 539 4150; x_wconf 88' lang='lat' dir='ltr'><strong>De</strong></span> <span class='ocrx_word' id='word_1_252' title='bbox 566 4079 746 4150; x_wconf 86' lang='lat' dir='ltr'><strong>afflictione</strong></span> <span class='ocrx_word' id='word_1_253' title='bbox 773 4079 866 4150; x_wconf 90' lang='lat' dir='ltr'><strong>Pauli</strong></span> <span class='ocrx_word' id='word_1_254' title='bbox 894 4090 929 4153; x_wconf 92' lang='lat' dir='ltr'><strong>et</strong></span> <span class='ocrx_word' id='word_1_255' title='bbox 955 4077 1161 4150; x_wconf 88' lang='lat' dir='ltr'><strong>centurionis</strong></span> <span class='ocrx_word' id='word_1_256' title='bbox 1194 4077 1251 4168; x_wconf 89' lang='lat' dir='ltr'><strong>qui</strong></span> <span class='ocrx_word' id='word_1_257' title='bbox 1279 4097 1356 4146; x_wconf 87' lang='lat' dir='ltr'><strong>cum</strong></span> <span class='ocrx_word' id='word_1_258' title='bbox 1384 4097 1429 4146; x_wconf 88' lang='lat' dir='ltr'><strong>eo</strong></span> <span class='ocrx_word' id='word_1_259' title='bbox 1457 4087 1546 4160; x_wconf 84' lang='lat' dir='ltr'><strong>erat,</strong></span> <span class='ocrx_word' id='word_1_260' title='bbox 1581 4077 1771 4150; x_wconf 89' lang='lat' dir='ltr'><strong>ieiunantes</strong></span> 
     </span>
     <span class='ocr_line' id='line_1_33' title="bbox 487 4217 695 4288; baseline -0.005 -22"><span class='ocrx_word' id='word_1_261' title='bbox 487 4221 522 4270; x_wconf 88' lang='lat' dir='ltr'><strong>ru</strong></span> <span class='ocrx_word' id='word_1_262' title='bbox 548 4217 695 4288; x_wconf 76' lang='lat' dir='ltr'><strong>navigio.</strong></span> 
     </span>
    </p>
   </div>
   <div class='ocr_carea' id='block_1_5' title="bbox 210 4308 1771 4408">
    <p class='ocr_par' dir='ltr' id='par_1_8' title="bbox 210 4308 1771 4408">
     <span class='ocr_line' id='line_1_34' title="bbox 210 4308 1771 4408; baseline -0.003 -21"><span class='ocrx_word' id='word_1_263' title='bbox 210 4369 215 4374; x_wconf 79' lang='lat'>.</span> <span class='ocrx_word' id='word_1_264' title='bbox 349 4315 459 4392; x_wconf 81' lang='lat' dir='ltr'>LXIX</span> <span class='ocrx_word' id='word_1_265' title='bbox 487 4315 551 4388; x_wconf 91' lang='lat' dir='ltr'><strong>Ubi</strong></span> <span class='ocrx_word' id='word_1_266' title='bbox 584 4313 708 4386; x_wconf 88' lang='lat' dir='ltr'><strong>Paulus</strong></span> <span class='ocrx_word' id='word_1_267' title='bbox 743 4314 898 4406; x_wconf 87' lang='lat' dir='ltr'><strong>viperam</strong></span> <span class='ocrx_word' id='word_1_268' title='bbox 932 4317 978 4390; x_wconf 89' lang='lat' dir='ltr'><strong>de</strong></span> <span class='ocrx_word' id='word_1_269' title='bbox 1013 4316 1092 4408; x_wconf 80' lang='lat' dir='ltr'><strong>igne</strong></span> <span class='ocrx_word' id='word_1_270' title='bbox 1120 4308 1245 4387; x_wconf 88' lang='lat' dir='ltr'><strong>&#39;manu</strong></span> <span class='ocrx_word' id='word_1_271' title='bbox 1277 4310 1485 4404; x_wconf 89' lang='lat' dir='ltr'><strong>pendentem</strong></span> <span class='ocrx_word' id='word_1_272' title='bbox 1527 4312 1697 4402; x_wconf 87' lang='lat' dir='ltr'><strong>protraxit</strong></span> <span class='ocrx_word' id='word_1_273' title='bbox 1737 4331 1771 4393; x_wconf 80' lang='lat' dir='ltr'><strong>et</strong></span> 
     </span>
    </p>
   </div>
   <div class='ocr_carea' id='block_1_6' title="bbox 360 4427 1779 4866">
    <p class='ocr_par' dir='ltr' id='par_1_9' title="bbox 488 4427 1769 4525">
     <span class='ocr_line' id='line_1_35' title="bbox 488 4427 1769 4525; baseline -0.004 -20"><span class='ocrx_word' id='word_1_274' title='bbox 488 4433 627 4507; x_wconf 86' lang='lat' dir='ltr'><strong>barbari</strong></span> <span class='ocrx_word' id='word_1_275' title='bbox 653 4431 819 4525; x_wconf 79' lang='lat' dir='ltr'><strong>putabant</strong></span> <span class='ocrx_word' id='word_1_276' title='bbox 835 4454 914 4507; x_wconf 89' lang='lat' dir='ltr'><strong>enm</strong></span> <span class='ocrx_word' id='word_1_277' title='bbox 942 4432 1148 4509; x_wconf 89' lang='lat' dir='ltr'><strong>homicidam</strong></span> <span class='ocrx_word' id='word_1_278' title='bbox 1176 4451 1266 4515; x_wconf 87' lang='lat' dir='ltr'><strong>esse,</strong></span> <span class='ocrx_word' id='word_1_279' title='bbox 1294 4439 1330 4500; x_wconf 89' lang='lat' dir='ltr'><strong>et</strong></span> <span class='ocrx_word' id='word_1_280' title='bbox 1355 4429 1414 4500; x_wconf 93' lang='lat' dir='ltr'><strong>ubi</strong></span> <span class='ocrx_word' id='word_1_281' title='bbox 1440 4439 1573 4522; x_wconf 87' lang='lat' dir='ltr'><strong>patrem</strong></span> <span class='ocrx_word' id='word_1_282' title='bbox 1595 4427 1691 4500; x_wconf 91' lang='lat' dir='ltr'><strong>Publi</strong></span> <span class='ocrx_word' id='word_1_283' title='bbox 1718 4431 1769 4500; x_wconf 86' lang='lat' dir='ltr'><strong>le-</strong></span> 
     </span>
    </p>

    <p class='ocr_par' dir='ltr' id='par_1_10' title="bbox 360 4550 1779 4762">
     <span class='ocr_line' id='line_1_36' title="bbox 484 4550 1779 4625; baseline -0.008 -5"><span class='ocrx_word' id='word_1_284' title='bbox 484 4551 606 4623; x_wconf 87' lang='lat' dir='ltr'><strong>bribus</strong></span> <span class='ocrx_word' id='word_1_285' title='bbox 633 4550 775 4625; x_wconf 83' lang='lat' dir='ltr'><strong>sanavit.</strong></span> <span class='ocrx_word' id='word_1_286' title='bbox 1776 4559 1779 4565; x_wconf 92' lang='lat'>·</span> 
     </span>
     <span class='ocr_line' id='line_1_37' title="bbox 360 4659 1768 4762; baseline -0.003 -24"><span class='ocrx_word' id='word_1_287' title='bbox 360 4667 458 4738; x_wconf 90' lang='lat' dir='ltr'>LXX.</span> <span class='ocrx_word' id='word_1_288' title='bbox 487 4669 550 4740; x_wconf 95' lang='lat' dir='ltr'><strong>Ubi</strong></span> <span class='ocrx_word' id='word_1_289' title='bbox 584 4667 708 4742; x_wconf 89' lang='lat' dir='ltr'><strong>Paulus</strong></span> <span class='ocrx_word' id='word_1_290' title='bbox 743 4667 867 4738; x_wconf 90' lang='lat' dir='ltr'><strong>iterum</strong></span> <span class='ocrx_word' id='word_1_291' title='bbox 900 4669 1067 4762; x_wconf 79' lang='lat' dir='ltr'><strong>navigans</strong></span> <span class='ocrx_word' id='word_1_292' title='bbox 1101 4690 1164 4762; x_wconf 88' lang='lat' dir='ltr'><strong>per</strong></span> <span class='ocrx_word' id='word_1_293' title='bbox 1203 4659 1490 4738; x_wconf 83' lang='lat' dir='ltr'><strong>&#39;Alexandrinam</strong></span> <span class='ocrx_word' id='word_1_294' title='bbox 1527 4665 1617 4734; x_wconf 91' lang='lat' dir='ltr'><strong>venit</strong></span> <span class='ocrx_word' id='word_1_295' title='bbox 1650 4665 1768 4748; x_wconf 85' lang='lat' dir='ltr'><strong>Roma,</strong></span> 
     </span>
    </p>

    <p class='ocr_par' dir='ltr' id='par_1_11' title="bbox 490 4783 1737 4866">
     <span class='ocr_line' id='line_1_38' title="bbox 490 4783 1737 4866; baseline -0.002 -11"><span class='ocrx_word' id='word_1_296' title='bbox 490 4787 547 4856; x_wconf 90' lang='lat' dir='ltr'><strong>ubi</strong></span> <span class='ocrx_word' id='word_1_297' title='bbox 575 4787 698 4866; x_wconf 83' lang='lat' dir='ltr'><strong>mansit</strong></span> <span class='ocrx_word' id='word_1_298' title='bbox 725 4783 921 4861; x_wconf 89' lang='lat' dir='ltr'><strong>adductum.</strong></span> <span class='ocrx_word' id='word_1_299' title='bbox 1735 4801 1737 4812; x_wconf 69' lang='lat'>¹</span> 
     </span>
    </p>
   </div>
   <div class='ocr_carea' id='block_1_7' title="bbox 848 5060 1205 5070">
    <p class='ocr_par' dir='ltr' id='par_1_12' title="bbox 848 5060 1205 5070">
     <span class='ocr_line' id='line_1_39' title="bbox 848 5060 1205 5070; baseline -0.006 0"><span class='ocrx_word' id='word_1_300' title='bbox 848 5060 1205 5070; x_wconf 63' lang='lat' dir='ltr'>...u-ffl-</span> 
     </span>
    </p>
   </div>
   <div class='ocr_carea' id='block_1_8' title="bbox 0 0 2132 6130">
    <p class='ocr_par' dir='ltr' id='par_1_13' title="bbox 0 0 2132 6130">
     <span class='ocr_line' id='line_1_40' title="bbox 0 0 2132 6130; baseline 0 1"><span class='ocrx_word' id='word_1_301' title='bbox 0 0 2132 6130; x_wconf 95' lang='lat' dir='ltr'><strong> </strong></span> 
     </span>
    </p>
   </div>
  </div>
 </body>
</html>
