4242 6118
679 407 921 474 avsvcsuun
948 412 1153 476 sncuvnuu
1180 409 1306 475 lucau
1451 497 1457 505 ι
1695 411 1745 480 aa

247 641 291 692 eo
316 616 414 710 qrrod
445 637 520 688 non
551 613 727 688 credidisti
761 613 880 686 verbis
905 614 1008 700 meis,
1045 639 1139 709 quae
1166 617 1398 710 implebuntur
1423 618 1457 690 iu
1483 629 1645 714 tempore
1671 637 1748 690 suo.

245 731 268 778 ²⁴
287 739 330 810 Et
355 747 433 810 erat
457 733 562 831 plebs
589 745 781 829 expectans
806 735 1016 820 Zachariam,
1045 746 1082 806 et
1109 736 1327 810 mirabantur
1358 740 1457 833 quod
1488 737 1648 814 tardaret
1672 739 1751 834 ipse

246 860 280 930 in
305 849 445 952 t'emplo.
502 847 714 948 ”Egressus
740 865 854 928 autern
880 879 951 928 non
977 845 1119 948 poterat
1146 857 1243 948 loqui
1269 860 1315 932 ad
1342 859 1427 946 illos,
1455 871 1492 932 et
1509 871 1753 956 cognoverunt

247 978 342 1072 quod
367 977 543 1052 visionem
570 976 717 1050 vidisset
742 978 776 1048 in
802 977 946 1070 templo:
975 975 1118 1068 etipse
1147 985 1226 1048 crat
1250 978 1395 1054 innuens
1420 983 1498 1068 illis,
1524 994 1562 1056 et
1584 1005 1752 1078 perman-

248 1099 291 1172 sit
315 1109 440 1172 mutus.
493 1087 522 1136 Β
537 1097 580 1168 Et
606 1099 687 1170 lacti
712 1107 790 1170 sunt
815 1106 852 1169 ut
876 1095 1005 1190 impleti
1034 1101 1122 1166 sunt
1151 1093 1230 1168 dies
1257 1100 1358 1174 efficii
1384 1103 1475 1188 eius,
1509 1104 1592 1176 abiit
1623 1105 1658 1176 in
1684 1105 1752 1176 do-

249 1241 341 1292 mum
366 1241 478 1292 suam.
531 1207 558 1256 ²²
571 1217 657 1291 Post
682 1219 747 1292 bos
773 1228 888 1290 autem
913 1217 991 1288 dies
1016 1214 1190 1306 concepit
1214 1219 1366 1294 Elisabet
1390 1246 1485 1294 uxor
1512 1224 1599 1310 eius,
1628 1235 1662 1296 st
1689 1248 1753 1297 cc-

250 1340 402 1414 cultabat
428 1361 469 1412 se
497 1339 678 1412 mensibus
705 1339 863 1432 quinque,
891 1337 1010 1410 dicens
1051 1326 1080 1372 ²⁵
1101 1334 1188 1425 quia
1220 1339 1271 1410 sic
1303 1343 1382 1413 lecit
1416 1343 1503 1412 mibi
1529 1343 1691 1417 dominus
1717 1346 1752 1418 in

250 1461 373 1535 diebus
405 1459 533 1552 quibus
566 1458 725 1553 respexit
758 1460 893 1532 aulerre
924 1455 1155 1552 obprobrium
1187 1481 1303 1532 meum
1335 1463 1426 1534 inter
1457 1463 1627 1535 homines.
1670 1456 1697 1504 ³⁸
1713 1467 1750 1539 ln

251 1601 372 1654 mense
398 1589 515 1652 autem
543 1589 648 1652 sexto
675 1579 800 1652 missus
826 1589 881 1650 est
906 1579 1048 1672 angelus
1076 1577 1241 1651 Gabrihel
1268 1581 1385 1652 adeo
1412 1583 1448 1652 in
1478 1581 1654 1654 civitatem
1676 1585 1747 1658 Ga-

194 1722 197 1732 ·
252 1701 374 1774 lilaeae
401 1701 456 1772 cui
482 1723 612 1774 nomen
639 1701 826 1784 Nazareth,
869 1693 895 1736 ²⁷
913 1699 959 1770 ad
984 1697 1153 1790 virginem
1180 1701 1431 1794 desponsatam
1450 1701 1529 1772 viro
1547 1703 1602 1774 cui
1618 1727 1747 1780 nomen

254 1829 328 1894 erat
353 1819 489 1913 loseph,
517 1821 564 1896 de
591 1821 700 1894 domo
734 1819 859 1905 David,
893 1831 928 1891 et
953 1841 1081 1891 nomen
1114 1819 1254 1912 virginis
1279 1822 1396 1892 Maria.
1454 1811 1483 1858 ²⁸
1499 1820 1542 1892 Et
1567 1823 1745 1916 ingressus
1877 1849 1882 1857 “

254 1941 400 2034 angelus
426 1940 474 2014 ad
500 1962 579 2014 eam
607 1941 695 2014 dixit
719 1939 824 2024 llave,
851 1941 961 2032 gratia
988 1940 1107 2032 plena:
1135 1940 1295 2012 dominus
1321 1951 1458 2012 tecum:
1496 1940 1681 2018 benedicta
1708 1959 1744 2021 tu

254 2059 288 2132 in
321 2061 530 2134 mulieribus.
583 2055 722 2146 ”Quae
755 2083 833 2134 cum
866 2060 1035 2144 audisset,
1071 2059 1207 2131 turbata
1241 2071 1296 2132 est
1326 2061 1360 2132 in
1393 2083 1563 2134 sermone
1590 2064 1680 2152 eius,
1708 2081 1744 2142 et

255 2180 431 2272 cogitabat
456 2183 568 2274 qualis
596 2191 690 2254 esset
715 2181 781 2252 ista
807 2181 974 2252 salutatio.
1017 2171 1097 2250 ”Er
1123 2179 1169 2250 ait
1194 2182 1336 2273 angelus
1362 2181 1396 2252 ei
1422 2181 1478 2252 Ne
1507 2181 1639 2272 timeas,
1666 2189 1761 2286 lla-¹

255 2301 321 2374 ria:
347 2299 503 2374 invenisti
531 2301 622 2374 euim
648 2301 794 2392 gratiam
821 2301 915 2395 apud
944 2299 1059 2372 deum.
1110 2289 1240 2371 31Εοοο
1280 2300 1460 2395 concipies
1497 2301 1531 2374 in
1566 2315 1664 2378 utero
1706 2321 1742 2382 et

208 2517 211 2526 .
255 2421 510 2514 parietinum,
538 2433 574 2493 et
600 2420 744 2492 vocabis
769 2443 898 2494 nomen
924 2421 997 2492 eius
1022 2421 1148 2490 lesum:
1200 2411 1227 2458 ³²
1245 2419 1301 2490 hic
1325 2421 1391 2492 erit
1415 2445 1567 2515 magnus
1593 2438 1628 2499 et
1654 2429 1741 2504 lilius

256 2541 408 2614 altissimi
433 2543 625 2626 vocabitur,
652 2552 688 2612 st
713 2539 810 2614 dabit
834 2541 880 2612 illi
906 2541 1066 2614 dominus
1092 2539 1212 2632 sedem
1238 2539 1351 2611 David
1376 2542 1487 2634 patris
1505 2545 1589 2632 eins,
1609 2541 1654 2620 'et
1679 2571 1738 2622 rs·
1865 2537 1871 2550 '

256 2661 374 2754 gnabit
399 2663 433 2734 in
459 2663 569 2736 domo
596 2662 701 2734 laceb
718 2661 754 2732 in
771 2671 964 2746 aeternum,
1014 2653 1041 2698 ³³
1059 2669 1094 2732 et
1119 2658 1217 2751 regni
1235 2659 1309 2730 eius
1325 2683 1395 2732 non
1413 2663 1481 2734 erit
1497 2664 1582 2738 finis.
1609 2661 1636 2710 ³⁸
1647 2671 1740 2743 Dixit

257 2793 371 2854 autem
396 2783 504 2856 Maria
531 2782 577 2854 ad
605 2783 766 2872 angelum
794 2781 981 2868 Quomodo
1007 2781 1067 2852 liet
1091 2779 1196 2864 istud,
1230 2781 1392 2872 quoniam
1424 2783 1537 2856 virum
1571 2811 1642 2861 non
1674 2813 1732 2863 co·

258 2906 415 2994 gnosco‘l
460 2894 486 2939 ³⁵
502 2903 546 2976 Et
571 2901 789 2994 respondens
816 2903 959 2994 angelus
985 2901 1071 2974 dixit
1104 2901 1137 2972 ei
1169 2899 1312 2994 Spiritus
1344 2913 1484 2976 sanctus
1517 2911 1739 3002 superveniet

258 3024 291 3094 iu
318 3033 361 3109 te,
388 3033 423 3094 et
447 3021 555 3092 virtus
582 3021 735 3094 altissimi
761 3021 984 3094 obumbrabit
1008 3021 1085 3094 tibi:
1112 3021 1261 3114 ideoque
1287 3031 1323 3109 et
1348 3025 1443 3116 quod
1467 3036 1629 3099 nascetur
1655 3051 1737 3102 san-

259 3155 350 3216 ctum
376 3141 557 3215 vocabitur
582 3139 670 3214 lilius
697 3141 763 3216 dei.
815 3134 896 3214 36Ει
921 3163 1006 3214 ecce
1032 3141 1185 3213 Elisabet
1210 3151 1358 3234 cognata
1380 3153 1439 3218 tua
1475 3157 1511 3218 et
1542 3147 1616 3240 ipso
1650 3171 1736 3221 con-

241 3249 350 3358 cepit
375 3263 478 3336 lilium
506 3263 540 3334 in
566 3270 708 3334 senecta
733 3285 814 3348 sua,
850 3273 886 3334 et
917 3263 972 3334 hic
1003 3262 1132 3334 mensis
1164 3273 1217 3332 est
1250 3272 1370 3334 sextus
1405 3265 1449 3336 illi
1476 3289 1568 3359 quae
1594 3279 1738 3368 vocatur
1825 3337 1832 3350 ,

259 3385 408 3456 sterelis:
450 3376 477 3422 ³7
495 3383 575 3475 quia
602 3403 671 3486 cop
697 3383 762 3464 erit
787 3383 987 3478 inpossibile
1014 3381 1107 3476 apud
1134 3381 1238 3454 demo
1264 3403 1368 3454 omne
1394 3387 1550 3458 verbum.
1601 3379 1629 3424 Β
1645 3389 1737 3458 Dixit

260 3515 376 3576 autem
401 3503 508 3576 Maria
534 3503 625 3576 Ecce
652 3502 781 3574 ancella
810 3502 948 3586 domini,
976 3501 1035 3574 fiat
1061 3503 1142 3576 mihi
1167 3503 1359 3575 secundum
1384 3507 1531 3578 verbnm
1558 3517 1662 3578 tuum,
1694 3509 1737 3580 Et

260 3625 418 3698 discessit
444 3625 489 3696 ab
516 3623 571 3696 illa
598 3623 750 3715 angelus.
802 3617 1042 3716 ”Exsurgens
1068 3633 1182 3696 autem
1208 3623 1314 3696 Maria
1348 3623 1382 3696 in
1416 3625 1539 3700 diebus
1565 3627 1628 3698 illis
1655 3629 1737 3700 abiit
1778 3682 1779 3691 κ

259 3747 293 3816 iu
318 3755 481 3818 montana
506 3767 584 3816 cum
610 3743 825 3816 festinatione
850 3745 885 3816 in
912 3744 1084 3816 civitatem
1109 3743 1203 3830 luda,
1245 3735 1271 3782 ⁴⁰
1289 3754 1325 3817 et
1356 3745 1493 3818 intravit
1525 3747 1560 3818 in
1593 3748 1735 3822 domum

258 3865 444 3938 Zachariae
470 3875 505 3936 et
531 3865 689 3936 salutavit
713 3865 875 3938 Elisabet.
927 3853 1011 3938 “Et
1037 3867 1162 3938 laetum
1196 3876 1250 3938 est
1275 3877 1312 3938 ut
1337 3867 1466 3939 audivit
1498 3868 1735 3941 salutationem

259 3985 386 4060 Mariae
403 3984 564 4071 elisabet,
592 3986 758 4058 exultavit
773 3987 882 4060 infans
907 3987 942 4058 in
967 3987 1171 4070 morosius,
1199 3997 1234 4058 et
1260 3987 1390 4081 repleta
1410 3998 1464 4060 est
1480 3989 1599 4082 spiritu
1616 4000 1736 4062 sancto

259 4109 425 4190 Elisabet,
465 4093 491 4144 ⁴²
504 4116 540 4178 et
565 4107 773 4180 exclamavit
797 4131 886 4180 voce
912 4130 1038 4200 magna
1064 4115 1099 4178 st
1125 4106 1211 4178 dixit
1227 4107 1414 4180 benedicta
1440 4117 1477 4180 tu
1501 4109 1589 4180 inter
1613 4111 1736 4182 mulie-
1837 4135 1844 4146 ¹

259 4251 332 4312 ree,
364 4239 400 4300 et
430 4225 635 4300 benedictus
667 4229 796 4300 fructus
829 4229 957 4302 ventris
990 4229 1045 4300 tui.
1097 4218 1123 4266 ω
1139 4227 1183 4300 llt
1216 4227 1309 4300 unde
1338 4229 1407 4300 hoc
1439 4229 1521 4300 mihi
1551 4237 1589 4300 ut
1622 4230 1736 4302 veniat

259 4357 370 4420 mater
395 4348 619 4422 domiui.mei
646 4349 692 4422 ad
718 4354 801 4422 ms?
853 4338 981 4421 “Ecce
1016 4349 1106 4421 enim
1141 4357 1177 4420 ut
1210 4350 1300 4420 laeta
1334 4360 1389 4420 est
1419 4373 1493 4424 vox
1525 4347 1735 4422 salutationis

260 4477 340 4540 tuae
372 4469 406 4540 io
440 4469 579 4542 auribus
615 4470 721 4555 meis,
756 4471 921 4542 exultavit
954 4470 988 4542 in
1019 4469 1148 4562 gaudio
1182 4469 1291 4540 insons
1322 4469 1356 4540 in
1383 4479 1481 4542 utero
1509 4473 1598 4542 meo.
1650 4461 1677 4510 ⁴⁵
1694 4471 1736 4542 Et

259 4589 363 4660 beata
388 4610 479 4682 quae
504 4589 651 4662 credidit
676 4591 838 4682 quoniam
865 4589 1082 4684 perficientur
1114 4611 1157 4662 ea
1191 4611 1282 4682 quae
1315 4591 1407 4662 dicta
1439 4601 1518 4662 sunt
1550 4591 1583 4662 ei
1615 4614 1636 4662 a
1667 4590 1734 4664 do·
1835 4603 1839 4610 '

260 4710 361 4782 mino.
414 4697 441 4746 ‘⁶
456 4711 498 4780 llt
532 4711 578 4782 ait
609 4710 716 4782 illaria
748 4711 942 4804 Magnificat
967 4711 1080 4782 anima
1114 4731 1191 4780 mea
1225 4709 1414 4794 dominum,
1467 4699 1493 4746 ⁴⁷
1509 4719 1545 4781 st
1568 4711 1736 4784 exuam
1780 4796 1785 4805 Δ

259 4831 396 4923 spiritus
422 4853 520 4902 meus
547 4831 580 4902 iu
607 4830 675 4901 deo
702 4831 842 4902 salutari
867 4853 965 4916 meo,
1009 4821 1035 4867 ‘⁸
1052 4832 1132 4923 quia
1157 4830 1313 4924 respexit
1343 4829 1564 4902 humilitatem
1591 4831 1734 4903 ancillae

259 4973 358 5022 suae:
386 4973 469 5022 ecce
496 4951 587 5024 euim
615 4973 661 5022 ex
687 4951 755 5022 hoc
780 4951 919 5023 beatam
946 4973 1002 5023 me
1029 4951 1144 5022 dicent
1170 4973 1291 5022 omnes
1318 4949 1572 5044 generationes,
1612 4943 1638 4988 ⁴⁹
1655 4951 1735 5044 quia
1780 4995 1783 5004 ·

259 5073 338 5144 lecit
363 5072 443 5144 mihi
469 5093 596 5166 magna
622 5071 680 5164 qui
705 5081 829 5164 potens
858 5083 921 5158 est,
947 5083 982 5144 et
1008 5081 1161 5144 sanctum
1195 5093 1321 5142 nomen
1354 5071 1444 5150 eius,
1492 5063 1566 5143 ⁵⁰et
1598 5073 1733 5146 miseri-

259 5193 377 5266 cordia
404 5193 478 5266 eius
504 5195 539 5266 in
566 5192 750 5288 progenies
778 5201 813 5262 et
838 5191 1023 5284 progenies
1051 5191 1247 5263 timentibus
1264 5211 1353 5264 cum.
1397 5179 1420 5225 ⁵¹
1434 5191 1527 5264 Fecit
1545 5194 1733 5288 potentiam

865 5313 887 5396 l,
917 5315 958 5386 2l
996 5351 1041 5364 —
1066 5314 1124 5382 5t.

1349 5431 1426 5500 t3*
