4254 6130
371 431 445 502 222
817 434 925 496 LIBER
951 431 1103 496 heroon
1130 431 1408 496 Apostolorum

370 637 511 708 violavit
537 647 692 708 sanctum
726 637 838 706 locum
873 637 983 707 istum.
1035 629 1061 674 '⁹
1078 637 1241 710 Viderant
1275 638 1365 708 enim
1394 637 1580 708 Trofimum
1607 601 1793 731 Ephesium
1822 636 1854 705 in

371 757 506 828 civitate
542 779 618 828 cum
652 755 744 847 ipso,
780 777 882 847 quem
917 755 1184 828 aestimaverunt
1216 757 1377 850 quoniam
1412 759 1445 828 in
1473 759 1636 850 templum
1663 755 1856 828 induxisset

371 877 504 948 Paulus.
556 867 849 968 ³⁰Commotaque
885 887 939 948 est
971 876 1088 948 ciuitas
1122 887 1210 960 tota,
1246 887 1280 947 et
1314 879 1402 948 lacta
1435 889 1488 947 est
1519 877 1699 948 concursio
1728 876 1854 970 populi,

372 1007 405 1068 et
431 995 735 1090 adprehendentes
761 996 900 1068 Paulum
931 997 1112 1068 trahebant
1138 1020 1216 1070 eum
1236 1007 1334 1068 extra
1363 998 1536 1090 templum,
1564 1009 1600 1068 et
1626 997 1740 1068 statim
1760 997 1854 1066 clau-

372 1140 432 1188 sae
466 1127 544 1188 sunt
579 1117 709 1186 ianuae.
764 1107 787 1152 ³¹
805 1117 1059 1201 Quaerentibus
1099 1127 1211 1188 autem
1247 1141 1327 1190 enm
1363 1117 1535 1200 occidere,
1569 1118 1760 1189 nuntiatum
1802 1127 1854 1188 est
1898 1197 1902 1208 ι

371 1239 505 1308 tribuno
533 1235 684 1308 cohortis
711 1236 790 1328 quia
817 1247 889 1308 tota
915 1238 1129 1310 confunditur
1155 1239 1384 1310 Hierusalem:
1428 1231 1455 1274 ³²
1472 1239 1527 1330 qui
1556 1239 1668 1308 statim
1687 1237 1854 1310 adsumtis

372 1358 532 1428 militibus
559 1367 594 1426 ct
620 1355 878 1428 centurionibus
905 1357 1101 1430 decucurrit
1128 1359 1172 1430 ad
1200 1359 1284 1430 illos.
1339 1359 1507 1444 Quicum
1545 1359 1713 1430 vidissent
1739 1357 1854 1428 tribu·
1972 1421 1975 1428 .

371 1502 451 1550 num
479 1488 514 1548 et
542 1477 681 1560 milites,
716 1487 941 1547 cessaverunt
967 1487 1149 1570 percutere
1176 1479 1326 1550 Paulum.
1379 1472 1406 1516 Β
1423 1478 1517 1548 Tunc
1544 1478 1718 1550 accedens
1745 1477 1853 1548 tribu-

371 1623 435 1670 nus
471 1597 700 1692 adprehendit
735 1585 813 1668 eum
849 1605 884 1666 1ι
917 1597 1013 1669 111111
1043 1599 1174 1691 alligari
1208 1600 1338 1670 catenis
1372 1597 1522 1682 duabus,
1555 1607 1591 1668 et
1621 1598 1855 1690 interrogabat

372 1719 449 1810 quis
477 1729 572 1789 esset
606 1727 641 1788 et
675 1717 757 1810 quid
794 1717 941 1788 lecisset.
995 1709 1097 1788 ³*hlii
1132 1729 1245 1790 autem
1274 1719 1364 1790 aliud
1392 1719 1588 1790 clamabant
1614 1719 1648 1789 in
1675 1719 1791 1790 turba:
1820 1726 1854 1788 et

371 1861 448 1908 cum
484 1861 552 1908 non
586 1847 708 1932 posset
740 1847 872 1908 certum
907 1859 1123 1930 cognoscere
1158 1861 1242 1932 prae
1276 1841 1434 1922 tumultu,
1470 1838 1568 1908 iussit
1600 1839 1678 1910 duci
1714 1861 1792 1910 eum
1820 1838 1853 1906 in

371 1967 493 2048 castra.
547 1950 631 2028 ³5Et
658 1980 736 2028 cum
763 1957 917 2028 venisset
943 1958 1163 2051 1113111111,
1192 1960 1332 2052 contigit
1361 1969 1395 2029 ut
1422 1967 1618 2052 portaretur
1645 1981 1663 2030 a
1693 1958 1853 2030 militibus
1911 1951 1919 1962 ’

371 2087 514 2172 propter
540 2078 609 2148 vim
636 2078 770 2172 popidi:
814 2069 842 2114 ³⁰
859 2079 1071 2170 sequebatur
1097 2079 1188 2150 enim
1215 2079 1395 2150 multitudo
1421 2081 1539 2172 populi
1571 2081 1723 2150 clamans
1758 2078 1852 2150 Tolle

372 2221 462 2270 eum.
514 2190 594 2268 ἪΕι
620 2220 697 2268 cum
725 2199 901 2291 coepisset
926 2199 1040 2270 induci
1076 2200 1108 2268 in
1135 2209 1249 2271 castra
1275 2199 1415 2283 Paulae,
1443 2199 1526 2270 dicit
1551 2199 1687 2272 tribuno
1714 2200 1749 2270 Si
1776 2199 1854 2268 licet

373 2317 453 2388 mibi
490 2317 582 2410 loqui
618 2318 746 2410 aliquid
777 2319 823 2390 ad
857 2321 917 2389 te‘l
953 2320 1017 2403 Qui
1053 2319 1139 2413 dixit
1166 2321 1278 2390 Grece
1305 2319 1420 2390 nosti?
1464 2311 1625 2391 ³⁸nonne
1653 2318 1853 2392 1111111-

373 2438 510 2530 gyptius
543 2438 602 2528 qui
636 2447 714 2509 ante
749 2439 814 2509 hos
845 2439 922 2510 dies
956 2439 1133 2510 tumultum
1169 2440 1346 2510 concitasti
1380 2449 1415 2510 et
1442 2439 1591 2512 eduxisti
1617 2439 1650 2510 in
1676 2440 1852 2513 desertum

372 2566 533 2648 quattuor
560 2557 651 2628 milia
676 2559 828 2629 virorum
857 2559 1084 2630 sicariorum?
1127 2551 1153 2596 ³⁹
1170 2561 1211 2628 Et
1237 2557 1323 2630 dixit
1342 2559 1389 2630 ad
1410 2581 1491 2630 eum
1509 2560 1633 2632 Paulus
1650 2560 1725 2650 Ego
1747 2558 1853 2629 homo

373 2697 448 2746 sum
476 2676 614 2767 quidem
642 2678 806 2763 ludaeus,
841 2679 1020 2752 aTharso
1048 2680 1198 2762 Ciliciae,
1226 2701 1296 2750 non
1323 2679 1461 2770 ignotae
1488 2680 1633 2752 civitatis
1659 2678 1852 2770 municeps:

373 2818 461 2888 rogo
488 2807 602 2868 autem
631 2807 678 2882 te,
706 2801 866 2891 permitte
893 2800 974 2870 mihi
1009 2800 1103 2892 loqui
1130 2799 1175 2870 ad
1202 2799 1375 2894 popidum.
1428 2787 1455 2837 ⁴⁰
1472 2801 1513 2870 Et
1539 2823 1615 2870 cum
1642 2800 1697 2870 ille
1723 2798 1852 2891 permi-

374 2917 485 3002 sisset,
514 2917 638 2988 Paulus
666 2929 760 2990 stans
787 2922 821 2991 in
858 2920 1025 3014 gradibus
1061 2920 1177 2991 annuit
1202 2939 1305 2990 manu
1332 2920 1378 2992 ad
1406 2919 1561 3012 plebem,
1590 2929 1624 2990 et
1650 2941 1776 3010 magno
1804 2917 1852 2986 si·

375 3039 477 3108 lentio
504 3039 593 3108 sacto
621 3039 788 3111 allocutus
811 3052 862 3112 est
891 3041 1023 3112 hebrea
1051 3041 1162 3132 lingua
1190 3040 1310 3112 dicens

1065 3333 1160 3401 XXll.

452 3529 544 3606 ¹Viri
579 3537 700 3607 iratres
733 3549 767 3607 et
799 3549 929 3632 patres,
965 3540 1078 3610 audite
1114 3559 1215 3630 quam
1254 3538 1299 3608 ad
1326 3559 1390 3608 vos
1417 3561 1507 3608 nunc
1535 3537 1647 3608 reddo
1675 3538 1872 3607 rationem'

374 3649 486 3728 ²Cum
515 3655 692 3728 audissent
718 3669 832 3728 autem
860 3660 938 3750 quia
965 3659 1097 3729 hebrea
1126 3658 1240 3750 lingua
1268 3657 1416 3750 loquitur
1443 3658 1488 3730 ad
1507 3657 1591 3743 illos,
1620 3658 1852 3750 1113111111-

373 3777 530 3847 stiterunt
560 3777 739 3848 silentium.
792 3771 864 3850 ³Et
896 3779 981 3851 dixit
1015 3779 1193 3870 Ε31111111
1227 3778 1278 3848 vir
1305 3777 1461 3862 ludaeus,
1489 3789 1589 3848 natus
1617 3777 1748 3849 Tharso
1775 3775 1852 3846 Cili-

374 3889 457 3981 ciae,
486 3897 630 3968 nutritos
657 3910 771 3969 autem
807 3900 839 3969 in
874 3901 972 3970 istam
1000 3900 1190 3982 civitatem,
1219 3919 1321 3968 secus
1348 3897 1458 3990 pedes
1486 3897 1673 3968 Gamalihel
1701 3895 1853 3966 eruditus

372 4019 467 4088 iuxta
494 4018 670 4088 veritatem
699 4031 866 4113 paternae
892 4021 987 4110 legis,
1016 4021 1206 4090 aemrdator
1233 4019 1318 4109 legis
1345 4018 1432 4088 sicut
1464 4029 1498 4088 et
1524 4037 1589 4087 uos
1623 4037 1747 4086 omnes
1773 4015 1854 4086 estis

372 4136 493 4222 bodie,
538 4133 625 4230 *qul
652 4139 741 4210 hanc
774 4140 862 4210 viam
899 4150 1101 4233 persecutus
1137 4163 1211 4210 sum
1246 4159 1355 4230 usque
1386 4139 1432 4209 ad
1460 4147 1623 4220 mortem,
1652 4137 1793 4228 alligans
1820 4145 1855 4206 et

375 4258 517 4332 tradens
543 4259 577 4329 in
605 4260 761 4330 custodia
788 4261 881 4330 viros
908 4269 943 4330 et
970 4259 1146 4342 111Ιί1111,
1189 4250 1308 4328 5sicut
1334 4257 1497 4350 princeps
1525 4257 1742 4327 sacerdotum
1761 4256 1854 4326 testi·

374 4379 526 4450 monium
554 4378 634 4448 mihi
661 4379 775 4452 reddit
801 4391 836 4450 et
862 4401 985 4451 omnes
1012 4380 1160 4450 maiores
1188 4389 1277 4462 natu,
1306 4399 1326 4447 1
1353 4378 1477 4469 quibus
1504 4389 1538 4449 et
1572 4379 1734 4470 epistulas
1761 4377 1853 4447 acci-

374 4499 471 4592 piens
511 4499 555 4570 ad
591 4497 714 4569 iratres
746 4502 953 4571 Damascum
988 4501 1177 4594 pergebam
1222 4509 1258 4570 ut
1290 4496 1500 4570 adducerem
1537 4498 1618 4568 inde
1652 4496 1788 4567 vinctos
1822 4497 1854 4565 in

372 4618 583 4692 Hierusalem
619 4629 654 4688 ιιι
687 4623 895 4710 punirentur.
949 4613 1120 4692 “Factum
1157 4629 1211 4690 est
1243 4629 1356 4689 autem
1391 4629 1494 4692 ermte
1521 4639 1576 4688 me
1604 4629 1639 4688 et
1665 4617 1854 4710 adpropin-

375 4751 502 4831 quante
528 4741 711 4823 Damasco,
738 4741 854 4812 media
883 4740 939 4811 die
968 4741 1080 4812 subito
1108 4739 1153 4810 de
1181 4740 1279 4812 caclo
1299 4737 1517 4810 circumfulsit
1543 4759 1598 4808 me
1623 4739 1682 4809 lux
1701 4739 1853 4832 copiosa,

372 4853 438 4932 7et
465 4859 632 4931 decidens
660 4860 693 4930 in
720 4871 846 4932 terram
874 4859 1139 4932 audivivocem
1167 4859 1340 4930 dicentem
1375 4861 1454 4931 mihi
1491 4860 1592 4932 Saule
1625 4860 1744 4944 Saule,
1773 4857 1854 4950 quid

374 5003 431 5052 me
458 4980 702 5073 persequeris?
752 4973 852 5072 8Ειιο
887 4991 999 5052 autem
1036 4980 1201 5076 respondi
1231 4981 1314 5064 Quis
1346 5001 1401 5067 11,
1430 4981 1595 5053 domine?
1622 4980 1782 5072 Dixitque
1809 4978 1854 5050 ad

372 5121 429 5170 me
456 5101 530 5194 Ego
562 5123 637 5172 snm
671 5102 767 5172 lesus
793 5103 992 5174 Nazarenus
1026 5123 1129 5193 quem
1167 5111 1201 5172 tn
1234 5102 1464 5195 persequeris.
1523 5091 1595 5170 ⁹Et
1631 5101 1686 5192 qui
1719 5121 1854 5170 mecum

378 5232 473 5292 erant
500 5223 613 5293 lumen
650 5223 787 5314 quidem
817 5223 990 5304 viderunt,
1020 5245 1143 5294 vocem
1171 5233 1284 5292 autem
1312 5244 1380 5293 non
1409 5222 1588 5293 audierunt
1614 5221 1688 5292 eius
1718 5220 1775 5312 qni
1801 5221 1853 5288 lo-

907 5343 990 5426 XXl,
1020 5345 1065 5412 29
1098 5381 1141 5394 -
1171 5343 1267 5423 llllll,
1298 5345 1329 5410 9.
