4254 6130
379 353 451 426 l82
485 397 493 412 κ
771 353 1012 419 EVANGELlUll
1038 353 1240 416 SECUNDUM
1266 351 1462 416 lOHhNNEll

376 563 473 632 lesus
500 569 535 630 et
560 559 652 630 stetit
677 558 712 629 in
737 557 865 642 medio,
894 567 928 628 et
955 555 1037 628 dicit
1062 558 1113 629 eis
1130 557 1214 628 Pax
1238 557 1349 629 vohis.
1401 553 1429 598 ¹⁰
1445 560 1487 632 Et
1514 559 1581 630 hoc
1608 579 1684 629 cum
1703 556 1859 642 dixisset,

377 680 528 753 ostendit
560 679 611 750 eis
645 699 766 749 manus
801 686 836 748 et
870 679 968 750 latus.
996 667 1103 724 (Μ)
1121 677 1235 750 Gavisi
1271 685 1350 749 sunt
1383 701 1470 774 ergo
1506 677 1663 774 discipuli
1688 679 1765 750 viso
1792 677 1860 750 do-

377 800 480 872 mino.
531 793 555 838 ²¹
574 799 667 870 Dixit
692 819 778 891 ergo
806 799 856 870 eis
883 798 1004 869 iterum
1031 797 1104 870 Pax
1130 798 1248 870 vohis:
1275 798 1362 870 sicut
1387 800 1479 872 misit
1504 821 1561 871 me
1588 809 1701 894 pater,
1729 807 1765 868 et
1791 819 1862 890 ego

378 921 475 992 mitto
500 941 574 991 vos.
627 909 739 989 ¹'lioc
765 940 842 989 cum
869 918 1024 1002 dixisset
1051 895 1236 1002 insuflavit,
1274 928 1309 989 et
1334 918 1416 990 dicit
1448 920 1499 990 eis
1525 919 1692 1016 Accipite⁸
1705 917 1860 1012 spiritum

378 1051 549 1112 sanctum:
593 1029 721 1084 ΜΗ)
735 1059 881 1130 quorum
907 1038 1108 1110 remiseritis
1134 1049 1288 1133 peccata,
1316 1040 1528 1110 remittentur
1555 1040 1624 1124 eis,
1651 1048 1687 1110 et
1713 1059 1860 1131 quorum

378 1159 591 1245 retinueritis,
620 1167 752 1229 retenta
779 1167 866 1228 sunt.
911 1147 937 1194 '⁸
950 1149 1053 1203 (Μ
1072 1159 1223 1230 Thomas
1252 1167 1366 1230 autem
1393 1182 1480 1230 unus
1507 1181 1550 1230 cx
1577 1159 1774 1244 duodecim,
1801 1158 1860 1252 qui

378 1280 501 1353 dicitur
525 1278 703 1374 Didymus,
729 1299 799 1349 uon
825 1287 899 1349 erat
925 1287 1003 1348 cu'm
1030 1279 1081 1348 eis
1108 1277 1248 1371 quaudo
1275 1279 1369 1350 venit
1390 1279 1496 1351 lesus.
1541 1272 1746 1352 2¹5Dixerunt
1773 1299 1858 1372 ergo

378 1401 409 1472 ei
443 1401 497 1470 alii
529 1399 685 1493 discipuli
719 1398 870 1470 Vidimus
906 1396 1092 1469 dominum.
1144 1398 1203 1468 lllc
1237 1408 1352 1471 autem
1389 1399 1476 1472 dixit
1501 1400 1552 1470 eis
1578 1397 1649 1470 Nisi
1675 1399 1798 1472 videro
1824 1399 1859 1469 in

378 1521 536 1592 manibus
562 1519 637 1591 eius
662 1518 807 1590 fixuram
836 1517 1011 1588 clavorum
1046 1527 1081 1588 et
1107 1518 1238 1589 mittam
1265 1518 1409 1610 digitum
1444 1541 1559 1590 meum
1585 1519 1618 1589 in
1645 1521 1759 1592 locum
1786 1521 1857 1590 cla-

376 1643 500 1715 vorum
527 1651 563 1711 ct
594 1639 722 1710 mittam
750 1661 887 1710 manum
922 1657 1037 1708 meam
1064 1637 1098 1708 in
1124 1639 1211 1710 latus
1246 1639 1337 1724 eius,
1371 1659 1441 1710 non
1468 1637 1619 1710 credam.
1670 1631 1799 1686 ”³⁷³³
1816 1639 1859 1710 Et

377 1771 458 1856 post
491 1760 568 1832 dies
601 1769 680 1830 octo
714 1759 836 1830 iterum
869 1767 966 1830 erant
999 1755 1155 1851 discipuli
1187 1759 1261 1830 eius
1292 1760 1395 1844 intus,
1434 1768 1469 1830 et
1505 1760 1655 1830 Thomas
1690 1759 1856 1830 cumeis.

377 1880 477 1952 Venit
501 1880 597 1951 lesus
622 1879 729 1950 ianuis
756 1879 890 1964 clausis,
918 1889 953 1949 et
979 1877 1072 1948 stetit
1097 1877 1130 1947 iu
1156 1877 1273 1950 medio
1291 1888 1327 1950 et
1343 1879 1431 1950 dixit
1450 1879 1524 1950 Pax
1540 1879 1653 1951 vohis.
1686 1870 1859 1951 ”Deinde

378 2001 459 2072 dicit
485 1999 640 2072 Thomas
664 2001 752 2070 lnler
778 1999 920 2092 digitum
947 2007 1042 2068 tuum
1068 1997 1136 2068 huc
1163 2007 1197 2069 et
1222 1997 1304 2068 vide
1330 2021 1454 2072 manus
1480 2021 1587 2084 meas,
1615 2009 1651 2070 ct
1667 1997 1766 2070 adfer
1783 2021 1859 2071 ma-

378 2141 459 2192 num
487 2127 580 2190 tuam
612 2130 647 2190 et
672 2120 767 2190 mitte
802 2121 837 2191 in
868 2121 956 2191 latus
981 2139 1113 2200 meum,
1147 2127 1183 2188 et
1215 2117 1285 2188 noli
1311 2140 1390 2190 esse
1425 2120 1620 2193 incredulus
1646 2119 1711 2190 sed
1738 2118 1858 2191 fidelis.

378 2231 405 2276 ¹⁸
417 2230 519 2287 (Μ)
536 2238 726 2333 Respondit
751 2240 904 2312 Thomas
923 2249 958 2310 et
976 2237 1062 2310 dixit
1080 2238 1112 2308 ei
1129 2236 1296 2309 Dominus
1313 2261 1413 2312 meus
1431 2251 1466 2312 et
1482 2241 1570 2314 deus
1588 2262 1696 2312 meus.
1728 2231 1756 2278 ²⁹
1772 2239 1859 2312 Dicit

268 2443 272 2452 ,
379 2360 411 2431 ei
437 2361 531 2432 lesus
559 2359 646 2446 Quia
671 2359 786 2431 vidisti
812 2381 878 2445 me,
906 2357 1099 2430 credidisti:
1133 2358 1228 2430 beati
1264 2359 1322 2450 qui
1353 2383 1423 2434 non
1449 2359 1609 2433 viderunt
1634 2369 1670 2431 et
1695 2358 1856 2432 credide-

379 2489 465 2550 runt.
516 2471 543 2516 ³⁰
558 2479 662 2552 lllulta
688 2480 828 2573 quidem
855 2489 890 2552 et
916 2480 980 2550 alia
1006 2479 1103 2570 sigua
1121 2478 1200 2549 lecit
1225 2478 1321 2550 lesus
1339 2479 1374 2550 in
1400 2491 1588 2576 conspectu
1614 2477 1857 2575 discipulorum

380 2621 531 2684 suorum,
559 2621 649 2692 quae
675 2623 745 2672 non
770 2611 849 2672 suut
874 2600 1001 2694 scripta
1027 2599 1060 2670 in
1085 2597 1175 2670 libro
1202 2597 1285 2669 hoc:
1328 2591 1351 2636 ³¹
1371 2600 1460 2672 haec
1486 2611 1601 2674 autem
1628 2602 1755 2696 scripta
1780 2611 1858 2674 suut

381 2729 418 2792 ut
443 2719 593 2792 credatis
619 2718 699 2812 quia
724 2720 820 2793 lesus
847 2731 903 2793 est
928 2719 1080 2792 Christus
1114 2718 1201 2790 lilius
1228 2717 1294 2804 dei,
1321 2732 1358 2792 et
1390 2731 1428 2794 ut
1453 2721 1636 2794 credentes
1663 2721 1767 2793 vitam
1793 2720 1857 2794 ha-

379 2840 490 2912 beatis
518 2840 551 2910 iu
578 2840 715 2912 nomine
742 2841 824 2912 eius.

1073 3131 1157 3203 xxi.

456 3329 571 3386 “ml
590 3339 716 3410 Postea
743 3338 970 3411 manifestavit
996 3359 1035 3410 se
1067 3340 1189 3410 iterum
1216 3337 1310 3408 lesus
1344 3335 1391 3409 ad
1417 3357 1513 3409 mare
1540 3337 1739 3410 Tiberiadis.
1783 3335 1856 3411 lla-

380 3459 550 3530 nilestavit
576 3469 690 3530 autem
718 3459 776 3530 sic.
828 3450 963 3531 'Erant
989 3461 1089 3531 simud
1116 3459 1235 3530 Simon
1261 3458 1381 3529 Petrus
1409 3467 1444 3529 et
1470 3458 1621 3530 Thomas
1648 3458 1704 3552 qui
1737 3457 1859 3530 dicitur

379 3581 547 3673 Didymus
581 3588 616 3650 et
648 3579 861 3652 Nathauahel
896 3579 954 3673 qui
985 3589 1061 3652 erat
1096 3601 1116 3650 a
1151 3580 1243 3650 Cana
1270 3578 1443 3651 Galilaeae
1475 3587 1510 3650 et
1541 3577 1598 3648 lilii
1623 3579 1797 3651 Zebedaei
1823 3589 1858 3650 et

380 3701 436 3771 alii
462 3721 509 3770 ex
535 3697 709 3793 discipulis
736 3700 809 3770 eius
836 3699 916 3771 duo.
967 3693 1082 3772 ³Dicit
1107 3700 1157 3770 eis
1189 3700 1307 3770 Simon
1339 3699 1459 3770 Petrus
1486 3699 1584 3770 Vado
1617 3699 1752 3792 piscari.
1796 3701 1857 3769 Di-

246 3843 251 3853 *
304 3899 311 3910 ‚
380 3829 461 3890 cunt
486 3819 519 3890 ei
544 3819 704 3891 Venimus
731 3829 766 3890 et
790 3841 856 3890 uos
883 3828 1005 3890 tecum.
1059 3821 1101 3890 Et
1127 3821 1284 3891 exierunt
1315 3828 1350 3890 et
1376 3819 1607 3891 ascenderunt
1636 3821 1670 3890 iu
1701 3819 1856 3904 *navem

380 3949 415 4010 et
440 3939 495 4010 illa
521 3949 624 4010 nocte
649 3940 729 4012 nihil
754 3939 1009 4034 prendiderunt.
1061 3928 1192 4011 ‘Mane
1219 3949 1332 4012 autem
1359 3939 1427 4010 iam
1462 3941 1552 4011 facto
1585 3941 1678 4011 stetit
1703 3941 1798 4012 lesus
1824 3940 1858 4010 in

380 4061 495 4131 litore:
523 4081 592 4130 nou
618 4069 733 4132 tamen
759 4071 996 4153 coguoverunt
1022 4059 1177 4154 discipuli
1204 4059 1284 4152 quia
1308 4060 1404 4129 lesus
1432 4069 1493 4130 est.
1544 4050 1663 4131 ⁶Diclt
1688 4083 1774 4153 ergo
1807 4061 1857 4132 eis

380 4181 475 4252 lesus
503 4180 613 4265 Pueri,
641 4181 806 4273 numquid
831 4181 1093 4274 pulmentarium
1119 4181 1281 4252 hahetis?
1308 4179 1573 4272 Responderunt
1599 4181 1632 4252 ei
1658 4181 1744 4251 Non.
1770 4171 1856 4250 ⁸Di-

381 4301 427 4371 cit
452 4299 503 4371 eis
528 4299 646 4371 Mittite
670 4301 705 4370 iu
731 4299 912 4373 dexteram
938 4299 1064 4394 navigii
1091 4311 1173 4386 rete,
1201 4309 1237 4371 ct
1261 4299 1448 4370 invenietis.
1500 4301 1664 4374 Miserunt
1693 4322 1796 4393 crgo,
1823 4309 1858 4372 el

333 4475 336 4482 .
380 4422 447 4492 iam
473 4441 545 4490 uon
570 4420 732 4492 valebant
757 4421 837 4494 illud
864 4419 1000 4492 trahere
1028 4443 1049 4492 a
1075 4405 1288 4492 multitudine
1313 4419 1467 4512 piscium.
1509 4411 1639 4468 *imi
1656 4421 1745 4492 Dicit
1771 4441 1887 4514 ergo·

381 4541 569 4635 discipdus
600 4541 655 4612 ille
689 4562 792 4634 quem
824 4541 991 4633 diligebat
1020 4541 1115 4613 lesus
1148 4542 1251 4612 Petro
1278 4541 1443 4610 Dominus
1476 4549 1538 4612 est.
1592 4541 1710 4613 Simon
1737 4541 1857 4612 Petrus

381 4685 460 4734 cum
487 4660 641 4732 audisset
672 4662 753 4754 quia
787 4661 947 4734 dominus
981 4671 1051 4746 est,
1084 4655 1255 4734 ‘tunicam
1290 4661 1457 4732 succinxit
1483 4682 1540 4745 se,
1575 4661 1766 4732 eratenim
1793 4684 1857 4732 nu-

381 4783 456 4868 dus,
485 4791 520 4853 et
546 4781 637 4854 misit
663 4803 701 4854 se
727 4783 761 4854 in
787 4803 899 4853 mare:
942 4772 1027 4852 ⁸olti
1059 4791 1174 4853 autem
1208 4781 1366 4876 discipuli
1400 4781 1537 4874 navigio
1571 4791 1754 4866 venerunt,
1789 4803 1858 4852 non
1888 4767 1891 4778 ’

381 4904 472 4975 enim
498 4902 602 4995 longe
629 4913 727 4974 eraut
753 4925 772 4974 a
798 4913 890 4974 terra
916 4901 982 4974 sed
1008 4902 1105 4994 quasi
1132 4901 1254 4973 cubitis
1281 4901 1449 4986 ducentis,
1487 4889 1678 4974 'trahentes
1706 4911 1777 4972 rete
1803 4902 1857 4995 pi-

382 5025 500 5095 scium.
550 5014 666 5068 ΝΜ
680 5023 721 5094 Ut
746 5045 831 5118 ergo
859 5021 1111 5095 descenderunt
1136 5022 1170 5092 iu
1196 5031 1337 5108 terram,
1373 5021 1532 5093 viderunt
1562 5011 1706 5115 prunes'
1724 5023 1858 5116 positas

382 5153 417 5215 et
443 5143 574 5236 piscem
600 5145 853 5238 superpositrun
881 5152 915 5214 et
941 5163 1076 5236 panem.
1130 5131 1155 5178 ¹⁰
1171 5141 1258 5214 Dicit
1284 5143 1335 5214 eis
1360 5143 1456 5216 lesus
1473 5141 1615 5214 Adlerte
1641 5142 1688 5216 de
1705 5141 1858 5236 piscihus

913 5261 982 5346 XX,
1010 5265 1058 5336 20
1090 5299 1133 5315 -
1161 5261 1245 5343 XXI,
1277 5265 1333 5334 10.
