4146 6120
614 406 797 474 EPISTULA
824 405 876 471 ab
904 405 1284 472 ttlttsshtoatcuttsus
1309 409 1341 470 ll.
1646 407 1718 476 333

241 618 411 690 revelatus
436 615 535 686 luerit
559 615 666 686 homo
692 611 846 708 peccati,
873 609 961 686 filios
987 613 1205 706 perditionis,
1248 595 1336 704 ‘qui
1362 612 1567 684 adversatur
1593 623 1628 682 et
1654 634 1719 684 ex·
1851 597 1852 604 ἵ

241 738 365 810 tollitur
389 758 494 830 supra
520 757 622 808 omne
649 733 745 826 quod
772 731 897 804 dieitur
923 732 1011 804 deus
1037 743 1096 805 aut
1121 732 1216 826 quod
1242 731 1370 816 colitur,
1396 731 1443 802 ita
1468 741 1505 802 ut
1530 733 1565 802 ln
1590 733 1719 824 templo

242 855 299 930 dei
325 855 447 928 sedeat
472 855 662 928 ostendens
694 875 734 928 ee
768 866 948 945 tamquam
981 854 1024 924 sit
1058 853 1155 926 deus.
1207 853 1314 960 5Non
1339 849 1492 923 retinetis
1519 852 1615 943 quod
1641 873 1720 922 oum

242 998 398 1050 emamus
424 975 517 1070 apud
541 997 606 1047 vos
631 976 721 1048 haee
747 971 953 1046 dicebamus
978 975 1103 1046 vobis‘l
1155 964 1226 1044 ὓΕι
1242 995 1339 1054 ,nuno
1366 971 1449 1066 quid
1474 971 1625 1042 detineat
1651 971 1719 1043 soi-

244 1097 294 1182 tis‚
321 1105 358 1168 ut
384 1097 555 1168 reveletur
580 1097 615 1168 in
641 1115 705 1168 suo
731 1103 901 1186 tempore.
944 1085 1061 1168 qNam
1087 1095 1287 1187 mysterium
1313 1095 1380 1164 iarn
1409 1101 1571 1186 operatur
1596 1091 1719 1183 iniqui-

244 1217 329 1302 tatis,
356 1226 486 1288 tantum
511 1227 548 1288 ut
573 1216 631 1310 qui
657 1223 749 1288 tenet
775 1236 867 1286 nuno
900 1223 1017 1286 teneat
1050 1213 1165 1286 donee
1200 1214 1245 1286 de
1272 1215 1388 1288 medio
1421 1213 1489 1284 fiat.
1540 1203 1613 1282 ⁸Et
1639 1220 1719 1283 tuno

245 1337 449 1410 revelabitur
474 1337 529 1408 illa
555 1336 699 1430 iniquus,
727 1356 832 1428 quem
861 1335 1023 1408 dominus
1049 1335 1144 1406 lesus
1170 1335 1347 1406 interficiet
1373 1333 1492 1426 spiritu
1510 1333 1580 1404 orie
1606 1332 1659 1403 soi
1685 1341 1720 1402 et

246 1458 397 1530 destmet
421 1457 654 1530 inlustratione
680 1457 849 1530 adventus
876 1455 944 1540 sui,
993 1447 1104 1526 9οιιιιι
1131 1457 1226 1528 ouius
1252 1465 1307 1531 est
1332 1455 1502 1527 adventus
1529 1452 1717 1524 seeundum

246 1579 480 1674 operationem
513 1577 653 1650 'satanae
686 1577 721 1648 in
755 1576 847 1648 omni
878 1577 1017 1660 virtute,
1052 1575 1158 1667 signis
1197 1587 1232 1648 et
1268 1575 1436 1670 prodigiis
1477 1574 1717 1657 mendacibus,

246 1691 271 1738 ⁴⁰
286 1700 319 1771 in
346 1699 438 1770 omni
465 1697 667 1770 seduotione
692 1696 874 1790 iniquitatis
900 1695 953 1767 his
980 1695 1037 1788 qui
1064 1706 1222 1789 pereunt,
1251 1717 1295 1768 eo
1322 1695 1417 1789 quod
1450 1695 1627 1766 caritatem
1653 1715 1717 1764 ve-

246 1819 351 1891 ritatis
377 1841 446 1889 non
471 1827 676 1911 receperunt
700 1827 739 1888 nt
763 1817 846 1888 salvi
874 1815 1003 1887 fierent
1056 1808 1078 1852 ¹¹
1098 1816 1181 1888 ldeo
1207 1817 1307 1888 mittit
1336 1800 1399 1886 illis
1426 1815 1514 1887 deus
1542 1814 1717 1908 operatio-

246 1961 324 2009 nem
351 1939 486 2022 erroris,
513 1947 549 2007 ut
575 1937 718 2011 credaut
744 1937 942 2022 mendacio,
987 1927 1061 2008 ‘’ut
1085 1937 1275 2010 iudicentur
1302 1956 1425 2008 omnes
1457 1935 1513 2026 qui
1544 1957 1612 2007 non
1640 1957 1717 2005 ore-

247 2057 404 2130 diderunt
435 2057 568 2128 veritati
601 2057 664 2128 sed
696 2067 944 2130 consensemnt
978 2056 1152 2148 iniquitati.
1204 2047 1277 2102 Μ’
1294 2057 1366 2127 Nos
1400 2065 1514 2126 autem
1548 2055 1717 2128 dehemus

246 2177 373 2269 gratias
400 2197 505 2269 agere
532 2177 601 2248 deo
628 2197 766 2270 semper
793 2199 856 2270 pro
882 2177 992 2262 vobis,
1019 2178 1142 2250 iratres
1169 2177 1281 2250 ddeoti
1308 2175 1441 2260 adeo,
1475 2177 1571 2268 quod
1597 2175 1717 2267 elege-

245 2298 288 2368 rit
313 2319 378 2368 nos
406 2297 492 2368 deus
517 2295 681 2390 primitias
707 2297 741 2366 in
767 2297 911 2368 salutem
936 2297 970 2366 in
996 2297 1263 2369 sanctificatione
1298 2295 1436 2391 spiritus
1469 2305 1504 2366 et
1529 2297 1598 2368 lide
1624 2296 1716 2366 veri-

246 2417 338 2502 tatis,
381 2405 547 2509 “inqua
580 2426 615 2487 et
644 2417 781 2487 vooavit
811 2439 876 2488 vos
910 2438 973 2510 per
1005 2405 1218 2511 evangelium
1253 2427 1408 2490 nostrum
1441 2417 1475 2488 in
1501 2416 1717 2510 quisitionem

245 2537 374 2629 gloriae
400 2536 529 2608 domini
561 2536 668 2608 nostri
697 2535 774 2606 lesu
808 2536 939 2608 Christi.
994 2529 1019 2574 ¹⁵
1032 2529 1066 2584 (⁴³
1084 2539 1216 2630 ltaque,
1243 2538 1382 2622 iratres,
1410 2547 1514 2622 state,
1542 2547 1577 2608 et
1602 2546 1716 2608 tenete

245 2655 459 2728 ’traditionis
494 2677 580 2750 quas
611 2655 775 2729 didicistis
808 2657 882 2727 sive
914 2679 977 2752 per
1010 2679 1207 2730 sermonem
1239 2657 1313 2729 sive
1346 2679 1410 2751 per
1442 2657 1620 2750 epistulam
1651 2679 1716 2727 no-

246 2787 365 2848 stram:
408 2767 434 2812 ⁴⁶
450 2777 525 2870 ipse
558 2787 671 2856 autern
712 2775 870 2848 domiuus
904 2789 1022 2850 noster
1053 2780 1149 2850 lesus
1182 2777 1333 2850 Christus
1367 2787 1402 2849 et
1436 2778 1522 2849 deus
1554 2786 1589 2847 et
1618 2785 1718 2869 pater

245 2907 371 2982 noster,
399 2896 456 2988 qui
483 2895 603 2967 dilexit
628 2918 692 2968 nos
719 2906 754 2967 et
780 2897 876 2969 dedit
902 2899 1171 2972 consolationem
1199 2908 1376 2970 aeternam
1402 2907 1437 2968 et
1463 2919 1563 2990 spem
1588 2897 1716 2967 bonam

246 3017 279 3084 in
313 3017 434 3108 gratia,
487 3008 511 3050 ⁴7
529 3017 729 3087 exhortetur
771 3017 878 3088 corda
912 3029 1027 3090 vestra
1067 3028 1102 3088 et
1134 3017 1312 3090 confirmet
1349 3019 1383 3087 in
1416 3017 1507 3088 omni
1541 3037 1648 3110 opere
1683 3024 1718 3085 et

247 3155 406 3206 sermone
432 3134 535 3203 bono.

961 3411 1008 3480 lll.

322 3605 378 3662 ¹l⁸l
395 3615 448 3684 De
475 3620 608 3696 cetero,
635 3614 766 3699 iratres,
794 3623 891 3687 orate
916 3639 980 3710 pro
1007 3617 1116 3702 nobis,
1143 3628 1180 3690 ιιι
1206 3639 1320 3691 sermo
1348 3618 1404 3690 dei
1430 3611 1563 3688 'ourrat
1586 3623 1620 3684 at
1643 3615 1714 3684 ola-

248 3733 395 3805 rifioetur
427 3733 513 3804 siout
546 3743 581 3804 et
613 3734 705 3827 apud
738 3757 817 3818 vos,
867 3729 933 3808 ’et
966 3747 1003 3809 ut
1038 3737 1221 3810 liberemur
1253 3741 1297 3811 ab
1329 3739 1517 3834 inportunis
1550 3745 1585 3806 et
1616 3735 1714 3806 malis

120 3839 124 3852 ’
247 3854 455 3939 hominibus;
482 3875 551 3926 non
578 3854 668 3924 enim
696 3857 845 3926 omnium
874 3867 927 3927 est
952 3857 1050 3929 fides.
1094 3848 1155 3905 Μ)
1174 3859 1299 3932 Fidelis
1326 3871 1441 3932 autem
1467 3857 1626 3931 dominus
1652 3867 1713 3940 est,

246 3976 303 4067 qui
330 3975 543 4048 confirmavit
575 3997 639 4047 vos
674 3986 709 4047 et
735 3975 905 4048 custodiet
930 3999 951 4048 a
977 3979 1077 4050 malo.
1129 3969 1370 4053 *Confidimus
1403 3989 1515 4052 autem
1543 3975 1589 4050 de
1615 3977 1715 4048 vobis

245 4095 279 4164 in
305 4095 461 4181 domino,
497 4097 658 4190 quoniam
693 4119 783 4190 quae
808 4097 1038 4191 praecipimus
1074 4109 1109 4171 et
1133 4101 1241 4174 lacitis
1268 4112 1303 4174 et
1329 4100 1467 4172 iacietis.
1519 4093 1715 4170 ⁵Dominus
1779 4141 1786 4154 ·

246 4224 358 4285 autem
386 4217 507 4308 dirigat
533 4217 640 4289 corda
672 4227 788 4290 vestra
823 4218 855 4288 in
881 4219 1021 4290 caritate
1054 4220 1112 4291 dei
1145 4233 1179 4292 et
1204 4223 1366 4316 patientia
1399 4218 1527 4292 Christi.
1571 4208 1627 4264 Μ)
1644 4219 1715 4287 De-

244 4335 435 4406 nuntiamus
462 4346 573 4407 autem
600 4338 717 4423 vohis,
744 4341 880 4418 iratres,
908 4340 941 4408 in
967 4340 1103 4412 nomine
1129 4341 1258 4414 domini
1282 4343 1389 4414 nostri
1415 4342 1490 4412 lesu
1516 4337 1652 4422 Christi,
1680 4347 1716 4406 ut

245 4453 452 4527 subtrahatis
487 4477 548 4526 vos
581 4456 624 4527 ab
660 4459 752 4529 omni
784 4459 886 4529 fratre
920 4460 1114 4532 ambrdante
1146 4462 1337 4534 inordinate
1372 4471 1406 4532 et
1430 4481 1500 4533 non
1526 4457 1713 4530 secundum

245 4573 458 4645 traditionem
487 4597 588 4667 quam
616 4586 823 4670 aeceperunt
849 4601 869 4650 a
896 4579 1005 4652 nohis.
1055 4573 1154 4674 7Ipsi
1179 4582 1272 4652 scitis
1296 4579 1588 4674 quemadmodum
1608 4601 1714 4672 opor-

246 4701 316 4764 teat
341 4693 461 4766 imitari
487 4716 566 4780 nos,
594 4697 755 4788 quoniam
782 4720 850 4770 non
875 4699 1012 4792 inqtdeti
1040 4701 1161 4772 humus
1195 4701 1280 4772 inter
1313 4725 1393 4786 vos,
1442 4691 1586 4794 ⁸nequo
1612 4700 1715 4792 gratis

245 4835 369 4906 panem
404 4814 683 4888 manducavimus
717 4819 761 4889 ab
796 4818 924 4911 aliquo,
960 4819 1024 4890 sed
1055 4820 1088 4890 in
1119 4819 1240 4892 labore
1266 4831 1300 4891 et
1331 4820 1527 4914 fatigatione
1552 4829 1654 4891 noete
1681 4829 1716 4890 et

245 4933 301 5004 die
333 4946 534 5028 operantes
566 4959 610 5008 ne
643 4959 746 5030 quem
772 4948 924 5010 vestrum
955 4959 1192 5032 gravaremus3
1236 4931 1337 5012 9ιιοιι
1361 4941 1458 5035 quasi
1485 4963 1554 5014 non
1580 4941 1713 5013 habue-

245 5055 350 5124 rimus
377 5065 598 5149 potestatern3
632 5058 697 5129 sed
730 5067 766 5130 ut
791 5067 927 5130 nosmet
952 5059 1048 5152 ipsos
1073 5061 1219 5133 lormam
1246 5063 1409 5135 daremus
1435 5063 1537 5134 vohis
1565 5062 1610 5134 ad
1634 5062 1712 5132 irni-

245 5175 384 5268 tandum
419 5200 492 5276 nos.
546 5169 673 5250 10Νιιιιι
707 5189 741 5249 et
774 5202 851 5252 eum
887 5201 1044 5251 essemus
1083 5183 1175 5274 apud
1206 5204 1284 5268 vos,
1326 5183 1393 5255 hoc
1427 5183 1713 5256 denuntiabamus

816 5301 851 5384 ll,
881 5297 900 5370 l
932 5337 976 5352 --
1005 5302 1053 5386 lll,
1085 5303 1140 5372 l0.
