4220 6124
777 323 958 388 arrarum
983 321 1035 386 ln
1062 319 1244 386 somnos
1542 305 1547 318 '
1676 317 1749 390 255

273 532 375 604 vitiae
407 531 575 624 gentium,
610 539 737 624 quanto
772 530 883 622 magis
916 528 1092 623 plenitudo
1127 548 1257 598 eorum.
1310 517 1335 562 ⁴³
1348 514 1398 574 (π)
1416 489 1522 598 Vobis
1549 525 1639 597 enim
1671 523 1752 596 dico

272 653 443 746 gentibus.
497 649 669 736 Quamdiu
707 649 860 744 quidem·
887 671 955 742 ego
997 671 1073 721 sum
1108 646 1259 741 gentium
1294 647 1489 740 apostolus,
1528 646 1751 718 ministerium

273 795 389 846 meum
414 771 669 857 honorificabo,
714 759 740 807 ⁴⁵
757 772 785 842 si
812 792 882 864 quo
908 765 1089 842 modoad
1121 765 1362 840 aemulandum
1394 788 1586 860 provocem
1613 787 1753 839 carnem

167 903 168 908 ’
273 902 450 974 meamet
484 891 602 964 salvos
628 892 751 964 faciam
784 891 918 984 alitpros
954 911 1000 962 ex
1025 889 1099 961 illis.
1151 881 1177 926 ¹⁵
1194 888 1229 958 Si
1262 889 1353 960 enim
1380 888 1521 960 amissio
1548 907 1669 958 eorum
1693 907 1753 957 re-

274 1013 464 1086 conciliatio
492 1023 545 1084 est
570 1012 698 1098 mundi,
726 1033 816 1105 quae
842 1011 1038 1104 adsumptio
1065 1010 1129 1081 nisi
1154 1011 1224 1082 vita
1250 1031 1297 1080 ex
1330 1009 1501 1080 mortuis?
1552 1000 1578 1046 ¹⁶
1596 1007 1699 1094 Quod
1725 1006 1755 1077 si

274 1133 437 1206 delibatio
465 1142 585 1204 sancta
611 1143 673 1218 est,
702 1143 737 1204 ct
762 1153 896 1218 massa3
932 1142 967 1202 et
993 1131 1023 1202 si
1049 1131 1150 1203 radix
1177 1141 1309 1216 sancta,
1344 1139 1379 1200 et
1405 1129 1500 1200 rami.
1551 1121 1578 1164 ⁴⁷
1596 1127 1699 1214 Quod
1726 1149 1755 1197 sr

241 1304 248 1316 .
275 1254 376 1348 aliqui
402 1275 456 1324 ex.
475 1253 579 1326 ramis
605 1253 702 1324 tracti
729 1263 815 1339 sunt,
845 1262 879 1324 tu
906 1261 1022 1323 autem
1049 1273 1127 1322 cum
1155 1253 1303 1323 oleaster
1330 1271 1445 1335 esses,
1481 1249 1629 1321 insertus
1656 1269 1695 1320 es
1721 1248 1756 1318 in

273 1375 337 1446 illis
363 1385 398 1445 et
424 1374 540 1446 socius
566 1373 693 1445 radicis
721 1383 756 1443 et
781 1371 988 1466 pinguidinis
1015 1371 1128 1442 olivae
1154 1373 1263 1444 sactus
1290 1393 1345 1458 es,
1388 1361 1415 1406 ⁴⁸
1429 1370 1499 1441 noli
1526 1370 1663 1463 gloriari
1685 1369 1756 1440 ad-

274 1516 397 1568 versus
433 1516 566 1566 ramos:
600 1493 696 1586 quod
728 1493 758 1564 si
791 1493 963 1585 gloriaris,
982 1513 1070 1562 :non
1104 1501 1139 1562 tu
1165 1492 1319 1564 radicem
1345 1499 1465 1584 portas
1492 1491 1557 1562 sed
1582 1491 1683 1563 radix
1710 1502 1755 1562 te.

274 1607 300 1654 ¹⁹
317 1616 420 1686 Dices
447 1625 533 1707 ergo
559 1614 669 1684 Fracti
704 1621 795 1683 sunt.
816 1613 901 1683 rami
937 1621 973 1682 ut
999 1632 1067 1703 ego
1100 1610 1241 1684 inserar.
1293 1605 1320 1650 '³
1335 1613 1445 1683 Bene:
1473 1622 1616 1707 propter
1641 1613 1756 1682 incre-

276 1735 452 1807 dulitatem
477 1734 573 1806 tracti
601 1743 688 1818 suut,
716 1742 752 1802 tu
778 1742 893 1803 autem
920 1730 990 1804 lide
1018 1741 1099 1802 stas.
1152 1733 1226 1804 Noli
1254 1735 1359 1806 altum
1384 1753 1529 1827 sapere,
1564 1733 1629 1804 sed
1656 1733 1754 1804 time:

274 1848 297 1893 ²¹
313 1857 345 1926 si
369 1855 460 1926 enim
475 1853 576 1926 deus
602 1851 815 1924 naturalibus
841 1853 948 1924 ramis
974 1872 1044 1922 non
1069 1853 1233 1944 pepercit,
1260 1875 1306 1933 ne
1333 1855 1422 1925 sorte
1447 1875 1514 1926 nec
1540 1853 1606 1926 tibi
1626 1863 1755 1946 parcat.

274 1970 302 2016 ²¹
317 1975 403 2047 Vide
430 1995 516 2066 ergo
542 1973 734 2046 bonitatem
762 1983 798 2044 et
824 1973 1046 2044 severitatem
1065 1970 1131 2056 dei,
1159 1974 1193 2043 in
1208 1993 1284 2045 aeos
1311 1973 1453 2066 quidem
1480 1974 1539 2066 qui
1557 1972 1757 2045 ceciderunt

277 2095 515 2180 severitatem,
551 2094 586 2164 in
619 2103 654 2162 te
688 2103 804 2165 autem
838 2093 1029 2166 bonitatem
1063 2093 1134 2178 dei,
1172 2095 1463 2187 sipermanseris
1490 2095 1524 2166 in
1548 2093 1754 2165 bonitatem.

277 2216 428 2310 alioquin
453 2225 488 2286 et
514 2224 551 2285 tu
578 2213 761 2286 excideris.
813 2205 840 2252 ²³
857 2212 929 2287 Sed
964 2223 999 2283 et
1025 2213 1069 2284 illi
1084 2271 1087 2279 .
1103 2215 1132 2285 si
1158 2236 1228 2286 non
1253 2216 1508 2308 permanserint
1533 2216 1567 2286 in
1587 2213 1756 2286 incredu-

277 2336 371 2406 litate
397 2333 607 2406 inserentur:
634 2311 759 2427 potens
786 2344 841 2405 est
867 2334 958 2406 enim
986 2333 1074 2406 deus
1101 2333 1225 2407 iterum
1252 2337 1408 2406 inserere
1435 2335 1521 2406 illos.
1573 2324 1700 2407 “Nam
1727 2337 1756 2405 si

182 2487 187 2494 ·
277 2465 313 2524 tn
340 2475 387 2525 cx
412 2455 557 2526 naturali
583 2454 723 2526 excisus
750 2475 790 2526 es
817 2456 968 2526 oleastro
995 2465 1030 2525 et
1057 2465 1176 2526 contra
1201 2466 1359 2527 naturam
1386 2456 1536 2526 insertus
1562 2475 1603 2526 es
1628 2457 1662 2526 in
1689 2455 1757 2526 bo-

277 2595 356 2644 nam
385 2573 519 2654 olivam,
546 2583 675 2666 quanto
701 2575 813 2667 magis
839 2576 873 2646 hi
902 2575 1093 2647 secundum
1120 2585 1278 2648 naturam
1304 2577 1499 2648 inserentur
1523 2597 1609 2647 suae
1635 2577 1756 2648 olivae.

276 2683 368 2740 ΜΘ)
386 2693 474 2766 Nolo
502 2695 592 2765 enim
618 2716 685 2766 vos
712 2696 881 2788 ignorare,
908 2697 1040 2780 iratres,
1068 2697 1272 2788 mysterium
1299 2697 1375 2783 hoc,
1401 2707 1535 2768 utnon
1562 2697 1636 2768 sitis
1653 2697 1756 2770 vobis

279 2815 363 2907 ipsis
390 2815 581 2907 sapientes,
616 2814 697 2906 quia
731 2817 881 2887 caecitas
916 2824 1088 2910 exparte
1123 2817 1266 2908 contigit
1292 2818 1327 2888 in
1352 2817 1621 2890 Israhel-donec
1645 2818 1758 2912 pleni·
1823 2796 1826 2808 ’

204 3001 210 3014 ,
278 2933 364 3005 tudo
391 2935 544 3026 gentium
571 2935 727 3019 intraret,
771 2927 797 2974 ’ὓ
814 2945 850 3006 et
876 2936 927 3006 sio
952 2935 1065 3007 omnis
1083 2935 1213 3006 Israhel
1230 2937 1347 3018 salvus
1365 2936 1459 3009 liret:
1486 2937 1758 3033 sicnt‘scriptum

280 3063 334 3123 est
359 3051 483 3124 Veniet
516 3073 563 3124 ex
589 3054 673 3124 Sion
699 3057 756 3152 qui
784 3056 906 3150 eripiat
939 3065 974 3126 et
1008 3055 1167 3127 advertet
1193 3055 1389 3148 impietates
1415 3057 1528 3128 lacob.
1580 3050 1607 3096 '⁷
1622 3059 1665 3130 Et
1690 3058 1758 3130 hoc

280 3165 344 3244 illis
372 3193 466 3242 ame
484 3183 736 3259 testamentum,
764 3196 843 3246 cnm
863 3175 1037 3246 abstulero
1055 3185 1201 3268 peccata
1218 3196 1351 3246 eorum.
1394 3169 1420 3216 ¹⁸
1433 3177 1629 3249 Secundum
1648 3199 1757 3250 evan-

281 3293 409 3385 gelium
436 3292 577 3384 quidem
612 3293 737 3364 inimici
771 3305 915 3387 propter
940 3317 1021 3380 vos,
1051 3295 1243 3368 secundum
1271 3297 1476 3369 electionem
1505 3307 1619 3368 autem
1647 3299 1757 3369 caris·-

282 3412 359 3484 simi
385 3421 528 3505 propter
553 3422 687 3506 patres:
739 3405 767 3452 ²⁹
784 3414 858 3486 sine
883 3417 1093 3507 paenitentia
1121 3417 1213 3487 enim
1241 3427 1320 3486 sunt
1347 3418 1439 3490 dona
1466 3429 1502 3488 et
1527 3417 1664 3488 vocatio
1689 3417 1756 3488 dei.

280 3525 414 3604 ³⁰Sicut
440 3533 531 3604 enim
559 3533 744 3626 aliquando
772 3543 807 3604 et
832 3555 898 3606 vos
925 3557 994 3606 uon
1021 3535 1217 3609 credidistis
1244 3536 1330 3622 deo,
1358 3559 1448 3608 nunc
1479 3547 1594 3608 autem
1621 3538 1757 3609 miseri-

281 3653 436 3726 cordiam
456 3653 633 3725 consecuti
660 3653 744 3724 estis
761 3666 905 3750 propter
931 3655 1066 3728 illorum
1085 3657 1375 3743 incredulitatem,
1419 3649 1442 3695 ³¹
1463 3658 1509 3728 ita
1535 3668 1570 3728 et
1595 3659 1650 3730 isti
1667 3680 1758 3730 nunc

166 3828 168 3834 ,
279 3797 351 3846 non
377 3773 598 3846 crediderunt
624 3773 838 3846 in·vestram
865 3777 1152 3862 misericordiam,
1180 3787 1217 3848 ut
1244 3789 1279 3848 et
1296 3779 1360 3872 ipsi
1379 3777 1651 3850 misericordiam
1671 3801 1757 3851 con-

281 3904 484 3988 sequantur:
537 3884 564 3929 Ὦ
581 3895 766 3970 conclusit¹
782 3895 885 3980 enim,
907 3895 996 3968 deus
1029 3899 1144 3969 omnia
1180 3899 1212 3968 in
1240 3897 1512 3970 incredulitatem
1540 3911 1577 3970 nt
1603 3902 1757 3972 omnium

281 4016 494 4086 misereatur.
541 4003 677 4084 Μ)Ο
705 4015 849 4087 altitudo
876 4015 1071 4088 divitiarum
1100 4019 1291 4112 sapientiae
1310 4029 1344 4092 et
1371 4021 1535 4092 scientiae
1552 4021 1626 4093 dei:
1653 4042 1757 4114 quam

282 4134 649 4227 inconpraehensibilia
676 4144 755 4206 sunt
782 4135 908 4208 iudicia
935 4138 1011 4208 eius
1037 4149 1073 4208 et
1106 4139 1365 4232 investigabiles
1391 4141 1470 4212 viae
1497 4141 1579 4211 eius.
1632 4128 1757 4226 ³*Quis

282 4255 373 4324 enim
406 4255 569 4344 cognovit
601 4277 742 4327 sensum
777 4255 949 4328 dominil.
969 4268 1029 4328 aut
1059 4260 1137 4351 quis
1172 4261 1385 4332 consiliarius
1419 4263 1506 4333 eius·
1526 4262 1613 4332 luit‘?
1656 4248 1683 4304 ³⁶
1700 4271 1759 4332 aut

283 4374 480 4466 quis‘prior
506 4373 602 4444 dedit
629 4376 673 4446 illi
700 4386 735 4448 et
762 4377 970 4448 retribuetur
996 4377 1055 4448 ei‘l
1106 4369 1133 4414 ³⁶
1151 4381 1321 4464 Quoniam
1342 4403 1389 4452 ex
1406 4383 1483 4475 ipso
1510 4391 1545 4453 ct
1562 4403 1626 4476 per
1643 4382 1756 4476 ipsum

283 4503 318 4562 et
344 4493 376 4563 in
392 4493 482 4585 :ipso
509 4495 641 4568 omnia:
669 4497 733 4590 ipsi
760 4497 870 4587 gloria
897 4497 930 4566 in
957 4499 1115 4582 saecula,
1143 4520 1255 4572 amen.

986 4773 1052 4845 Xll.

357 4965 435 5019 ΜΨ)
453 4973 609 5046 Obsecro
638 4975 752 5068 itaque
777 4997 852 5060 vos,
879 4977 1011 5062 fratres,
1038 4999 1103 5070 per
1120 4979 1393 5052 misericordiam
1413 4983 1479 5067 dei,
1508 4993 1544 5055 ut
1562 4983 1755 5054 exhibeatis

282 5115 431 5188 corpora
465 5105 583 5166 vestra
615 5096 760 5167 hostiam
796 5097 971 5168 viventem
1008 5109 1161 5168 sanctam
1197 5099 1266 5172 deo
1300 5101 1514 5195 placentem,
1554 5105 1758 5176 rationabile

836 5215 888 5300 Xl,
920 5219 964 5288 t3
995 5259 1041 5272 -
1069 5219 1135 5304 ΧΠ,
1164 5222 1195 5290 l.
