4146 6120
802 337 983 404 EPISTULA
1008 339 1118 402 Portu
1144 340 1163 402 l.
1651 337 1725 416 377

1322 447 1357 454 “““
1363 447 1405 454 ’“”“
1410 448 1726 466 “·““-··-·-η-ιι--

238 541 511 626 conversamini,
551 533 577 580 ¹⁸
594 540 743 614 scientes
775 539 871 634 quod
904 563 973 614 non
1005 541 1306 635 corruptibilibus,
1350 565 1434 616 auro
1473 548 1529 620 vel
1567 559 1723 642 argento,

236 662 407 756 redempti
439 659 525 732 estis
559 660 606 732 de
641 681 733 732 vana
758 668 876 732 vestra
901 661 1166 734 conversatione
1192 670 1359 756 paternae
1385 663 1591 752 traditionis,
1620 659 1722 742 ¹⁹sed

237 781 414 877 praetioso
455 779 622 872 sangrino
656 779 754 873 quasi
787 779 868 872 agni
898 780 1094 854 inmaculati
1126 791 1162 853 et
1194 780 1449 854 incontaminati
1480 785 1557 858 lesu
1591 787 1721 876 Christi,

235 894 495 994 ”praecogniti
529 897 670 992 quidem
705 909 785 972 ante
819 899 1097 973 constitutionem
1131 898 1266 985 mundi,
1308 891 1343 946 ‘⁴’
1362 902 1567 976 manifestati
1604 919 1721 980 autem

237 1019 434 1094 novissimis
460 1019 678 1113 temporibus
703 1027 848 1113 propter
873 1039 954 1103 vos,
988 1009 1012 1056 ²⁴
1028 1018 1085 1111 qui
1112 1019 1314 1113 peripsum
1340 1017 1463 1094 fideles
1490 1023 1573 1094 estis
1598 1025 1634 1094 in
1651 1025 1721 1098 deo

236 1141 295 1233 qui
321 1139 498 1212 suscitavit
517 1159 604 1212 eum
631 1159 654 1210 a
678 1139 823 1211 mortuis
849 1147 885 1210 et
910 1137 1007 1212 dedit
1033 1137 1066 1208 ei
1091 1139 1246 1230 gloriam,
1274 1145 1311 1211 nt
1337 1137 1426 1212 tides
1447 1152 1566 1214 vestra
1584 1153 1620 1214 et
1636 1167 1721 1238 spes

236 1269 330 1332 esset
362 1260 398 1330 in
431 1257 511 1330 deo.
563 1250 749 1352 PAnimss
781 1267 917 1330 vestras
949 1255 1180 1330 castificantes
1212 1259 1247 1330 in
1273 1257 1533 1332 oboedientiam
1559 1262 1720 1348 caritatis,

234 1379 268 1449 in
293 1377 511 1450 fraternitatis
537 1397 660 1450 amore
687 1377 845 1471 simplici,
872 1397 921 1448 ex
946 1375 1054 1449 corde
1081 1377 1228 1450 invicem
1254 1376 1383 1470 diligite
1410 1380 1588 1466 aceruus,
1620 1372 1720 1451 ¹‘’re-

234 1499 305 1570 nati
329 1519 401 1569 nou
428 1491 493 1570 ’ax
519 1497 651 1570 semine
679 1495 891 1590 corruptibili
917 1494 981 1568 sed
1008 1495 1269 1589 incorruptibili,
1302 1499 1540 1590 perverbum
1567 1499 1626 1571 dei
1650 1499 1720 1572 vivi

234 1629 271 1688 et
295 1615 527 1710 permanentis
554 1616 588 1686 in
614 1625 801 1690 aeternum.
852 1603 879 1654 ’⁵
897 1615 985 1700 Quia
1011 1614 1124 1686 omnis
1149 1636 1232 1687 caro
1284 1625 1321 1686 ut
1352 1617 1506 1702 laeuum,
1540 1627 1574 1690 et
1608 1619 1721 1711 omnis

234 1736 344 1829 gloria
371 1735 446 1806 eins
472 1743 648 1828 tamqnam
676 1733 741 1806 llos
767 1734 876 1806 laeni:
910 1734 1046 1806 exaruit
1071 1735 1226 1818 faenum,
1260 1742 1296 1804 et
1321 1735 1386 1806 flos
1413 1735 1556 1810 decidit:
1596 1729 1719 1810 ¹5ver-

233 1857 316 1928 bum
344 1863 461 1926 autern
488 1853 617 1926 domiui
644 1863 761 1926 manet
788 1854 822 1926 in
847 1863 1036 1926 aeternum.
1079 1843 1422 1924 ‘illucescentem
1449 1856 1595 1930 verbum
1622 1857 1718 1948 qnod

233 1975 506 2067 evangelizatum
535 1983 588 2044 est
614 1973 647 2043 in
673 1973 785 2044 vobis.

956 2249 991 2318 ll.

309 2450 565 2550 'Deponentes
591 2455 692 2546 igitur
719 2475 858 2525 omnem
885 2451 1046 2524 malitiam
1074 2462 1109 2524 et
1135 2473 1274 2526 omnem
1308 2454 1426 2528 dolum
1460 2467 1495 2528 et
1527 2457 1716 2528 simulatic-

231 2595 295 2646 nes
323 2573 530 2646 et'invidias
558 2583 593 2645 et
619 2593 741 2646 omnes
768 2572 1017 2658 detractiones,
1062 2564 1179 2642 'sicut
1206 2572 1312 2646 modo
1339 2575 1443 2666 geniti
1468 2575 1630 2660 infantes,
1660 2597 1716 2646 ra-

231 2693 394 2766 tionabile
428 2703 464 2765 et
496 2693 570 2765 sine
605 2693 687 2765 dolo
718 2693 773 2764 lac
806 2691 1055 2787 concupiscite,
1090 2699 1127 2763 ut
1160 2692 1194 2763 in
1228 2713 1273 2766 eo
1306 2694 1471 2766 crescatis
1501 2695 1535 2765 in
1562 2695 1717 2775 salutem,

230 2806 286 2884 ³si
313 2824 429 2884 tamen
455 2812 600 2904 putatis
627 2813 791 2905 quoniam
818 2812 928 2884 dulcis
955 2819 1009 2884 est
1035 2808 1205 2882 dominus.
1257 2805 1340 2884 ‘Ad
1367 2833 1470 2904 quem
1497 2813 1715 2899 accedentes,

231 2931 383 3024 lapidem
409 2931 536 3014 vivum,
564 2930 610 3002 ab
637 2931 833 3004 hominibus
860 2930 999 3022 quidem
1025 2930 1259 3021 reprobatum,
1287 2953 1308 3004 a
1334 2931 1405 3003 deo
1432 2941 1547 3003 autem
1570 2933 1716 3004 electum

231 3059 267 3121 et
293 3047 572 3133 honorificatum,
605 3039 666 3094 Μ’)
681 3058 717 3120 et
742 3049 807 3141 ipsi
833 3058 1008 3142 tamquam
1033 3047 1168 3140 lapides
1191 3048 1260 3122 vivi
1277 3047 1621 3143 superaedificamini,
1648 3050 1716 3124 do-

230 3191 308 3240 mus
341 3167 529 3262 spiritales,
563 3166 796 3240 sacerdotium
830 3177 1003 3251 sanctum,
1038 3165 1164 3240 offerre
1198 3168 1368 3260 spiritales
1394 3167 1526 3242 hostias
1552 3177 1715 3262 accepta-

229 3289 317 3360 biles
349 3287 420 3360 deo
447 3307 511 3380 per
537 3287 650 3358 lesum
677 3285 863 3372 Christum,
903 3279 1078 3380 ⁸proptcr
1108 3285 1205 3378 quod
1239 3287 1392 3360 continet
1424 3288 1594 3382 scriptura
1624 3288 1715 3360 Ecce

229 3427 324 3500 pono
351 3405 387 3478 in
413 3406 495 3478 Sion
521 3403 673 3499 lapidem
700 3427 871 3480 sumntum
899 3405 1098 3498 angularem
1126 3406 1273 3480 eloctum
1298 3406 1522 3501 praetiosum,
1550 3415 1585 3478 ct
1604 3407 1715 3480 omms

229 3528 288 3620 qui
315 3526 503 3598 crediderit
528 3525 563 3594 in
589 3545 633 3596 eo
660 3547 731 3598 non
759 3519 1002 3598 'confunditur
1055 3518 1189 3600 ⁷Vobis
1217 3526 1318 3619 igitur
1343 3527 1457 3600 bonor
1473 3525 1714 3600 credentibus:

228 3667 298 3719 non
324 3645 545 3719 credentibus
572 3653 688 3718 autern
714 3645 803 3739 lapis
829 3665 933 3736 quem
959 3646 1236 3738 reprobaverunt
1262 3644 1496 3732 aedificantes,
1523 3647 1580 3718 hic
1603 3647 1713 3720 tnctm

229 3779 282 3840 est
307 3769 340 3838 in
368 3775 473 3860 caput
499 3765 613 3858 anguli
638 3773 676 3838 et
700 3765 787 3858 lapis
813 3763 1013 3838 offensionis
1038 3775 1076 3836 et
1099 3773 1198 3858 petra
1225 3765 1378 3838 scandali
1410 3757 1489 3839 ⁸tts
1515 3767 1572 3859 qui
1599 3767 1712 3838 oden-

227 3887 314 3962 dunt
345 3885 456 3959 verbo
489 3905 556 3958 nec
587 3884 750 3970 credunt,
783 3883 818 3956 io
851 3903 920 3977 quo
953 3893 989 3954 et
1017 3885 1121 3978 positi
1148 3895 1235 3957 sunt.
1287 3875 1346 3932 Μ)
1363 3883 1434 3958 Vos
1461 3895 1576 3960 autam
1603 3907 1713 3978 genus

227 4007 391 4092 electum,
418 4003 537 4098 regale
562 4004 813 4089 sacerdotium,
840 4024 927 4096 gens
954 4013 1089 4088 mnata,
1117 4005 1266 4098 populus
1291 4003 1546 4096 adquisitionis,
1578 4015 1616 4076 ut
1640 4005 1712 4076 vir-

228 4133 317 4196 tutes
350 4123 557 4197 adnuntiatis
591 4125 667 4198 eius
698 4125 757 4218 qui
789 4123 835 4197 de
867 4123 1020 4198 tenebris
1051 4143 1117 4196 vos
1143 4123 1283 4196 vocavit
1307 4122 1342 4194 in
1367 4123 1570 4198 admirabile
1595 4125 1712 4196 lumen

226 4265 344 4328 suum3
385 4235 411 4280 ¹⁰
428 4243 486 4335 qui
512 4243 696 4334 aliquando
723 4265 793 4316 non
819 4245 983 4337 populus,
1011 4263 1102 4323 nunc
1128 4251 1245 4314 autem
1272 4241 1421 4334 populus
1447 4241 1520 4327 dsi;
1556 4241 1615 4333 qui
1641 4261 1712 4312 non

226 4357 421 4432 'consecuti
447 4361 731 4446 misericordiam,
757 4383 848 4434 nunc
874 4371 990 4434 autem
1015 4359 1287 4434 misericordiam
1314 4359 1503 4434 consecuti.
1553 4351 1576 4395 ⁴¹
1592 4347 1629 4406 ‘⁸’
1643 4358 1710 4430 Ca-

225 4479 363 4563 rissimi,
391 4479 542 4550 obsecro
569 4488 745 4574 amquam
772 4479 928 4552 advenas
955 4489 991 4552 et
1015 4467 1220 4572 peregrinos
1247 4479 1419 4552 abstinero
1445 4499 1512 4550 vos
1540 4498 1561 4548 a
1587 4497 1710 4548 carna-

225 4598 314 4669 tibus
347 4597 546 4681 desideriis,
580 4619 671 4690 quse
703 4599 845 4670 militant
871 4597 1041 4670 adversus
1068 4599 1235 4682 animam,
1274 4591 1301 4636 ⁴²
1317 4597 1618 4670 conversationem
1644 4615 1709 4668 ve-

224 4727 331 4790 stram
357 4718 446 4790 inter
471 4725 595 4808 gentes
620 4717 791 4788 habentes
816 4717 962 4801 bonam,
996 4727 1034 4788 ut
1065 4717 1099 4787 in
1130 4737 1175 4788 eo
1202 4715 1300 4810 quod
1326 4696 1509 4789 detrahunt
1535 4715 1581 4786 de
1607 4715 1710 4790 vobis

214 4841 400 4928 'tamquam
427 4836 474 4908 de
500 4835 797 4921 malefactoribus,
825 4858 872 4908 ex
897 4835 1000 4908 bonis
1026 4833 1192 4928 operibus
1217 4857 1284 4908 vos
1310 4834 1574 4908 considerantes
1600 4833 1709 4925 glori-¹

221 4953 325 5026 fiuent
351 4954 455 5026 deum
482 4955 517 5026 in
542 4953 601 5026 die
627 4955 838 5028 visitationis.
883 4947 909 4994 ¹³
922 4944 953 5004 ‘⁰¹
972 4953 1123 5026 Subiscti
1148 4963 1262 5026 estote
1289 4953 1383 5026 omni
1409 4954 1590 5032 humanae,
1606 4971 1708 5024 crsa-

222 5084 320 5145 turae
355 5084 499 5167 propter
532 5073 654 5156 deum,
689 5075 763 5144 sive
789 5075 864 5165 regi
890 5073 990 5165 quasi
1015 5073 1259 5165 praecellenti,
1300 5063 1326 5112 ⁴*
1342 5073 1417 5144 sire
1444 5072 1592 5144 ducibus
1616 5079 1708 5144 bnt-

800 5193 822 5276 l,
854 5194 899 5262 t8
931 5231 976 5242 —
1004 5193 1039 5276 ll,
1070 5191 1127 5262 ll.

1353 5311 1403 5396 ts
