4220 6124
781 329 967 448 mmmm
992 375 1044 443 m
1072 375 1253 448 somnos
1688 367 1764 449 sot

273 595 310 658 st
341 583 466 656 tributa
499 581 703 675 praestatis:
736 579 879 654 ministri
914 579 1007 657 euim
1041 577 1098 652 dei
1131 587 1224 663 anot,
1257 579 1292 653 in
1323 578 1392 656 boo
1418 579 1532 672 ipsum
1559 580 1763 658 servientes.

271 695 352 751 ⁷¹⁴⁴)
370 701 517 776 Reddita
544 700 705 774 omnibus
732 699 864 782 debita3
894 698 950 770 oui
976 697 1148 783 tributum,
1176 698 1353 782 ubuum
1382 697 1436 776 oui
1462 700 1626 792 vectigal,
1653 699 1764 790 paeti-
1824 769 1826 772 .

273 822 348 914 gab
375 822 429 894 oni
455 821 626 904 timorem,
654 819 828 904 timorem
857 818 912 894 oui
938 819 1119 902 bonorem,
1147 817 1327 894 honorem.
1379 809 1544 896 ⁸llemini
1578 819 1764 911 quiequam

274 939 442 1026 debeatis,
469 937 534 1012 nisi
561 947 599 1008 ut
622 938 770 1014 invioem
795 937 963 1030 diligatis:
991 937 1050 1029 qui
1076 937 1168 1010 enim
1195 936 1303 1028 diligit
1328 935 1536 1029 proximum,
1563 937 1678 1028 legem
1696 938 1763 1010 im-

273 1060 389 1152 plevit.
432 1050 546 1130 ⁹Nam
573 1057 651 1130 lllon
677 1056 901 1140 adulterabis.
929 1057 1008 1131 Non
1034 1055 1186 1140 occides,
1214 1054 1293 1128 Non
1318 1055 1497 1139 furaveris,
1523 1056 1602 1132 Non
1628 1077 1761 1130 conou-

272 1178 390 1272 pisois,
418 1187 454 1248 et
479 1177 509 1248 si
536 1176 638 1268 qnod
659 1185 715 1250 est
739 1175 833 1248 aliud
861 1175 1081 1260 mandatum,
1109 1175 1144 1246 in
1169 1175 1237 1249 hoc
1262 1175 1372 1252 verbo
1398 1174 1608 1262 instauratur
1633 1175 1765 1267 Diliges

273 1299 474 1391 proximum
500 1306 595 1367 tuum
623 1296 711 1368 siout
737 1303 771 1366 te
797 1294 921 1386 ipsum.
975 1285 1001 1330 ⁴⁰
1018 1295 1162 1370 Dileotio
1196 1293 1348 1388 proximi
1382 1294 1510 1368 malum
1537 1316 1608 1369 non
1635 1316 1765 1388 opem·-

273 1427 342 1488 tur:
369 1415 547 1512 planitudo
574 1435 660 1506 ergo
686 1413 775 1504 legis
801 1421 856 1486 est
882 1412 1031 1488 dileetio.
1082 1405 1104 1448 ⁴¹
1120 1404 1172 1462 ‘⁴⁸³
1189 1413 1232 1487 Et
1249 1413 1317 1488 hoe
1334 1413 1484 1488 scientes
1502 1423 1655 1508 tompus3
1683 1414 1766 1508 quio

273 1537 359 1609 bora
387 1546 442 1608 est
468 1536 536 1606 iam
559 1554 636 1604 -nns
671 1532 719 1608 de
750 1553 876 1604 somno
903 1552 1063 1622 surgere:
1097 1555 1187 1608 numo
1219 1543 1336 1608 autom
1363 1526 1530 1626 'propior
1563 1547 1618 1606 est
1644 1543 1766 1610 nostra

273 1657 366 1728 salus
393 1675 497 1747 qnam
524 1675 603 1724 eum
631 1650 853 1724 credidimus.
906 1641 1025 1722 ⁴²N0x
1051 1653 1252 1744 praecessit,
1281 1651 1358 1726 dies
1386 1659 1502 1724 autem
1526 1653 1765 1747 adpropiavit:

274 1774 463 1846 abiciamus
490 1792 576 1864 orgo
604 1791 714 1864 opera
740 1770 974 1852 tenebrarum,
1002 1778 1037 1840 at
1063 1769 1245 1844 induamur
1276 1769 1382 1844 armis
1416 1771 1512 1846 lueis.
1566 1764 1699 1846 ‘leion
1730 1774 1765 1850 iu

273 1891 332 1964 die
358 1892 508 1964 honeste
536 1891 770 1974 ambulemus,
807 1907 878 1962 non
911 1888 945 1957 in
977 1889 1274 1970 comssationibus
1307 1899 1343 1962 et
1369 1889 1606 1975 ebrietatibus,
1633 1913 1704 1966 non
1730 1891 1765 1965 in

138 1995 142 2002 ’
274 2011 445 2082 mabilibns
477 2019 514 2081 et
544 2008 770 2103 inpudioitiis,
805 1991 938 2080 nonin
965 2007 1185 2084 contentens
1217 2019 1255 2080 et
1280 2009 1528 2095 mundone
1573 2000 1600 2046 ¹⁶
1617 2011 1684 2086 sed
1709 2011 1764 2084 in*

1037 2114 1088 2172 (ld)

274 2127 415 2200 duimiui
448 2127 625 2199 dominum
665 2128 778 2198 lesum
816 2124 1003 2209 Christum,
1107 2136 1142 2196 et
1168 2127 1281 2198 carnis
1314 2149 1433 2202 curam
1467 2149 1512 2200 na
1544 2129 1695 2204 lateritia
1716 2130 1763 2206 in

274 2245 468 2319 desideriis.

978 2514 1060 2584 XIV.

349 2715 547 2798 *lumnam
575 2727 691 2796 autem
717 2717 751 2792 io
776 2716 848 2796 lide
876 2717 1057 2802 adsumite,
1086 2736 1157 2794 nou
1183 2717 1217 2788 in
1244 2718 1557 2812 disceptationibus
1580 2721 1761 2814 cogitatio-

271 2861 363 2914 num
416 2831 538 2914 'Alius
572 2837 664 2910 enim
699 2836 809 2916 credit
843 2837 1053 2914 manducare
1092 2836 1241 2910 onnia·
1263 2839 1322 2929 qui
1359 2849 1475 2919 autom
1508 2839 1663 2920 infirmus
1698 2851 1760 2926 est,

271 2959 373 3032 holus
400 2957 595 3034 manducet.
647 2947 710 3031 ³1s
743 2957 801 3048 qui
829 2956 1014 3036 manturna
1044 2975 1115 3034 oon
1138 2955 1408 3038 ,manducantem
1442 2979 1513 3030 non
1539 2969 1699 3050 spernat,
1726 2969 1763 3033 et

271 3078 330 3170 qui
357 3097 427 3148 non
453 3075 640 3150 manducat
665 3074 933 3154 manducantem
959 3095 1030 3154 non
1055 3073 1198 3154 iudieet:
1226 3074 1314 3156 deus
1333 3076 1425 3157 enim
1443 3076 1536 3148 illum
1555 3074 1760 3170 adsumpsit.

270 3184 349 3268 ‘Tu
375 3194 453 3286 quis
480 3215 520 3269 es
548 3194 606 3286 qui
632 3187 788 3271 'iudices
823 3194 970 3270 alienum
1003 3195 1170 3272 servum?
1198 3193 1270 3264 Suo
1300 3195 1446 3276 donnino
1473 3205 1540 3270 sort
1564 3205 1624 3274 aaut
1650 3194 1760 3274 eadit:

272 3314 377 3387 stabit
403 3322 530 3396 autem,
557 3321 684 3406 potens
711 3323 765 3387 est
791 3313 884 3386 enim
912 3311 1000 3385 deus
1027 3321 1181 3390 statuere
1205 3313 1308 3392 illum.
1360 3305 1478 3389 ⁵Nam
1514 3313 1602 3386 alius
1632 3314 1761 3396 iudicat

272 3432 367 3506 diem
392 3431 472 3526 plus
498 3431 585 3504 inter
609 3432 721 3517 diem,
755 3433 842 3506 alius
875 3431 1003 3506 ludieat
1036 3451 1178 3510 omnem
1208 3429 1321 3510 diem:
1354 3431 1592 3523 unusquisque
1625 3434 1660 3514 in
1694 3454 1759 3508 suo

272 3573 379 3626 sensu
405 3548 567 3626 abundet.
619 3541 712 3635 ⁰Qui
746 3552 838 3644 sapit
871 3549 981 3634 diem,
1015 3549 1159 3630 donnino
1187 3550 1292 3642 sapit,
1321 3561 1356 3632 et
1381 3551 1440 3642 qui
1467 3550 1663 3636 manducat,
1690 3552 1759 3632 do.

271 3670 366 3746 mino
400 3667 604 3742 manducat:
636 3669 766 3760 gratias
800 3669 890 3748 euim
925 3669 995 3760 agit
1021 3669 1108 3748 deo:
1142 3668 1261 3759 etqui
1289 3689 1360 3748 non
1386 3669 1587 3754 manduco,
1614 3669 1758 3754 domino

270 3810 341 3868 non
368 3787 556 3866 manducat
580 3797 618 3858 et
643 3791 771 3880 gratias
799 3789 870 3880 agit
896 3787 976 3861 deo.
1028 3776 1106 3836 ’ΠΨ
1123 3787 1236 3870 Nemo
1263 3788 1355 3866 enim
1382 3799 1537 3870 aeorum
1570 3789 1639 3869 sibi
1665 3790 1757 3874 visit,

271 3920 307 3982 st
332 3928 437 3985 nemo
463 3907 529 3978 sibi
556 3906 709 3982 moritur.
761 3899 874 3978 ⁸Sive
901 3907 992 3980 enim
1018 3906 1176 3992 vivimus,
1203 3907 1348 3984 domino
1375 3905 1539 3992 virinum
1574 3893 1650 3990 sibe
1676 3931 1757 3993 mo-

269 4029 385 4112 rimur,
413 4026 555 4101 domino
583 4026 765 4102 morimur:
794 4027 869 4104 sive
896 4047 983 4119 ergo
1009 4025 1160 4102 uiuimus
1178 4027 1253 4106 slve
1271 4024 1444 4109 morimur,
1473 4025 1601 4108 domiai
1625 4049 1756 4102 sumas.

270 4137 351 4194 ⁹1⁴⁰)
369 4148 406 4222 la
432 4146 500 4216 hoo
526 4145 618 4220 enim
633 4135 799 4224 'Christus
826 4154 862 4223 et
888 4154 1045 4223 mortuus
1064 4153 1119 4220 est
1143 4155 1180 4218 et
1205 4145 1405 4228 resurrexit,
1433 4155 1470 4216 ut
1487 4155 1522 4227 et
1539 4157 1756 4228 mortuorum

270 4275 305 4338 et
331 4265 490 4338 vivorum
516 4263 723 4338 dominetur.
750 4258 844 4340 10Τιι
869 4275 989 4344 autom
1013 4264 1099 4358 qiud
1132 4265 1265 4340 udam
1290 4264 1429 4346 fratrem
1456 4274 1555 4348 tuum
1582 4260 1691 4346 'taut
1718 4277 1755 4338 tn

270 4405 379 4476 quare
415 4383 551 4474 spernis
582 4384 722 4460 fratrem
751 4396 848 4462 tuum
875 4378 1054 4462 “lOmnes
1079 4384 1173 4464 onim
1200 4383 1369 4464 stabimus
1396 4393 1475 4457 ante
1511 4383 1659 4466 tribunal
1684 4383 1754 4456 dei.

269 4495 292 4541 ¹¹
314 4502 567 4596 scriptumest
593 4503 683 4578 enim
712 4505 799 4578 Vivo
825 4525 911 4596 ego,
939 4503 1022 4574 dieit
1051 4502 1233 4586 dominus,
1268 4501 1432 4594 moniam
1468 4502 1551 4584 mibi
1579 4496 1755 4577 'flectetur

269 4616 395 4695 'omna
422 4641 523 4712 genu,
552 4631 588 4692 et
613 4624 726 4698 omnis
753 4623 869 4716 lingua
894 4623 1111 4696 ooniitebitur
1137 4621 1218 4694 deo.
1246 4613 1402 4714 '’amne
1429 4622 1669 4714 uuusquisque
1687 4643 1754 4697 no-

270 4749 378 4816 strum
405 4762 469 4833 pro
497 4743 733 4818 serationem
760 4741 887 4816 reddet
913 4743 993 4814 deo.
1047 4733 1073 4780 ¹³
1091 4741 1170 4818 Non
1196 4759 1283 4831 ergo
1310 4741 1460 4834 amptius
1486 4741 1636 4822 invicem
1661 4739 1754 4820 iudi-

269 4881 400 4944 cemus,
425 4861 493 4934 sed
520 4861 668 4936 iudicate
694 4864 762 4936 lroc
789 4861 912 4953 magis,
939 4882 984 4932 ne
1012 4858 1149 4952 ponatis
1176 4857 1423 4940 offendiculum
1449 4861 1543 4934 [ratri
1571 4859 1628 4930 vel
1655 4879 1757 4938 sma-
1875 4907 1882 4916 ·

269 4979 394 5056 datum
448 4969 539 5028 Μ’)
557 4982 638 5056 Seio
673 4989 708 5050 et
735 4979 873 5055 confido
904 4979 939 5050 in
962 4978 1114 5054 domino
1146 4977 1227 5052 lesu
1260 4976 1341 5070 quia
1373 4977 1456 5058 nibil
1482 4995 1667 5066 eommune
1693 4999 1758 5070 per

269 5100 398 5191 ipsum
441 5101 506 5172 nisi
540 5102 570 5170 ei
613 5099 670 5192 qui
711 5099 887 5171 existimat
920 5097 1003 5188 quid
1034 5117 1222 5178 oomrnsme
1255 5117 1353 5181 esse,
1395 5098 1439 5168 illi
1474 5118 1659 5178 commune
1690 5107 1755 5174 est.

812 5216 893 5294 lllll.
923 5210 946 5290 7
975 5255 1021 5272 ·-
1049 5215 1131 5300 xlv,
1162 5215 1220 5292 tt.

1400 5339 1446 5405 33
