4254 6130
713 337 819 398 unna
838 335 995 398 acruuu
1022 334 1301 397 mosrononuu
1675 312 1749 400 211

261 437 875 452 ’,Μ-*ψ

263 531 444 634 diligenter
477 561 520 610 ea
553 559 642 633 quae
677 550 756 610 sunt
772 541 878 624 lesu,
914 541 1027 610 sciens
1060 550 1187 612 tantum
1220 539 1393 632 baptisma
1425 537 1594 610 iohannis.
1646 531 1673 575 ’Β
1689 539 1752 610 llic

264 685 351 756 argo
379 660 496 754 coepit
521 659 723 732 fiduciahter
750 681 857 753 agere
883 659 918 728 in
945 679 1134 753 synagoga.
1187 655 1323 745 'Quem
1349 680 1427 728 cum
1454 659 1632 731 audissent
1657 659 1751 731 Pris-

264 783 341 854 cilla
367 791 402 852 et
428 780 560 873 Aquila,
589 780 832 852 adsumserunt
858 801 937 850 eum
966 788 1002 850 et
1027 779 1223 873 diligentius
1243 789 1479 872 exposuerunt
1505 782 1538 850 ei
1564 782 1655 852 viam
1683 782 1750 855 dei.

263 894 290 938 ²⁷
303 903 386 974 Cum
414 910 531 973 autem
566 901 669 972 vellet
702 903 752 972 ire
778 899 961 984 Achaiam,
990 899 1161 970 exltortati
1187 899 1312 970 iratres
1338 899 1549 992 scripserunt
1563 902 1751 998 discipulis

264 1033 301 1092 ut
335 1024 552 1116 susciperent
583 1042 672 1092 eum.
728 1020 794 1106 Qui
827 1041 906 1090 cum
932 1020 1100 1104 venisset,
1136 1020 1278 1090 contudit
1303 1020 1445 1090 multum
1472 1022 1525 1092 his
1553 1023 1610 1116 qui
1636 1024 1752 1096 oredi-

266 1143 406 1215 derant:
450 1133 477 1178 ²⁸
493 1141 723 1212 vehementer
756 1141 848 1212 enim
881 1137 1030 1210 ludaeos
1063 1138 1265 1211 revincebat
1298 1140 1433 1232 publice
1469 1142 1658 1214 ostendens
1690 1165 1754 1237 per

267 1264 454 1356 scripturas
481 1283 562 1334 esse
590 1261 760 1333 Christum
787 1261 909 1332 lesum.

966 1535 1048 1604 XIX.

343 1737 512 1816 'Factum
540 1755 595 1816 est
621 1753 748 1829 autem,
777 1764 857 1814 cum
883 1741 1007 1834 Apollo
1035 1752 1131 1812 esset
1158 1743 1318 1827 Corinthi,
1346 1754 1382 1814 ut
1408 1743 1533 1818 Paulus
1560 1751 1755 1842 peragratis

267 1865 503 1957 superioribus
542 1865 699 1959 partibus
739 1862 875 1933 venirat
906 1863 1044 1934 Elesum
1079 1872 1115 1932 et
1152 1863 1319 1934 inveniret
1351 1865 1523 1957 quosdam
1556 1868 1753 1965 discipulos,

266 1975 452 2076 ’dixitque
479 1984 525 2056 ad
556 2005 621 2056 eos
655 1986 690 2056 Si
723 1983 880 2078 spiritum
912 1993 1069 2055 sanctum
1102 1984 1285 2077 accepistis
1322 1985 1531 2059 credentes?
1566 1989 1612 2061 At
1636 1989 1680 2060 illi
1707 1991 1756 2063 ad

267 2125 346 2174 eum
373 2103 444 2176 Sed
470 2123 584 2196 neque
610 2104 640 2174 si
666 2104 805 2198 spiritns
832 2113 970 2175 sanctus
996 2115 1051 2176 est
1077 2103 1281 2176 audivimus.
1324 2097 1408 2178 ³llle
1434 2129 1520 2181 vero
1548 2111 1595 2180 ait
1619 2111 1656 2180 ln
1682 2133 1752 2204 quo

268 2245 353 2316 ergo
379 2223 541 2318 baptizati
568 2225 680 2296 estis‘l
727 2225 793 2308 Qui
819 2224 981 2296 dixerunt
1007 2225 1044 2296 ln
1071 2224 1229 2297 Iohannis
1261 2227 1479 2319 baptismate.
1532 2219 1657 2303 *Dixit
1688 2254 1752 2310 au-

267 2353 336 2414 tem
369 2344 493 2416 Paulus
527 2345 699 2416 lohannes
732 2345 920 2438 baptizavit
954 2344 1126 2438 baptisma
1160 2347 1391 2438 paenitentiae
1423 2351 1606 2443 populum,
1634 2351 1754 2424 dicens

266 2466 299 2535 in
326 2485 404 2536 eum
437 2467 495 2558 qui
532 2475 696 2538 venturus
731 2475 826 2536 esset
858 2475 940 2558 post
965 2465 1077 2558 ipsum
1105 2475 1141 2536 nt
1167 2465 1369 2554 crederent,
1398 2469 1465 2541 hoc
1491 2471 1605 2542 estin
1630 2471 1752 2544 lesum.

265 2577 355 2655 ⁵His
383 2585 506 2656 auditis
531 2585 695 2679 baptizati
722 2595 800 2656 sunt
826 2585 1027 2656 innomine
1053 2585 1183 2658 domini
1207 2587 1296 2658 lesu.
1340 2581 1412 2660 lltt
1439 2613 1516 2662 cum
1543 2590 1754 2684 inposuisset

266 2706 329 2776 illis
356 2727 495 2778 manum
520 2705 657 2792 Pardus,
685 2706 780 2778 venit
805 2705 943 2798 spiritus
970 2716 1108 2778 sanctus
1129 2727 1241 2801 super
1267 2729 1341 2792 eos,
1369 2721 1404 2782 et
1434 2711 1663 2804 loquebantur
1688 2713 1753 2782 lin-

266 2828 343 2920 guis
370 2837 406 2898 et
430 2827 695 2921 prophetabant.
738 2817 872 2897 ⁷Erant
897 2837 1012 2898 autem
1039 2848 1162 2899 omnes
1189 2829 1580 2930 ιι1ι11οιιοι1ιιοι1οοιιιι.Ι
1615 2825 1753 2904 ⁸lntro-

267 2969 408 3039 gressus
435 2957 550 3018 autem
577 2967 795 3041 synagogam
821 2969 900 3018 cum
927 2947 1052 3020 fidncia
1087 2949 1294 3042 loquebatur
1325 2973 1390 3044 per
1415 2963 1486 3024 tres
1512 2973 1652 3025 menses
1679 2953 1752 3024 dis-

268 3077 392 3160 putans
418 3077 454 3138 et
479 3069 630 3141 suadens
657 3068 704 3140 de
737 3089 846 3160 regno
874 3067 940 3140 dei.
992 3061 1109 3140 9(Ιιιιιι
1143 3078 1257 3141 autem
1285 3071 1425 3164 quidam
1452 3071 1692 3144 indurarentur
1718 3082 1754 3141 et

268 3207 338 3258 non
364 3186 561 3274 crederent,
595 3186 844 3258 maledicentes
870 3189 961 3260 viam
995 3185 1133 3260 'coram
1160 3189 1389 3278 multitudine,
1417 3192 1603 3264 discedens
1628 3193 1673 3264 ab
1700 3190 1753 3261 eis

269 3307 470 3402 segregavit
487 3306 684 3400 discipulos,
705 3306 845 3378 cottidie
863 3309 1043 3404 disputans
1061 3309 1096 3381 in
1113 3308 1233 3381 schola
1251 3309 1400 3404 Tyranni
1425 3311 1613 3385 cuiusdam.
1640 3304 1752 3381 1ο11οο

269 3438 384 3499 autem
411 3428 535 3498 lactum
563 3438 617 3498 est
641 3449 707 3522 per
732 3428 916 3516 biennium,
943 3431 991 3502 ita
1016 3445 1053 3500 nt
1079 3449 1202 3500 omnes
1229 3432 1287 3521 qui
1305 3432 1506 3506 habitabant
1530 3431 1564 3502 in
1580 3430 1664 3503 Asia
1689 3453 1751 3502 au-

269 3548 383 3630 dirent
408 3548 554 3619 verbum
581 3548 721 3633 domini,
749 3549 866 3620 ludaei
893 3561 997 3644 atque
1024 3550 1198 3642 gentiles.¹
1233 3543 1257 3588 ¹*
1276 3551 1595 3642 Virtutesquenon
1621 3553 1751 3644 quasli-

268 3669 329 3740 bet
355 3668 443 3740 deus
469 3668 617 3740 iaciebat
641 3690 706 3762 per
732 3691 855 3741 manus
880 3671 988 3756 Pauli,
1039 3662 1067 3708 ¹²
1082 3670 1128 3740 ita
1157 3681 1193 3742 ut
1217 3673 1322 3742 etiam
1349 3689 1453 3763 super
1479 3671 1660 3764 languidos
1686 3673 1751 3744 de-

269 3791 438 3863 terrentur
468 3811 489 3859 a
524 3811 673 3882 corpore
704 3790 778 3862 eius
816 3791 955 3864 sudaria
987 3791 1044 3861 vel
1077 3790 1281 3876 semicintia,
1316 3801 1351 3863 et
1380 3790 1597 3863 recedebant
1628 3793 1673 3864 ab
1700 3793 1752 3863 eis

268 3912 454 4004 languores
481 3921 516 3982 et
542 3910 681 4004 spiritus
705 3933 854 4004 nequam
889 3911 1164 4004 egrediebantur.
1217 3903 1503 3983 13Τοιιιιιιιιοιίιιιι
1534 3921 1649 3984 numm
1675 3913 1752 4006 qui-

269 4032 350 4104 dam
377 4042 412 4102 et
444 4031 489 4102 de
516 4031 770 4104 circueuntibus
803 4033 938 4104 ludaeis
972 4031 1154 4104 exorcistis
1185 4031 1350 4104 invocare
1376 4053 1482 4125 super
1513 4055 1577 4105 eos
1603 4035 1661 4126 qui
1687 4033 1751 4104 ha-

269 4152 400 4223 behant
426 4152 563 4245 spiritus
591 4153 701 4222 malos
736 4173 862 4223 nomen
895 4152 1025 4224 domini
1058 4152 1152 4236 lesu,
1180 4150 1333 4222 dicentes
1360 4149 1490 4224 Adiuro
1516 4175 1582 4226 vos
1608 4174 1672 4247 per
1697 4155 1752 4224 le-

270 4267 345 4342 sum
373 4293 476 4364 quem
502 4272 627 4342 Paulus
653 4272 841 4366 praedicat.
886 4261 1030 4344 “Erant
1055 4281 1171 4342 autem
1199 4271 1338 4364 quidam
1357 4273 1489 4345 Sceuae
1515 4273 1631 4346 ludaei
1656 4273 1751 4367 prin-

270 4392 355 4486 cipis
390 4391 611 4464 sacerdotum
645 4403 779 4486 septem
813 4392 869 4462 filii
901 4394 958 4485 qui
992 4393 1061 4462 hoc
1092 4391 1271 4464 iaciebant.
1331 4383 1357 4427 ⁴⁵
1373 4391 1602 4486 Respondens
1636 4405 1751 4466 autem

271 4512 408 4604 spiritus
442 4533 589 4603 nequam
623 4512 709 4584 dixit
741 4513 792 4582 eis
826 4517 938 4584 lesum
970 4512 1052 4583 novi
1087 4522 1121 4582 et
1138 4511 1295 4584 -Pnulum
1328 4511 1416 4584 scio:
1450 4533 1516 4584 vos
1552 4523 1667 4586 autem
1694 4516 1752 4607 qui

270 4633 375 4704 estis?
428 4623 508 4703 ⁴⁰Et
525 4631 675 4703 insihens
701 4632 806 4704 homo
826 4633 859 4702 in
886 4655 960 4718 eos,
986 4634 1020 4702 in
1047 4653 1116 4725 quo
1144 4640 1228 4702 erat
1245 4632 1464 4704 daemonium
1492 4633 1689 4726 pessimmn,
1717 4645 1752 4705 et

270 4753 465 4825 dominatus
493 4753 674 4824 amborum
704 4753 844 4823 invaluit
870 4765 989 4825 contra
1016 4774 1094 4836 eos,
1123 4753 1168 4822 ita
1195 4763 1233 4822 ut
1259 4751 1339 4821 nudi
1366 4763 1401 4823 et
1426 4753 1594 4824 vulnerat-i
1619 4754 1753 4847 effuge-

271 4877 346 4946 r'ent
380 4873 425 4945 de
462 4875 569 4946 domo
602 4873 666 4942 illa.
719 4864 743 4906 ¹7
762 4871 835 4942 Hoc
874 4887 991 4946 autem
1022 4881 1142 4942 notum
1177 4873 1304 4942 lactum
1335 4882 1390 4942 est
1430 4873 1588 4946 omnihus
1620 4875 1755 4948 ludaeis

272 5006 375 5087 atque
407 4995 590 5088 gentilibus
626 4992 683 5084 qui
718 4991 918 5064 habitabant
951 4991 1095 5086 Ephesi,
1129 5001 1163 5061 et
1199 4991 1324 5062 cecidit
1357 4993 1459 5064 timor
1494 5016 1600 5087 super
1634 5017 1756 5068 omnes

272 5116 356 5200 illos,
385 5126 420 5186 et
447 5112 732 5206 magnificabatur
758 5132 885 5184 nomen
912 5111 1043 5182 domini
1068 5113 1161 5196 lesu,
1215 5105 1241 5149 ¹⁸
1258 5113 1422 5207 multique
1453 5115 1664 5188 credentium
1691 5139 1755 5188 ve-

788 5233 895 5317 XVlll,
924 5234 972 5307 26
1000 5273 1051 5283 -
1078 5232 1161 5317 XIX,
1193 5235 1248 5303 l8.

1404 5355 1450 5424 28
