4146 6120
916 1027 1125 1100 murmur
1156 977 1400 1100 casurum.¹

512 1237 535 1306 l.
560 1234 719 1308 Iohannis
744 1235 920 1308 adnuntiat
945 1237 1037 1308 vIam
1064 1235 1193 1306 domini
1220 1247 1256 1306 ει
1281 1237 1472 1308 uerimcm.

500 1359 535 1428 II.
564 1355 629 1441 Qui
654 1353 688 1426 in
713 1355 790 1426 luce
817 1355 977 1442 ambulat,
1005 1355 1206 1428 societatum
1233 1355 1364 1430 habers
1391 1358 1485 1428 lesu:
1513 1367 1549 1426 ει
1573 1356 1631 1448 qui
1657 1353 1787 1426 dixerit
1803 1373 1895 1446 pcc-

564 1487 677 1548 catum
704 1497 838 1548 senon
864 1477 1010 1562 habere,
1037 1475 1190 1547 mendax
1216 1487 1279 1547 cst.

490 1597 538 1666 Ill.
565 1595 780 1668 Advocatum
806 1597 975 1668 hahemus
1000 1597 1114 1668 lesum
1140 1595 1234 1690 apud
1258 1609 1393 1692 patrem
1419 1617 1482 1690 pro
1509 1595 1661 1689 pcccatis
1684 1593 1830 1664 nostris:
1858 1605 1896 1662 et

564 1716 622 1809 qui
648 1715 728 1788 dicit
753 1737 792 1787 sa
819 1738 924 1790 nosse
942 1717 1064 1802 dcam,
1092 1715 1253 1788 mandata
1280 1715 1354 1787 cius
1379 1737 1450 1787 non
1466 1737 1620 1799 seruans,
1648 1713 1803 1786 mendax
1827 1725 1895 1784 cst

472 1837 533 1906 IIII.
561 1836 627 1922 Qui
651 1837 788 1908 fratrem
817 1859 916 1910 snum
944 1838 1036 1922 odit,
1063 1837 1098 1907 in
1123 1837 1275 1908 tenebris
1302 1837 1463 1908 ambulat.

498 1957 536 2026 V.
564 1955 693 2028 Omnes
720 1967 853 2029 aetates
880 1959 1021 2030 instruct
1046 1957 1080 2028 in
1106 1958 1216 2029 verbo
1243 1957 1300 2028 dei
1328 1978 1479 2042 manere,
1507 1965 1542 2028 et
1567 1966 1694 2026 catara.

487 2077 538 2148 vt
564 2076 640 2148 Non
668 2076 876 2169 diligendum
903 2078 1066 2150 mundum
1091 2099 1207 2170 neque
1232 2071 1549 2171 'concupiscentias
1576 2076 1662 2146 eius.

478 2196 542 2266 VII.
568 2195 763 2268 Novissima
789 2197 885 2284 hora,
913 2198 1003 2284 dicit,
1030 2208 1065 2269 et
1091 2198 1150 2290 qni
1175 2207 1280 2289 nogat
1304 2195 1492 2282 filiumdei,
1520 2197 1575 2267 hic
1593 2195 1813 2267 antichristus
1832 2205 1900 2265 cst

462 2316 539 2386 VIII.
565 2317 677 2388 Docet
701 2338 843 2388 manere
868 2319 902 2388 in
929 2318 1062 2390 Christo
1089 2327 1125 2388 ει
1151 2339 1171 2388 a
1197 2318 1288 2388 nullo
1312 2317 1449 2390 seduci:
1477 2327 1513 2388 et
1540 2315 1596 2408 qm
1615 2316 1695 2392 lacit
1721 2315 1900 2386 iustitiam.
2028 2301 2029 2354 I

569 2457 616 2506 cx
642 2435 710 2506 deo
738 2447 800 2507 est.
1485 2450 1488 2458 '

486 2555 538 2624 IX.
566 2555 747 2626 Caritatcm
774 2555 991 2649 diligentibus
1018 2555 1105 2628 filios
1131 2557 1213 2630 dicit
1240 2559 1307 2630 dei.

500 2675 541 2744 X.
569 2675 633 2759 Qui
659 2675 738 2747 lacit
762 2687 942 2770 peccatum
969 2676 1014 2748 dc
1041 2675 1180 2748 diaholo
1208 2688 1270 2763 est,
1298 2689 1333 2748 ει
1358 2678 1415 2770 qui
1441 2699 1488 2748 ax
1514 2677 1582 2750 deo
1609 2687 1711 2747 natus
1743 2687 1800 2747 est
1827 2699 1904 2748 non
2026 2687 2027 2697 ’

569 2804 707 2888 peccat:
734 2805 769 2866 ει
794 2795 937 2890 diligere
963 2797 1119 2883 invicem,
1146 2821 1215 2870 nou
1242 2799 1329 2870 sicut
1355 2797 1445 2869 Cain.
2026 2873 2027 2906 ᾖ

494 2915 545 2984 XI.
573 2915 656 2986 Cum
690 2937 752 2986 cor
791 2926 943 2988 nostrum
984 2917 1146 3010 erigimus
1177 2919 1223 2992 ad
1257 2918 1376 3004 dcam,
1415 2916 1659 3011 quodcumque
1692 2918 1903 3011 petierimus

571 3035 767 3128 accepimus
793 3037 837 3109 nh
865 3059 918 3108 eo.

478 3153 543 3224 XII.
571 3155 605 3225 Si
632 3155 705 3228 odit
734 3179 798 3228 nos
831 3157 995 3244 muudus,
1028 3157 1179 3228 translati
1214 3180 1332 3228 sumus
1366 3157 1412 3228 de
1445 3167 1573 3228 morto:
1607 3155 1688 3228 ideo
1724 3157 1904 3228 dcbcrnus
2026 3139 2027 3148 ἵ

570 3297 635 3368 pro
661 3275 820 3348 iratribus
848 3277 994 3348 animam
1020 3296 1162 3371 ponere.

464 3394 543 3465 XIII.
571 3396 670 3467 Omni
697 3395 826 3490 spiritui
852 3417 922 3468 non
948 3396 1093 3470 cradorc
1119 3397 1182 3468 nisi
1208 3397 1264 3489 qui
1292 3397 1473 3469 confitetur
1504 3397 1615 3468 Iesum
1643 3395 1838 3470 Christum:
1868 3415 1905 3472 ει

572 3516 629 3610 quii
656 3516 702 3588 dc
729 3517 857 3590 mundo
884 3527 972 3602 sunt,
999 3517 1063 3588 scit
1088 3538 1152 3588 cos
1179 3515 1338 3588 mundus.

451 3634 545 3706 XIIII.
572 3636 665 3708 Sicut
691 3635 777 3708 deus
804 3637 922 3708 dilexit
947 3655 1021 3722 nos,
1049 3637 1096 3708 ita
1122 3648 1157 3708 ει
1182 3659 1247 3708 nos
1273 3637 1443 3710 dehemus
1469 3637 1614 3708 invicem
1641 3636 1794 3729 diligero.

476 3755 544 3826 XV.
571 3757 682 3828 Deum
700 3777 803 3828 nemo
829 3757 915 3829 vidit
932 3779 1104 3851 umquam,
1132 3767 1168 3830 ct
1193 3758 1222 3828 si
1239 3757 1462 3830 dilexcrimus
1480 3778 1568 3842 oum,
1595 3767 1710 3827 manet
1726 3757 1761 3827 in
1783 3761 1906 3832 nohis.

465 3871 546 3945 XVI.
572 3877 665 3948 Deus
692 3877 818 3949 caritas
844 3887 910 3948 cst:
937 3879 1090 3971 perlecta
1117 3878 1207 3950 emm
1234 3879 1358 3950 caritas
1383 3878 1476 3948 lorus
1503 3877 1600 3948 mittit
1626 3877 1795 3947 timorem.

451 3993 545 4064 XVII.
575 3995 640 4081 Qui
666 3997 775 4068 credit
800 3998 880 4089 quia
905 3998 1000 4070 lesus
1027 4009 1079 4070 est
1106 3999 1267 4082 Christus,
1295 4018 1342 4067 ex
1369 3996 1437 4068 deo
1464 4009 1563 4070 natus
1590 4006 1660 4068 cst:
1695 4007 1730 4066 et
1764 3996 1814 4070 de
1844 4003 1909 4071 tri-

573 4116 685 4189 nitate.
1111 4199 1116 4210 .

441 4234 548 4306 XVIII.
576 4237 641 4324 Qui
668 4235 778 4309 credit
802 4237 835 4308 in
861 4237 965 4310 lilium
992 4237 1059 4324 dei,
1086 4239 1192 4311 hahct
1217 4237 1447 4308 testimoninm
1475 4239 1559 4308 eius.

466 4355 549 4428 XIX.
576 4357 719 4429 Dilectio
746 4356 803 4429 dei
829 4361 899 4430 vita
926 4367 1067 4432 aeterna
1094 4369 1162 4430 cst:
1191 4368 1225 4430 ει
1251 4357 1296 4430 de
1323 4368 1444 4432 natura
1468 4379 1540 4429 non
1568 4350 1577 4372 ⁸
1584 4357 1769 4451 peccantis.

475 4477 545 4548 XX.
574 4479 640 4564 Qui
665 4500 711 4552 cx
737 4477 806 4552 deo
843 4489 935 4564 sunt,
970 4477 1073 4550 lilium
1100 4477 1157 4550 dei
1184 4478 1309 4550 sciunt:
1343 4489 1377 4549 ει
1403 4477 1558 4550 hortatur
1584 4475 1760 4548 custodire
1786 4501 1861 4552 nos
1893 4507 1916 4554 a

576 4599 795 4671 simulachris.

978 4749 1125 4812 arsinus
1152 4749 1343 4814 currum.
1479 4721 1485 4744 '

1010 5075 1313 5086 -———·--.——-
