4102 6128
367 451 422 498 xlv
971 417 1253 494 PROLEGOMENA
1339 438 1343 450 '
1368 519 1382 532 ⁸

367 653 432 724 pro
459 631 582 702 iratres
607 631 759 724 positum
786 641 848 702 est.
900 632 1012 704 Etiam
1038 633 1148 703 semel
1174 632 1230 702 vel
1262 631 1318 704 bis
1343 631 1467 724 legitur
1492 619 1554 725 q'rn
1583 651 1648 724 pro
1674 634 1845 725 quoniam.

368 751 525 844 Denique
550 752 782 845 frequentatur
806 750 933 823 lineola
958 773 993 820 m
1020 749 1121 824 finale
1149 771 1390 848 compensans.

461 887 592 959 Primi
624 889 789 982 cuiusque
822 887 898 958 libri
933 909 1091 980 versus
1123 887 1282 958 rubricati
1314 899 1401 960 sunt.
1461 889 1593 960 Tituli
1633 888 1845 962 librorum

368 1009 402 1078 in
432 1007 551 1082 medio
583 1029 719 1104 summo
752 1007 953 1102 paginarum
986 1009 1141 1100 margine
1176 1008 1324 1102 appositi
1356 1019 1450 1095 sunt,
1484 1010 1572 1080 inter
1604 1009 1674 1082 duo
1707 1013 1845 1086 corcula

368 1128 442 1198 sive
468 1129 584 1222 potius
610 1128 725 1200 loliola
751 1149 843 1221 quac
870 1127 986 1200 cordis
1012 1129 1160 1200 sormam
1187 1128 1317 1208 habent
1341 1129 1472 1200 inclusi.

1005 1397 1141 1492 „vn

458 1608 690 1680 Facsimile
716 1619 872 1680 nostrum
900 1608 1129 1702 compositum
1156 1610 1281 1685 estad
1307 1609 1472 1682 schedam
1499 1633 1520 1682 a
1547 1612 1587 1682 cl.
1614 1611 1783 1704 Tregellio
1809 1613 1844 1684 in

364 1751 445 1800 eum
472 1751 572 1800 usum
604 1738 854 1822 praeparatam.
910 1728 1012 1816 Quod
1045 1728 1127 1800 vide
1159 1751 1204 1804 ne
1236 1729 1281 1802 ad
1314 1731 1464 1802 tabulam
1497 1729 1628 1802 iudices
1660 1733 1842 1806 aFleckio

364 1849 570 1920 exhibitam:
604 1849 651 1920 ibi
684 1849 774 1920 enirn
808 1850 975 1942 scriptura
1001 1848 1132 1920 codicis
1166 1849 1394 1922 miserrimum
1420 1851 1455 1920 in
1480 1849 1623 1922 modum
1650 1852 1843 1926 deformata

364 1979 424 2042 cst.
478 1968 614 2040 Memini
640 1969 742 2039 etiarn
769 1969 803 2038 in
829 1969 1011 2062 splendido
1039 1990 1149 2064 opere
1174 1970 1345 2042 Silvestris
1370 1969 1661 2064 palaeographico
1678 1975 1843 2046 lacsimile

365 2089 495 2161 codicis
520 2088 679 2160 Amiatini
705 2110 761 2160 me
786 2089 925 2161 vidisse.
981 2089 1084 2174 Quod
1110 2091 1315 2164 contrarium
1348 2092 1382 2160 in
1408 2089 1552 2162 modum
1578 2112 1621 2164 ac
1645 2093 1771 2164 Fleckii
1797 2096 1841 2168 ab

363 2209 441 2302 ipso
469 2208 593 2280 codice
619 2209 757 2281 differre
783 2210 896 2280 visum
924 2217 993 2280 est:
1020 2209 1134 2302 paullo
1162 2210 1253 2282 enirn
1280 2210 1453 2304 pulchrius
1479 2221 1543 2282 est.

458 2364 529 2436 Sed
556 2386 625 2457 quo
652 2364 774 2435 melius
802 2386 850 2435 ex
875 2364 1028 2436 lacsimili
1054 2373 1176 2436 nostro
1202 2365 1289 2436 ratio
1317 2364 1447 2436 codicis
1474 2365 1560 2437 disci
1585 2369 1706 2460 possit,
1734 2378 1840 2440 totam

362 2483 542 2576 paginam,
578 2505 728 2576 eamque
759 2485 872 2578 ipsam
905 2485 999 2556 unde
1030 2485 1113 2558 illud
1139 2485 1335 2556 desumtum
1363 2493 1430 2569 est,
1464 2485 1736 2560 adscribamus'
1766 2491 1840 2576 Qua

362 2604 397 2673 in
422 2625 461 2675 re
486 2604 574 2674 haec
601 2605 762 2676 observa.
816 2604 1003 2677 Columnae
1027 2607 1050 2676 l.
1076 2625 1182 2677 versu
1208 2608 1242 2677 9.
1271 2605 1577 2699 vsuperscriptum
1602 2619 1839 2682 acorreotore

362 2733 424 2795 cst.
476 2725 609 2796 Ibidem
642 2747 675 2795 v.
706 2727 761 2796 to.
795 2724 908 2818 prima
933 2747 1037 2796 manu
1070 2725 1152 2796 nihil
1182 2725 1332 2819 positum
1365 2735 1419 2796 est
1452 2735 1589 2818 praeter
1614 2727 1731 2800 batur:
1758 2731 1838 2802 reli-

361 2867 429 2936 qua
457 2845 572 2916 omnia
597 2845 797 2939 praeposito
824 2855 952 2939 puncto
980 2855 1159 2917 corrector
1185 2846 1364 2939 apposuit,
1400 2846 1522 2940 partim
1554 2846 1623 2918 hoc
1656 2850 1733 2943 ipso
1761 2851 1837 2924 loco

361 2966 485 3057 partim
518 2965 552 3035 in
587 2967 765 3060 superiore
796 2966 959 3059 margine.
1012 2965 1144 3038 Ibidem
1177 2989 1209 3038 v.
1245 2967 1292 3036 39
1316 2987 1366 3058 sq.
1399 2988 1464 3060 pro
1498 2971 1838 3062 ‚‚mesopotamiam“

360 3086 476 3177 posuit
502 3085 556 3172 „in
582 3086 865 3182 mesopotamia.“
916 3087 1095 3158 Intervalla
1121 3088 1143 3172 Ι,
1171 3086 1228 3161 lt.
1255 3087 1291 3171 ll,
1320 3085 1378 3158 3t.
1407 3087 1487 3158 item
1514 3086 1535 3172 l,
1557 3086 1613 3159 l3.
1641 3090 1688 3162 ad
1714 3113 1837 3163 exem-

360 3203 454 3295 plum
494 3205 624 3279 codicis
657 3207 903 3302 expressimus.
956 3207 1040 3278 ltem
1073 3208 1102 3277 D
1131 3217 1166 3278 et
1196 3208 1222 3278 L
1256 3207 1278 3291 1,
1307 3204 1366 3300 334.
1399 3207 1434 3292 ll,
1466 3210 1522 3278 t6.
1549 3207 1583 3278 in
1610 3209 1687 3304 ipso
1714 3211 1837 3284 codice

360 3323 491 3396 minora
519 3336 597 3398 sunt
623 3349 726 3421 quam
751 3337 934 3422 utrumque
960 3325 997 3398 U.
