4146 6120
667 1340 816 1412 INCIPIT
849 1339 909 1414 At)
944 1340 1232 1416 PHILIIIIIONIIIII.

313 1579 347 1679 P
350 1615 510 1687 hilemoni
537 1615 719 1688 familiares
744 1617 872 1690 litteras
905 1618 984 1688 lacit
1017 1641 1081 1712 pro
1107 1619 1273 1690 Onesimo
1300 1639 1404 1690 servo
1431 1621 1514 1689 eius.
1569 1619 1689 1690 Scribit

208 1745 325 1806 autem
352 1737 384 1807 ei
410 1758 431 1805 a
456 1735 566 1806 Roma
594 1735 639 1806 de
666 1757 806 1808 carcere
833 1759 897 1830 per
924 1738 1123 1810 Onesimum
1152 1741 1333 1810 acolotum.

855 1875 1035 1938 EXPLICIT.

604 2201 608 2214 ,
717 2129 926 2202 INCIPIUNT
962 2131 1180 2204 CAPITULA.

310 2335 332 2402 l.
359 2335 411 2403 De
438 2333 643 2406 Philemone
664 2345 698 2406 et
723 2335 836 2429 Appia
862 2347 898 2408 et
922 2337 1073 2432 Aroippo
1100 2350 1135 2411 et
1160 2339 1352 2412 domestica
1378 2338 1522 2410 eeclesia
1549 2339 1631 2410 eius.

298 2455 333 2524 ll.
360 2455 412 2524 De
439 2453 637 2526 Philemone
664 2467 698 2527 et
724 2459 883 2550 apostolo
911 2478 975 2552 pro
1002 2481 1046 2530 eo
1073 2461 1106 2530 in
1141 2459 1351 2533 orationibus
1385 2479 1526 2553 semper
1551 2482 1668 2530 memo

360 2575 445 2646 riam
474 2569 681 2646 'facientem

285 2697 333 2764 lll.
360 2697 413 2766 De
440 2697 600 2789 apostolo
628 2719 712 2768 sene
739 2709 774 2769 ot
800 2697 915 2770 vincto
942 2697 1130 2770 Philemoni
1157 2699 1348 2793 imperante
1378 2699 1597 2792 eundemque
1623 2722 1687 2794 pa·
1758 2729 1790 2818 .'
1867 2771 1873 2782 ,

359 2817 441 2886 riter
468 2816 674 2888 obsecrante
700 2841 765 2912 pro
792 2819 955 2891 Onesimo
983 2842 1086 2891 servo
1114 2820 1235 2913 ipsius,
1270 2831 1305 2892 ot
1337 2821 1451 2914 parari
1478 2821 1541 2891 sihi
1568 2821 1688 2914 hospi-

360 2937 443 3006 tium
471 2939 746 3010 commendante.

284 3055 333 3123 lV.
362 3057 413 3124 De
440 3055 587 3147 Ephalra
614 3059 819 3152 concaptivo
847 3059 995 3151 apostoli
1023 3070 1058 3130 ot
1084 3061 1199 3130 lllaroo
1227 3071 1261 3129 et
1294 3059 1491 3132 hristhnroo
1519 3071 1553 3130 et
1580 3063 1686 3132 Denta

360 3185 395 3244 et
421 3175 512 3245 Luca
539 3177 754 3248 adiutoribus
781 3178 886 3250 Pauli.

725 3313 948 3374 EXPLICIUNT
970 3313 1164 3376 cnrtrttth.

800 3567 1110 3579 —————

752 3758 901 3829 INCIPIT
928 3757 1143 3830 EPISTULA.

281 3953 338 4010 ⁴⁰)
356 3944 487 4052 Pauus
513 3981 645 4052 vinctus
672 3983 750 4055 lesu
777 3983 898 4054 Christi
925 3995 960 4054 et
987 3983 1186 4054 Timotheus
1211 3985 1315 4054 lrater
1342 3981 1530 4054 Philemoni
1557 3982 1683 4054 dilecto

205 4101 352 4173 adiutori
377 4113 497 4174 nostro
540 4095 602 4173 'et
628 4101 762 4195 Appiae
788 4105 900 4176 sorori
926 4115 961 4175 et
986 4103 1138 4196 'Arcippo
1166 4101 1384 4174 commilitoni
1416 4113 1534 4175 nostro
1562 4119 1596 4175 et
1622 4126 1683 4174 ec-

205 4221 332 4292 clesiae
359 4244 448 4314 qnae
475 4224 508 4294 in
535 4224 642 4295 domo
669 4233 727 4295 tua
754 4235 817 4295 est.
869 4217 1012 4296 ³Gratia
1044 4223 1145 4296 vohis
1172 4235 1206 4294 et
1232 4245 1303 4318 pax
1336 4247 1357 4294 a
1390 4223 1459 4294 deo
1491 4235 1589 4318 patre
1616 4246 1682 4294 no-

204 4349 276 4410 stro
303 4352 338 4410 et
364 4342 506 4413 domino
533 4343 610 4413 Iesu
637 4342 781 4415 Christo.
833 4337 897 4392 “²³
912 4345 1046 4417 Gratias
1073 4365 1139 4437 ago
1173 4344 1241 4415 deo
1276 4365 1356 4414 meo
1384 4365 1522 4437 semper
1547 4366 1682 4416 memo-

203 4460 289 4531 riam
315 4461 364 4530 tui
388 4462 517 4536 taciens
543 4461 577 4532 in
603 4463 814 4534 orationibus
840 4465 942 4550 meis,
986 4455 1157 4538 ⁵audr'ens
1185 4463 1362 4535 caritatem
1397 4473 1488 4534 tuam
1516 4473 1551 4534 et
1576 4463 1682 4535 fidem
1758 4529 1764 4540 ,

204 4601 307 4672 quam
334 4579 445 4652 habes
472 4581 506 4651 in
538 4581 679 4654 domino
711 4583 788 4654 lesu
821 4593 856 4654 et
889 4583 922 4653 in
958 4605 1078 4656 omnes
1113 4595 1268 4669 sanctos,
1319 4575 1387 4654 “ut
1419 4581 1682 4655 communicatio

202 4699 283 4771 lidei
309 4710 389 4772 tuae
416 4701 560 4773 evidens
586 4701 644 4773 liat
669 4703 704 4774 iu
729 4703 937 4796 agnitionem
964 4703 1075 4774 omnis
1101 4705 1182 4776 boni
1207 4703 1241 4774 in
1268 4703 1401 4775 ChrIsto
1427 4705 1514 4776 Iesu.
1557 4695 1682 4772 qGau-

203 4819 297 4893 dium
324 4821 413 4892 enim
441 4845 603 4914 magnum
631 4822 735 4894 habui
762 4833 797 4894 et
822 4823 1093 4895 consolationem
1119 4825 1152 4894 in
1179 4823 1321 4895 caritate
1347 4835 1414 4909 tua,
1442 4825 1522 4918 quia
1548 4823 1683 4894 viscera

203 4951 400 5012 sanctorum
434 4943 678 5035 requieverunt
715 4967 777 5038 per
809 4953 859 5030 te,
887 4945 1001 5014 frater.
1052 4935 1117 4988 Μ’)
1130 4943 1275 5037 Propter
1301 4945 1396 5038 quod
1423 4945 1564 5016 multam
1591 4943 1681 5014 lidu-

202 5063 291 5134 ciam
323 5062 458 5133 habens
492 5063 526 5132 in
566 5063 699 5135 Christo
736 5067 813 5136 lesu
847 5063 1039 5158 imperandi
1081 5065 1140 5135 tihi
1182 5065 1277 5158 quod
1318 5065 1364 5136 ad
1403 5085 1477 5134 rem
1516 5064 1682 5158 pertinet,

200 5175 374 5278 ⁹propter
401 5183 576 5256 caritatem
604 5187 715 5279 magis
742 5187 902 5269 obsecro,
928 5207 1006 5254 cum
1033 5186 1081 5256 sis
1108 5186 1182 5256 tells
1208 5195 1245 5256 nt
1270 5185 1395 5257 Paulus
1431 5206 1559 5270 senex,
1593 5207 1683 5255 nnnc

202 5314 318 5376 autem
346 5315 381 5374 et
405 5306 538 5376 vinctus
564 5305 640 5376 lesu
667 5304 796 5376 Christi.
836 5295 862 5340 ¹⁰
875 5305 1032 5376 Obsecro
1066 5317 1099 5376 te
1134 5305 1179 5379 de
1215 5327 1294 5378 meo
1328 5305 1415 5392 lilio,
1450 5328 1553 5399 quem
1581 5303 1683 5397 genui
