4242 6118
676 337 917 404 nvaucnuuu
944 285 1150 404 sncuacuu
1176 335 1302 401 numa
1653 331 1726 402 tce
1786 377 1791 394 .

254 540 386 636 proebe
413 550 448 612 et
473 543 625 627 alteram,
653 556 688 615 et
713 546 758 617 ab
786 567 829 616 eo
857 544 914 637 qui
941 543 1072 614 auferet
1098 541 1157 612 tibi
1183 541 1425 613 vestimentum
1453 541 1554 613 etiam
1583 541 1730 611 tunicam

253 661 322 733 noli
347 659 548 754 probibere:
591 653 619 700 ³⁰
635 667 727 740 omni
754 675 869 736 autem
895 663 1023 757 petenti
1049 669 1083 732 te
1109 661 1228 744 tribue,
1256 667 1290 728 et
1317 657 1374 750 qui
1400 663 1531 733 auferet
1555 683 1645 756 quae
1672 670 1729 730 tua

254 789 332 854 sunt
356 801 401 851 ne
426 793 573 876 repetas.
624 775 647 822 ³¹
663 773 740 830 ‘⁵⁸⁵³
753 787 796 856 Et
820 793 923 878 prout
947 781 1049 854 vultis
1075 791 1112 851 ut
1136 781 1259 852 faciant
1284 779 1385 850 vobis
1411 780 1577 866 homines,
1606 791 1640 852 et
1664 801 1730 850 vos

255 904 353 976 facite
378 903 442 972 iilis
469 901 629 974 sinriiiter.
679 895 797 950 “imi
810 906 854 976 Et
878 905 907 975 si
933 902 1069 994 diligitis
1095 901 1242 993 eosqui
1268 919 1333 970 vos
1360 899 1520 995 diligunt,
1547 923 1636 996 quac
1663 921 1730 970 vc-

255 1024 309 1094 bis
335 1031 389 1093 est
413 1022 549 1114 gratie?
575 1043 655 1094 nam
687 1033 723 1094 et
752 1035 955 1118 peccatores
982 1021 1163 1114 diligentes
1191 1039 1230 1090 εε
1256 1019 1407 1113 diligunt.
1459 1014 1540 1094 ³³Et
1565 1024 1594 1094 si
1619 1023 1733 1093 bene-

256 1142 401 1214 feceritis
432 1143 485 1212 bis
518 1145 576 1236 qni
607 1144 710 1216 vobis
742 1145 972 1228 benefaciunt,
1013 1161 1102 1235 quae
1134 1141 1237 1212 vobis
1263 1149 1316 1210 εει
1341 1142 1474 1250 gratia?
1500 1143 1672 1236 siquidem
1699 1149 1735 1210 et

256 1271 459 1358 peccatores
486 1262 552 1334 boc
578 1263 711 1335 faciunt.
763 1255 844 1335 ³‘lit
869 1266 898 1335 si
924 1274 1078 1336 mutuum
1105 1257 1269 1337 dederitis
1302 1259 1354 1330 his
1388 1262 1559 1354 aquibus
1586 1260 1736 1355 speratis

257 1384 421 1477 recipere,
448 1401 539 1475 quae
564 1385 673 1476 gratia
699 1395 753 1456 est
777 1379 905 1456 vobis?
931 1407 1012 1456 narn
1046 1391 1080 1454 et
1113 1390 1315 1475 peccatores
1348 1382 1588 1473 peccatoribus
1612 1383 1736 1452 fuenca

257 1513 371 1575 ranttu
394 1512 433 1574 ut
458 1503 622 1598 recipiant
647 1503 813 1598 aequalia.
864 1495 1022 1576 ”venun
1050 1514 1162 1576 tamen
1191 1499 1318 1593 diligite
1344 1497 1497 1573 inimicos
1524 1511 1674 1586 vestros,
1703 1512 1738 1574 et

255 1623 444 1696 benefacite
477 1634 513 1694 et
545 1633 699 1696 mutuum
732 1625 813 1697 date
845 1624 925 1697 nibil
951 1624 1032 1698 inde
1057 1631 1251 1716 sperantes:
1286 1631 1322 1691 et
1353 1621 1417 1690 erit
1449 1641 1588 1693 merces
1620 1631 1737 1695 vestra

256 1745 374 1829 multa,
410 1754 446 1814 et
483 1742 577 1813 eritis
609 1741 667 1814 filii
700 1745 868 1830 altissimi,
902 1745 981 1838 quia
1013 1745 1089 1838 ipse
1114 1743 1283 1834 benignus
1310 1751 1364 1812 est
1389 1761 1494 1835 super
1519 1739 1677 1834 ingratos
1703 1755 1745 1816 et·

256 1865 376 1936 mulos.
425 1854 454 1902 ω
469 1863 590 1933 Estote
616 1881 703 1955 ergo
730 1865 981 1952 misericordes,
1009 1865 1095 1936 sicut
1121 1873 1156 1934 et
1179 1873 1279 1956 pater
1305 1871 1421 1934 vester
1447 1862 1647 1964 misericors
1673 1875 1736 1936 est.

255 1976 282 2022 ³²
295 1975 369 2030 (ω)
386 1983 499 2055 Nolite
523 1981 691 2068 iudicare,
724 1993 759 2054 et
792 2005 861 2056 non
892 1984 1140 2057 iudicabimini:
1173 1983 1277 2055 nolite
1311 1983 1561 2068 condemnare,
1598 1991 1635 2052 ει
1667 2006 1736 2057 uon

257 2101 579 2176 condemnabimini:
607 2094 793 2188 'dimittite
821 2115 857 2176 et
874 2103 1092 2176 dimittimini:
1134 2093 1161 2140 ³⁸
1174 2102 1264 2188 date,
1291 2111 1326 2172 et
1343 2101 1479 2174 dabitur
1495 2103 1609 2188 vobis,
1636 2123 1735 2176 men-

257 2242 371 2294 snram
397 2225 526 2296 bonam
553 2223 742 2294 confertam
769 2235 805 2295 et
829 2227 1036 2318 coagitatam
1062 2233 1097 2294 et
1123 2221 1421 2317 supereffluentem
1456 2221 1589 2294 dabunt
1621 2223 1654 2294 in
1687 2227 1734 2296 si-

256 2363 338 2444 num
362 2352 532 2414 vestrum:
560 2341 687 2414 eadem
714 2345 843 2438 quippe
871 2363 1033 2418 mensure
1059 2365 1128 2436 qua
1154 2344 1263 2414 mensi
1289 2342 1417 2414 fueritis
1442 2344 1643 2416 remetietur
1668 2365 1733 2418 vo⁴

255 2463 320 2534 bis.
369 2453 396 2500 ³⁰
409 2454 485 2508 (Μ)
502 2461 646 2535 Dicebat
673 2473 787 2534 autern
813 2465 876 2537 iilis
904 2477 939 2537 et
964 2465 1225 2537 similitudinem.
1268 2463 1441 2557 Numquid
1466 2473 1585 2556 potest
1610 2487 1734 2537 caecus

257 2603 399 2655 caecum
426 2579 580 2656 ducere?
607 2603 723 2654 nonne
749 2585 854 2656 ambo
881 2587 913 2656 in
941 2589 1080 2658 foveam
1107 2586 1256 2658 cadenti
1307 2571 1424 2630 ”imi
1441 2584 1518 2655 Non
1550 2593 1606 2656 est
1631 2583 1733 2657 disci-
1760 2566 1763 2576 ¹

257 2705 357 2798 pulus
383 2723 488 2797 cuper
513 2703 731 2796 magistrum:
764 2707 938 2797 perfectus
972 2716 1086 2778 autem
1120 2703 1320 2778 omniserit
1349 2705 1437 2774 sicut
1460 2705 1625 2797 magister
1650 2707 1734 2776 eius.

256 2813 280 2862 ⁸¹
296 2815 378 2872 (Μ)
396 2823 487 2909 Quid
521 2833 635 2896 autem
669 2823 769 2896 vides
801 2827 968 2899 festucam
1001 2829 1035 2898 in
1068 2827 1169 2899 oculo
1202 2825 1312 2898 fratris
1347 2823 1410 2910 tui,
1452 2821 1586 2896 trabem
1621 2835 1735 2896 autem

259 2961 350 3037 qnae
375 2944 407 3014 in
434 2943 535 3015 conio
563 2953 621 3015 tuo
648 2955 797 3017 estnon
823 2948 1050 3021 consideras?
1092 2937 1172 3018 “Et
1197 2942 1374 3040 quomodo
1392 2953 1493 3037 potes
1510 2941 1627 3018 dicere
1644 2947 1736 3018 fratri

258 3075 319 3136 tuo
345 3065 471 3148 Frater,
498 3063 571 3134 sine
599 3063 720 3136 eiciam
747 3067 914 3140 festucam
941 3069 988 3140 de
1014 3069 1115 3141 oculo
1143 3078 1213 3140 tuo:
1240 3065 1366 3160 ipsein
1394 3066 1496 3137 oculo
1515 3075 1574 3138 tuo
1601 3067 1735 3138 trabem

258 3203 329 3254 non
355 3181 502 3254 vidcns‘f
528 3183 723 3279 Hypocrita
751 3186 826 3258 eice
861 3189 1008 3282 primum
1042 3188 1176 3260 trabem
1208 3189 1254 3262 de
1280 3185 1380 3258 oculo
1407 3194 1484 3270 tuo,
1513 3195 1549 3256 et
1573 3193 1653 3257 tunc
1679 3207 1735 3257 re·

258 3303 384 3397 spicies
408 3313 447 3374 ut
470 3304 601 3377 educas
625 3307 791 3376 festucam
818 3307 864 3379 de
891 3307 991 3378 oculo
1018 3307 1129 3378 fratris
1154 3309 1211 3380 uri.
1250 3297 1365 3354 euos]
1379 3305 1457 3378 Non
1483 3315 1536 3376 est
1561 3307 1652 3378 enim
1679 3327 1736 3377 ar-

259 3424 327 3495 bor
360 3423 453 3495 bona
486 3443 577 3517 quae
606 3425 685 3496 facit
720 3427 848 3498 fructus
882 3428 1008 3512 maios,
1043 3445 1156 3522 neque
1189 3428 1294 3500 arbor
1325 3427 1415 3497 male
1440 3425 1566 3498 faciens
1591 3429 1736 3500 fructum

259 3545 399 3616 bonum.
442 3533 720 3640 “Unaquaeque
746 3547 837 3618 enim
865 3547 969 3619 arbor
994 3545 1040 3620 de
1057 3549 1167 3621 fructu
1184 3571 1249 3622 suo
1268 3547 1502 3639 cognoscitur:
1529 3539 1606 3597 <maa
1623 3569 1737 3642 neque

260 3665 350 3736 enim
376 3661 424 3736 de
441 3664 546 3759 spinis
564 3667 726 3759 colligunt
750 3666 845 3754 ficus,
872 3687 987 3760 neque
1004 3669 1050 3741 de
1067 3670 1156 3742 rubo
1173 3669 1383 3742 vindemiant
1397 3689 1514 3740 uvam.
1537 3658 1566 3706 ⁴⁵
1578 3661 1654 3716 (Μ)
1667 3671 1736 3741 Bo-

260 3805 325 3856 nus
350 3781 459 3855 bomo
485 3783 652 3858 debono
678 3787 841 3860 thesauro
868 3787 983 3860 cordis
1010 3790 1063 3860 sui
1088 3793 1220 3885 profert
1243 3791 1395 3872 bonum,
1430 3797 1466 3860 ει
1496 3789 1606 3860 maius
1632 3790 1738 3861 homo
1863 3850 1865 3863 .

260 3903 307 3978 de
323 3907 417 3976 maio
434 3906 565 3998 profert
582 3907 727 3979 melum:
746 3929 792 3980 ex
810 3907 1017 3981 abundantia
1035 3911 1126 3982 enim
1145 3911 1260 3984 cordis
1279 3930 1319 3981 os
1336 3907 1493 4003 loquitur.
1519 3899 1546 3948 ⁸⁶
1557 3902 1598 3957 (ω
1605 3879 1642 3958 ³5
1649 3911 1739 3997 Quid

262 4035 378 4118 autem
405 4025 536 4096 vocatis
552 4047 609 4098 me
626 4028 774 4101 Domine
790 4028 939 4114 domine,
967 4039 1003 4100 et
1028 4047 1096 4102 non
1113 4029 1220 4103 facitis
1246 4051 1336 4124 quae
1361 4031 1467 4103 dicei
1492 4018 1518 4067 ⁸³
1531 4019 1608 4082 Mi
1622 4032 1739 4104 Omnis

262 4146 320 4238 qni
346 4145 441 4215 veuit
465 4145 512 4217 ad
537 4158 657 4219 meet
682 4149 778 4221 audit
801 4167 983 4221 sermones
1008 4171 1109 4223 mens
1134 4163 1170 4224 et
1202 4152 1281 4224 feeit
1312 4171 1390 4236 eos,
1423 4150 1604 4222 ostendam
1638 4151 1739 4224 vobis

262 4267 317 4337 cui
343 4265 462 4336 simiiis
487 4263 538 4337 eit.
589 4257 618 4306 ‘⁸
634 4270 757 4341 Simiiis
784 4279 839 4342 est
862 4271 991 4342 homini
1018 4272 1211 4344 aedificanti
1238 4273 1398 4358 domum,
1434 4273 1492 4365 qui
1518 4271 1605 4344 fodit
1628 4273 1662 4344 in
1688 4273 1739 4344 ai-

263 4396 334 4457 tum
357 4397 397 4458 ἐι
421 4387 538 4481 potuit
559 4389 779 4463 fundamenta
811 4409 916 4485 supra
948 4401 1100 4486 petram;
1137 4391 1358 4467 inundatione
1393 4403 1508 4464 autem
1542 4395 1630 4465 facta
1663 4395 1738 4465 inii·
1768 4405 1770 4413 ’

262 4525 339 4579 sum
365 4518 422 4579 εει
446 4508 572 4580 fiumen
598 4511 717 4584 domui
742 4513 796 4596 itti,
825 4521 860 4583 ει
884 4531 954 4583 non
980 4514 1092 4607 potuit
1116 4533 1192 4585 eam
1211 4535 1373 4585 movere:
1401 4515 1540 4586 fundata
1558 4514 1647 4585 enim
1666 4523 1741 4584 erat

262 4647 368 4722 supra
395 4625 539 4722 p'etram.
589 4627 617 4678 ⁴⁹
635 4631 699 4717 Oui
726 4641 840 4705 autem
869 4633 1000 4704 audivit
1025 4643 1061 4704 et
1084 4655 1154 4705 non
1181 4635 1268 4719 iecit,
1297 4631 1414 4705 similis
1441 4645 1496 4708 εει
1524 4633 1650 4706 bomini
1676 4655 1738 4704 ae·

262 4745 411 4821 dificanti
437 4750 578 4823 domum
604 4773 701 4824 suam
728 4773 833 4846 supra
859 4762 986 4824 terram
1013 4755 1087 4825 siue
1113 4753 1349 4839 fundamento,
1384 4755 1417 4825 in
1451 4777 1519 4849 qua
1544 4755 1660 4827 infisus
1687 4765 1741 4827 est

262 4869 399 4956 fluvius,
428 4883 463 4944 et
488 4873 648 4946 continuo
676 4873 813 4958 cecidit,
843 4882 878 4944 et
902 4875 990 4946 fecta
1017 4885 1072 4946 εει
1097 4873 1193 4946 ruina
1220 4869 1346 4947 domus
1372 4875 1458 4948 iilius
1485 4895 1618 4970 magna.

855 4994 905 5078 vr,
935 4997 982 5064 30
1011 5033 1059 5048 -
1088 4993 1145 5064 ιε.
