4242 6118
353 351 425 424 434
782 349 1028 416 baldemum
1052 349 1256 414 SECUNDUM
1282 345 1409 414 Luulrr

302 523 307 536 ⁶
349 558 477 630 domus
517 545 689 628 orationis
726 563 796 626 est:
850 573 916 624 vos
959 563 1075 626 autem
1116 551 1244 626 lecistis
1270 551 1377 624 iilam
1419 554 1635 648 speluncam,
1663 551 1844 624 latronum.

348 664 375 712 ‘⁷
388 665 479 722 (Μ)
493 673 536 744 lit
562 681 637 746 erat
671 673 804 746 doceas
840 671 966 744 cotidie
998 673 1032 746 in
1065 673 1206 766 templo.
1258 671 1434 766 Principes
1470 684 1586 746 autem
1619 669 1844 744 sacerdotum

350 803 386 866 et
412 794 548 866 scribae
566 803 602 866 et
618 793 793 888 principes
811 792 925 886 plebis
942 791 1156 886 quaerebant
1173 792 1267 864 illum
1285 793 1453 886 perdere,
1498 783 1524 832 ⁸⁸
1538 803 1574 864 et
1599 813 1671 865 nou
1688 791 1844 863 invenie-

352 915 437 986 bant
463 913 560 1008 quod
586 913 739 984 lacerent
765 911 827 982 illi:
857 912 969 985 omnis
996 911 1088 982 enim
1106 911 1256 1006 populus
1274 932 1465 1006 suspensus
1483 919 1558 984 erat
1576 910 1725 984 audiens
1743 910 1844 982 illum.

1057 1183 1128 1252 XX.

428 1379 542 1436 'W’
559 1389 602 1461 Et
627 1390 754 1460 lactum
782 1388 896 1459 estin
929 1407 996 1458 una
1031 1385 1166 1458 dierum
1193 1386 1343 1460 docente
1374 1389 1432 1460 illo
1459 1387 1627 1482 populum
1652 1387 1843 1483 intemplo

353 1519 389 1579 et
414 1509 676 1601 evangelizante
710 1514 947 1579 convenerunt
980 1504 1154 1599 principes
1191 1505 1414 1578 sacerdotum
1448 1515 1484 1578 et
1514 1505 1652 1579 scribae
1678 1527 1757 1579 cum
1784 1528 1843 1579 se-

353 1628 528 1712 nioribus,
571 1621 635 1698 *et
661 1626 754 1698 aiunt
780 1625 937 1698 dicentes
964 1623 1010 1698 ad
1036 1624 1130 1696 illum
1156 1623 1219 1696 Dio
1245 1623 1363 1710 nobis,
1398 1626 1432 1697 in
1459 1645 1528 1718 qua
1553 1633 1729 1718 potestate
1754 1626 1844 1698 baec

353 1747 449 1832 lacis,
477 1755 536 1820 aut
562 1745 639 1838 quis
665 1755 720 1818 est
746 1746 803 1838 qui
831 1743 928 1817 dedit
954 1743 1014 1814 tibi
1040 1742 1130 1816 banc
1156 1747 1398 1836 potestatem?
1440 1737 1700 1838 ⁸1tespondens
1726 1755 1843 1818 autem

353 1865 442 1938 dixit
467 1865 514 1938 ad
540 1865 617 1936 illos
643 1864 871 1956 interrogabo
897 1883 964 1935 vos
997 1871 1033 1934 et
1059 1883 1128 1954 ego
1164 1883 1268 1934 unum
1302 1863 1468 1950 verbum,
1503 1862 1718 1956 respondete
1743 1865 1842 1936 mibi:

352 1975 588 2078 ‘baptismum
617 1982 776 2054 lobannis
802 1983 849 2054 de
882 1981 980 2054 caelo
1007 1989 1083 2052 erat
1117 1999 1162 2052 an
1194 2001 1241 2054 ex
1273 1981 1496 2054 bominibus?
1539 1974 1612 2053 ⁵rlt
1636 1983 1683 2053 illi
1710 1983 1844 2075 cagia

352 2104 438 2175 bant
463 2103 551 2174 inter
578 2121 619 2171 se
644 2100 800 2173 dioeuoes
828 2102 906 2194 quia
935 2101 965 2170 si
990 2099 1182 2171 dixerimus
1206 2099 1261 2172 De
1287 2101 1397 2186 caelo,
1424 2100 1518 2173 dicet
1536 2101 1652 2185 Quare
1671 2119 1757 2194 ergo
1774 2123 1845 2172 non

355 2217 552 2290 credidistis
578 2219 640 2290 ei‘l
678 2209 739 2292 “si
766 2227 881 2292 autem
907 2218 1099 2292 dixerimus
1124 2217 1179 2290 Ex
1206 2219 1412 2305 hominibus,
1437 2219 1539 2313 plebs
1566 2219 1729 2292 universa
1755 2219 1844 2312 lapi-

356 2338 453 2410 dabit
477 2358 559 2409 nos:
587 2339 673 2410 certi
699 2347 779 2410 sunt
805 2340 896 2410 enim
922 2336 1099 2409 lobanuen
1124 2338 1332 2431 prophetam
1360 2359 1451 2412 esse.
1503 2331 1572 2411 7lit
1589 2337 1845 2433 responderunt

355 2479 394 2529 se
420 2457 555 2528 nescire
583 2441 675 2530 udde
702 2467 807 2530 esset.
860 2447 1054 2530 ⁸Et1esus
1080 2457 1128 2528 ait
1153 2457 1217 2530 illis
1243 2457 1365 2552 Neque
1391 2477 1461 2552 ego
1487 2455 1568 2530 dico
1586 2457 1689 2530 vobis
1715 2457 1750 2528 in
1776 2479 1845 2551 qua

355 2585 528 2669 potestate
554 2575 642 2648 baec
667 2577 768 2650 lacio.
819 2564 936 2622 ”ml
951 2575 1073 2670 Coepit
1098 2585 1213 2648 autern
1247 2576 1366 2650 dicere
1401 2577 1447 2650 ad
1473 2575 1614 2671 plebem
1640 2576 1844 2670 parabolam

355 2695 453 2766 hanc.
493 2694 606 2766 Homo
639 2694 805 2788 plantavit
834 2694 972 2766 vineam
1005 2703 1041 2766 et
1075 2694 1203 2766 locavit
1234 2715 1313 2768 eam
1346 2695 1498 2782 colonis,
1525 2706 1561 2768 et
1591 2697 1668 2792 ipse
1694 2715 1844 2789 peregre

355 2815 417 2884 luit
454 2813 568 2886 multis
604 2813 829 2907 temporibus.
882 2803 963 2885 ⁴⁰Et
1002 2813 1037 2884 in
1070 2821 1231 2906 tempore
1266 2814 1357 2886 misit
1389 2813 1436 2887 ad
1463 2815 1614 2888 cultores
1640 2831 1782 2887 servum
1809 2825 1845 2886 ut

356 2932 539 3004 defructu
565 2930 925 3004 vineaedarentilli:
957 2931 1016 3024 qui
1043 2951 1184 3003 caesum
1220 2931 1422 3006 dimiserunt
1454 2909 1535 3007 eum
1561 2933 1707 3005 inanem
1761 2927 1784 2970 ⁴¹
1803 2935 1845 3006 Et

275 3035 281 3040 ’
357 3049 489 3124 addidit
523 3050 666 3122 alterum
698 3069 839 3122 servum
874 3051 1027 3124 mittere:
1061 3051 1107 3122 illi
1137 3059 1254 3123 autem
1287 3051 1378 3124 bunc
1413 3073 1554 3146 quoque
1588 3052 1777 3126 caedentes
1810 3063 1846 3124 et

356 3168 546 3242 afficientes
573 3170 779 3242 contumelia
805 3168 1008 3242 dimiserrmt
1033 3169 1181 3242 inanem.
1234 3163 1261 3208 ¹¹
1276 3170 1320 3242 Et
1352 3170 1487 3244 addidit
1520 3171 1659 3244 tertium
1691 3171 1844 3243 mittere:

357 3289 413 3380 qui
441 3297 477 3360 et
501 3289 594 3360 illum
620 3289 842 3360 urlnerantes
869 3302 1042 3360 eeoerunt.
1095 3281 1121 3326 ⁴³
1136 3289 1230 3360 Dixit
1263 3298 1378 3362 autem
1412 3289 1573 3363 domiuus
1600 3288 1725 3361 vineae
1753 3289 1845 3375 Quid

356 3407 507 3479 laciam‘l
533 3407 666 3480 mittam
693 3407 797 3480 filiurn
824 3428 940 3479 meum
967 3405 1146 3480 dilectum:
1174 3407 1316 3480 forsitan
1342 3429 1420 3480 cum
1447 3409 1539 3480 bunc
1564 3405 1714 3481 viderint
1739 3429 1844 3481 vere-

356 3526 491 3599 buntur.
544 3517 570 3564 ¹⁶
588 3527 700 3612 Quem
735 3547 814 3600 eum
847 3523 1018 3598 vidissent
1051 3527 1175 3612 coloni,
1203 3525 1442 3619 cogitaverunt
1475 3526 1510 3598 in
1535 3545 1575 3597 se
1602 3525 1757 3598 deonas
1784 3527 1846 3599 ilic

357 3656 414 3717 est
439 3646 562 3718 heres:
590 3644 791 3718 occidamus
817 3645 920 3729 illum,
947 3653 984 3715 ut
1009 3655 1130 3718 nostra
1155 3644 1215 3718 liat
1240 3644 1427 3718 hereditas.
1477 3637 1558 3716 *lut
1578 3645 1727 3718 eiectum
1753 3646 1845 3718 illum

358 3773 459 3836 extra
483 3765 620 3836 vineam
647 3764 858 3838 occiderunt.
912 3762 1003 3848 Quid
1029 3785 1116 3858 ergo
1144 3764 1247 3837 laciot
1271 3764 1337 3836 illis
1363 3763 1525 3836 dominus
1542 3765 1693 3836 vineae?
1737 3756 1845 3837 ¹⁶Ve-

358 3883 490 3954 niet‘et
514 3883 639 3976 perdet
665 3883 811 3956 colonos
837 3882 933 3968 istos,
959 3891 996 3954 et
1021 3881 1118 3954 dabit
1143 3882 1282 3954 vineam
1309 3882 1392 3954 aliis.
1438 3884 1516 3969 Quo
1540 3882 1658 3957 audito
1685 3883 1847 3960 dixerrmt

359 4001 404 4072 illi
431 3999 541 4072 Absit.
593 3992 619 4038 ’Ὗ
636 4001 695 4072 Ille
722 4010 837 4073 autem
865 4001 1038 4094 aspicieus
1064 4023 1128 4074 eos
1155 4002 1202 4073 ait
1228 4001 1320 4086 Quid
1347 4011 1402 4073 est
1427 4021 1514 4094 ergo
1541 4001 1610 4076 boc
1636 4002 1733 4096 quod
1759 4003 1846 4074 scri-

359 4128 455 4212 ptum
490 4128 546 4192 est
578 4119 745 4212 Lapidem
783 4139 887 4210 quem
920 4119 1198 4214 reprobaverunt
1230 4119 1469 4206 aedificantes,
1502 4121 1559 4192 bie
1591 4123 1702 4194 lactus
1733 4130 1788 4195 est
1813 4121 1847 4192 in

359 4248 464 4334 caput
490 4238 631 4330 anguli‘l
675 4229 701 4275 ¹⁸
718 4237 837 4310 Omnis
870 4239 928 4331 qui
955 4239 1120 4312 ceciderit
1154 4259 1261 4332 supra
1292 4240 1386 4311 iilum
1411 4239 1563 4333 lapidem
1596 4241 1846 4333 conquassabi-

360 4369 430 4430 tur:
458 4379 564 4451 supra
590 4378 694 4450 quem
728 4365 842 4430 autern
877 4357 1055 4444 ceciderit,
1083 4359 1293 4430 comminuet
1324 4357 1427 4430 illum.
1480 4351 1507 4396 ¹⁹
1524 4347 1611 4404 ‘ml
1628 4360 1671 4431 Et
1697 4381 1846 4452 quaere·

238 4547 242 4555 .
360 4479 443 4552 bant
468 4477 643 4570 principes
669 4473 891 4548 sacerdotum
918 4483 954 4548 et
980 4478 1117 4550 scribae
1152 4477 1287 4550 mittere
1322 4479 1356 4549 in
1389 4477 1482 4549 illum
1516 4499 1639 4551 manus
1666 4478 1723 4550 illa
1749 4479 1846 4564 bora,

360 4607 396 4668 et
422 4597 607 4668 timuerunt
632 4596 813 4689 poprdum:
842 4606 1081 4688 coguoverunt
1107 4597 1199 4668 enim
1226 4596 1322 4689 quod
1348 4595 1395 4668 ad
1421 4597 1518 4691 ipsos
1545 4595 1673 4670 dixerit
1690 4595 1846 4668 similitu·
1897 4591 1899 4594 ’

359 4717 477 4788 dinem
503 4715 614 4786 istam.
667 4705 792 4812 ”W
806 4713 848 4785 Et
874 4714 1104 4787 observantes
1138 4715 1305 4786 miserunt
1333 4714 1554 4788 insidiatores
1587 4716 1712 4810 quise
1739 4714 1848 4787 iustos

359 4835 569 4917 simularent,
597 4841 634 4904 ut
659 4841 824 4926 caperent
849 4854 930 4906 eum
956 4835 990 4905 in
1017 4853 1178 4906 sermone
1204 4843 1240 4905 et
1266 4832 1443 4906 traderent
1466 4835 1560 4906 illum
1584 4835 1788 4929 principatui
1814 4843 1848 4904 et
1918 4843 1923 4848 '

360 4952 525 5048 potestati
552 4951 732 5046 praesidis.
785 4945 808 4990 ²¹
827 4953 869 5024 Et
895 4953 1193 5046 interrogaverunt
1219 4953 1312 5024 illum
1339 4951 1494 5026 dicentes
1519 4953 1693 5048 Magister,
1720 4953 1848 5025 scimus

359 5072 442 5162 quia
468 5080 564 5144 recte
591 5071 676 5143 dicis
704 5082 739 5144 et
765 5071 874 5144 doces
902 5081 937 5142 et
962 5093 1033 5144 non
1059 5071 1189 5166 accipis
1214 5093 1412 5166 personam,
1441 5073 1558 5150 sedin
1584 5073 1730 5146 veritate
1755 5071 1849 5144 viam

301 5173 317 5194 ‘
415 5177 418 5186 '
889 5191 973 5275 xrx,
1003 5184 1050 5263 rt
1081 5229 1126 5246 -
1154 5190 1224 5273 xx,
1252 5193 1311 5264 ar.
