4254 6130
686 369 928 436 stenensium
954 373 1156 438 SECUNDUM
1183 366 1384 431 lentunen
1706 369 1771 448 i7i

279 569 305 618 ”
318 577 512 648 (dilexerunt
530 572 623 644 enim
642 574 787 664 gloriam
805 573 983 646 hominurn
1002 578 1113 671 magis
1136 595 1242 669 quum
1261 557 1498 664 gloriemdci.
1541 565 1567 614 ‘⁴
1580 570 1669 627 (”’·’·)
1680 581 1778 654 Iesus

281 711 396 772 numm
423 693 585 768 clamauit
611 702 646 763 et
672 693 761 766 dixit
787 694 851 780 Qui
880 693 991 767 credit
1016 697 1050 768 in
1076 717 1143 782 me,
1170 713 1242 765 non
1269 692 1386 765 credit
1411 695 1444 766 in
1470 719 1527 767 me
1553 697 1619 770 sed
1645 701 1776 774 incum
1818 759 1824 776 .

280 820 337 912 qui
364 818 453 890 misit
478 836 553 898 me,
597 800 672 882 ⁴5et
699 815 757 906 qui
783 812 879 886 videt
904 835 971 900 me,
998 815 1094 888 videt
1111 837 1193 887 eum
1220 815 1280 907 qui
1308 815 1399 886 misit
1424 838 1489 887 me.
1533 807 1672 868 ”’””’·’
1699 823 1775 916 Ego

279 942 339 1012 lux
366 939 399 1008 in
425 935 555 1008 mundo
583 931 676 1016 veni,
704 943 743 1004 ut
770 933 882 1004 omnis
909 933 966 1026 qui
994 937 1103 1008 credit
1129 937 1164 1006 in
1191 957 1249 1006 me
1282 934 1316 1004 in
1352 937 1502 1008 tenebris
1529 959 1599 1008 non
1624 951 1796 1014 manent.⁴

280 1048 306 1096 ⁴⁷
324 1060 365 1129 Et
390 1058 419 1130 si
445 1057 520 1150 quis
547 1051 693 1126 audierit
719 1053 832 1124 verba
857 1073 938 1125 rnea
965 1066 1001 1128 et.
1026 1079 1096 1128 non
1123 1053 1336 1140 custodierit
1363 1077 1431 1148 ego
1458 1077 1527 1128 non
1541 1057 1658 1132 'iudico
1677 1083 1773 1133 eum:

157 1165 161 1175 s
282 1178 465 1256 nonenim
491 1171 812 1248 veniutiudicem
839 1174 1021 1262 mundum,
1056 1177 1121 1249 sed
1157 1185 1194 1246 ut
1220 1174 1407 1246 salvificem
1441 1177 1614 1250 mundum.
1666 1171 1693 1217 ⁴⁸
1707 1181 1774 1268 Qui

283 1301 413 1396 spernit
444 1319 501 1370 me
535 1305 571 1368 et
602 1313 672 1366 non
709 1293 836 1387 accipit
867 1294 978 1368 verba
1014 1319 1111 1382 mee,
1149 1295 1257 1366 habet
1288 1295 1345 1388 qui
1379 1296 1506 1370 iudicet
1532 1321 1627 1372 eum:
1655 1323 1773 1374 sermo

283 1443 385 1514 quem
412 1421 543 1491 tocnuns
570 1437 656 1499 sum,
684 1414 741 1485 ille
767 1414 935 1486 indicabit
961 1437 1041 1490 eum
1069 1419 1103 1489 in
1130 1414 1321 1488 novissimo
1348 1417 1414 1489 die.
1468 1408 1494 1454 ‘⁹
1511 1420 1599 1505 Quia
1626 1441 1694 1514 ego
1722 1433 1774 1494 ex'

283 1541 444 1634 meipso
470 1559 539 1609 non
566 1559 640 1608 sum
668 1536 815 1621 locutus,
844 1533 909 1608 sed
935 1538 994 1628 qui
1021 1537 1114 1610 misit
1141 1555 1199 1606 me
1227 1544 1333 1629 poter,
1361 1538 1436 1631 ipse
1464 1539 1543 1610 mihi
1571 1541 1768 1616 mandatum

235 1753 237 1758 Ι
283 1659 380 1733 dedit
407 1658 489 1752 quid
516 1657 629 1729 dicem
663 1665 699 1727 et
733 1656 818 1749 quid
850 1657 982 1750 loquer.
1034 1648 1062 1694 ⁵⁰
1079 1656 1121 1726 Et
1155 1655 1228 1728 scio
1264 1657 1342 1750 quiin
1370 1659 1567 1730 mandatum
1595 1662 1670 1734 eius
1697 1664 1767 1736 vitu

285 1789 424 1852 aeterne
451 1787 511 1852 est.
566 1777 663 1862 Quae
690 1797 778 1868 ergo
805 1797 874 1868 ego
900 1777 1034 1870 loquor,
1064 1775 1151 1848 sicut
1178 1775 1264 1850 dixit
1290 1777 1369 1849 mihi
1395 1787 1503 1872 pater,
1531 1780 1580 1852 sio
1607 1783 1739 1876 loquor.

988 2053 1067 2123 xltl.

270 2311 273 2323 .
362 2255 479 2332 ¹Ante
505 2259 598 2332 diem
625 2267 739 2332 autom
767 2261 890 2332 testum
918 2259 1073 2354 paschae
1108 2260 1223 2334 sciens
1255 2261 1350 2334 lesus
1383 2264 1463 2356 qnia
1493 2265 1585 2336 venit
1617 2263 1703 2338 horu
1731 2279 1770 2338 nt·

286 2391 439 2454 transeat
465 2401 518 2452 ex
552 2379 621 2450 hoc
653 2379 782 2451 mundo
817 2379 863 2452 ed
896 2390 1046 2474 putrem,
1084 2403 1163 2454 cum
1195 2381 1372 2456 dilexisset
1406 2405 1490 2455 suos
1522 2387 1580 2479 qui
1607 2398 1705 2460 crant
1731 2390 1769 2462 in·

286 2501 425 2588 mundo,
452 2501 486 2572 in
512 2499 615 2572 finem
648 2499 767 2573 dilexit
801 2521 873 2572 eos.
927 2490 1041 2548 ”””’·)
1059 2501 1102 2572 Ει
1134 2523 1221 2574 cene
1254 2504 1358 2590 scote,
1394 2526 1471 2576 cum
1505 2505 1664 2579 diabolus
1697 2509 1769 2580 iam·

285 2623 437 2696 misisset
461 2622 495 2692 in
521 2618 629 2694 corde
654 2629 692 2692 ut
716 2620 869 2692 truderet
895 2641 975 2692 eum
1001 2621 1103 2694 ludas
1129 2622 1277 2695 Simonis
1296 2624 1473 2708 Scariotis,
1517 2617 1632 2674 ³⁰⁰³)
1650 2604 1764 2700 sciens

286 2745 364 2837 quie
392 2743 506 2846 omnia
533 2739 630 2814 dedit
655 2741 687 2812 ei
712 2751 811 2834 pater
837 2741 871 2812 in
898 2761 1036 2825 munus,
1081 2734 1235 2815 (¹⁴⁶=⁴⁰·)et
1267 2745 1346 2838 quia
1373 2768 1394 2817 a
1428 2744 1498 2817 deo
1525 2745 1632 2818 exivit
1657 2749 1765 2820 etad

286 2841 390 2936 deum
416 2861 528 2948 vadit,
580 2851 714 2955 ‘surgit
739 2884 760 2933 a
789 2882 876 2934 cene
903 2872 939 2932 et
964 2862 1061 2954 ponit
1087 2862 1289 2936 vestimenta
1316 2885 1386 2949 sua,
1415 2874 1450 2935 et
1475 2887 1553 2936 curn
1572 2869 1765 2966 accepisset

285 2985 422 3056 linteum
449 2981 641 3076 praecinxit
666 3001 722 3066 se,
766 2974 921 3054 ⁵deinde
948 2980 1048 3052 mittit
1073 3003 1199 3076 aquom
1226 2984 1261 3055 in
1286 2985 1433 3077 pelvem,
1461 2995 1496 3056 et
1512 2985 1627 3080 coepit
1643 2989 1763 3061 lavare

287 3103 398 3197 pedes
430 3103 675 3196 discipulorum
712 3111 748 3174 et
781 3117 965 3194 extergere
997 3101 1100 3173 linteo
1135 3125 1205 3197 quo
1248 3114 1323 3176 erut
1356 3095 1581 3198 pruscinctus.
1633 3099 1763 3180 ⁶Venit

288 3245 373 3316 ergo
400 3223 445 3295 ed
472 3223 646 3295 Simonem
672 3221 825 3294 Petrum:
854 3231 889 3294 et
915 3221 997 3294 dicit
1021 3221 1054 3294 ei
1080 3223 1202 3296 Petrus
1228 3225 1384 3309 Domine,
1413 3234 1448 3296 tu
1475 3225 1556 3296 mihi
1581 3227 1677 3300 lavas
1694 3249 1760 3324 pe·

288 3343 377 3416 des?
420 3336 639 3436 qRespondit
670 3343 766 3416 lesus
799 3353 834 3414 et
866 3341 949 3414 dicit
980 3343 1012 3414 ei
1048 3343 1152 3430 Quod
1190 3365 1258 3438 ego
1289 3344 1376 3416 iccio
1419 3355 1453 3416 tu
1491 3347 1604 3418 nescis
1642 3349 1759 3434 modo,

288 3464 377 3536 scies
405 3471 518 3536 cutem
545 3472 679 3556 postes.
731 3455 848 3534 ⁸1ticit
873 3463 905 3532 ci
932 3463 1052 3534 Petrus
1077 3463 1154 3536 Non
1180 3464 1311 3536 lavabis
1337 3464 1416 3534 mihi
1443 3464 1554 3558 pedes
1586 3467 1619 3538 in
1645 3478 1760 3540 aeter-

287 3607 377 3656 num.
421 3583 612 3677 Respondit
637 3585 734 3656 lesus
761 3583 792 3654 ei
819 3583 854 3653 Si
879 3605 949 3654 non
974 3583 1094 3656 levero
1127 3593 1170 3671 tc,
1197 3605 1267 3656 non
1301 3583 1411 3656 hebes
1445 3595 1579 3678 partem
1612 3607 1758 3658 mecum.
1806 3585 1809 3593 '

286 3697 398 3776 ⁹Dicit
423 3703 455 3776 ei
481 3704 598 3776 Simon
625 3703 747 3775 Petrus
772 3703 927 3790 Domine,
955 3723 1025 3774 non
1050 3711 1180 3774 tantum
1215 3702 1327 3798 pedes
1359 3723 1457 3774 meos
1485 3705 1548 3776 sed
1575 3714 1610 3778 et
1636 3727 1758 3788 munus

287 3836 323 3896 et
348 3835 459 3920 ceput.
512 3816 538 3862 ⁴⁰
554 3824 641 3896 Dicit
666 3825 698 3895 ei
724 3825 820 3894 lesus
847 3823 914 3910 Qui
939 3825 1030 3896 lotus
1057 3833 1123 3910 est,
1158 3845 1227 3896 non
1261 3823 1391 3916 indiget
1420 3823 1484 3894 nisi
1509 3834 1546 3895 ut
1570 3827 1681 3920 pedes
1707 3828 1759 3898 la·
1798 3813 1800 3818 ¹

286 3953 353 4032 vet,
381 3945 447 4018 sed
472 3955 525 4015 est
542 3945 689 4018 mundus
711 3953 817 4016 totns:
846 3953 881 4016 et
908 3964 972 4015 vos
999 3943 1116 4016 mundi
1134 3945 1227 4030 estis,
1255 3943 1407 4016 sednon
1426 3964 1558 4016 omnes.
1586 3938 1608 3982 ”
1622 3947 1759 4020 Sciebat

286 4066 376 4138 enim
403 4065 561 4159 quisnam
588 4074 686 4138 esset
712 4065 769 4159 qui
796 4063 951 4138 traderet
976 4087 1073 4136 eum:
1107 4073 1294 4160 propterea
1320 4063 1406 4136 dixit
1429 4064 1507 4136 Non
1533 4065 1615 4138 estis
1642 4065 1758 4142 mundi

287 4205 420 4258 omncs.
472 4176 499 4222 ⁴¹
515 4185 702 4280 Postquam
729 4207 815 4280 ergo
841 4185 923 4256 lavit
947 4184 1059 4278 pedes
1087 4207 1208 4257 eorum
1236 4195 1271 4258 et
1296 4183 1431 4278 accepit
1455 4185 1660 4260 vestimenta
1686 4199 1787 4273 sues

287 4327 364 4377 cum
391 4305 604 4378 recubuisset
630 4307 761 4392 iterum,
788 4305 875 4378 dixit
901 4305 951 4377 eis
979 4305 1077 4377 Scitis
1103 4304 1186 4398 quid
1211 4305 1350 4378 fecerim
1376 4305 1502 4376 vobis?
1545 4297 1570 4342 '³
1584 4297 1673 4354 ””’·)
1686 4309 1756 4380 Vos

286 4425 418 4496 vocetis
444 4447 500 4497 me
525 4426 687 4520 Megisten
712 4436 748 4498 et
773 4424 922 4512 domine,
950 4434 986 4498 et
1010 4426 1102 4497 benc
1127 4424 1255 4496 dicitis:
1284 4447 1360 4496 sum
1387 4425 1522 4497 etenim.
1563 4414 1705 4473 ””””’·)
1722 4427 1757 4498 Si

286 4566 373 4638 ergo
400 4567 467 4639 ego
494 4545 699 4640 loripedes
727 4555 863 4618 vestros
889 4547 1049 4620 dominus
1077 4555 1112 4617 ct
1138 4546 1323 4639 magister,
1358 4561 1393 4618 et
1419 4567 1484 4618 vos
1510 4545 1646 4618 debetis
1673 4547 1757 4618 aiter

285 4665 424 4738 alterius
449 4667 566 4738 lavare
591 4667 719 4760 pedes:
763 4657 790 4701 ⁴⁶
806 4667 1003 4761 exemplum
1030 4665 1121 4736 enim
1147 4665 1229 4738 dedi
1255 4666 1373 4752 vobis,
1399 4675 1436 4738 ut
1462 4665 1756 4758 quemadmodum

286 4807 355 4878 ego
379 4785 444 4856 ieci
470 4786 570 4858 vobis
597 4787 644 4860 ito
670 4797 706 4860 et
721 4807 795 4859 *vos
821 4786 963 4859 iacietis.
1017 4776 1043 4821 ”
1056 4776 1143 4832 ‘md’
1157 4781 1268 4856 Amen
1303 4807 1403 4858 amen
1434 4785 1512 4856 dico
1538 4785 1655 4872 vobis,
1679 4807 1757 4858 non

286 4914 488 4976 estservus
516 4907 625 4978 maior
652 4905 792 4978 domino
820 4927 894 4991 suo,
922 4926 1034 4998 neque
1061 4906 1240 4998 apostolus
1258 4905 1367 4978 maior
1393 4925 1437 4977 eo
1465 4905 1522 4998 qui
1540 4904 1630 4978 misit
1654 4905 1755 4978 illum.

285 5018 311 5062 ”
323 5025 358 5096 Si
384 5025 472 5097 hoec
487 5081 492 5094 .
505 5027 616 5113 scitis,
649 5027 742 5100 beuti
776 5024 869 5097 eritis
901 5025 929 5096 si
961 5025 1111 5098 feceritis
1139 5047 1197 5096 ee.
1251 5015 1390 5102 ””””’·’
1411 5025 1487 5098 Non
1520 5026 1566 5099 de
1599 5026 1756 5098 omnibus

286 5147 387 5218 vohis
413 5145 509 5220 dico:
547 5169 616 5242 ego
653 5147 724 5220 scio
758 5167 846 5240 quos
880 5146 1062 5238 elegerim,
1106 5144 1170 5217 scd
1207 5155 1244 5217 ιιι
1264 5145 1457 5239 impleatur
1474 5147 1657 5241 ‚scriptura
1690 5146 1755 5232 Qui

816 5265 882 5352 ΧΠ,
911 5264 957 5336 id
986 5305 1036 5318 -
1061 5265 1139 5350 xiil,
1170 5269 1225 5338 ι’8.

1369 5389 1453 5461 tt*
