4146 6120
810 339 991 426 srrsrunn
1017 361 1142 428 ucoru
1647 357 1721 436 ott
1761 381 1764 390 ¹

726 465 1013 476 -.-.—.—-.----m-
1033 467 1189 476 -σ-ι--α-ι-ι-
1206 467 1375 475 ω-ῌ-...ω

235 563 413 642 auditores
440 575 571 638 tantum
599 561 755 636 fallentes
781 561 919 638 uosmet
945 567 1051 667 ipsos.
1095 556 1122 602 ’Β
1139 567 1227 651 Quia
1255 568 1283 637 si
1302 567 1377 660 quis
1396 565 1532 640 auditor
1551 559 1606 639 est
1623 569 1722 642 uerbi

234 698 270 760 et
295 709 364 758 non
391 688 508 770 tactor,
536 685 591 756 hic
617 685 861 778 conparabitur
886 686 962 758 viro
991 684 1223 756 consideranti
1255 688 1385 758 vultum
1417 683 1602 760 nativitatis
1637 709 1720 760 suae

233 807 266 876 in
293 807 452 900 speculo:
495 793 523 842 ²*
540 805 773 901 consideravit
799 805 889 875 enim
917 827 956 875 se
984 815 1020 875 et
1047 803 1131 876 'abiit
1157 814 1193 874 et
1225 806 1338 876 statim
1373 806 1498 876 oblitus
1531 815 1585 876 est
1611 809 1720 898 qualis

162 955 168 964 ·
233 921 342 994 tuerit.
394 915 422 960 ⁹⁵
440 923 505 1008 Qui
532 933 647 996 autem
674 919 893 1016 perspexerit
918 924 952 993 in
977 926 1056 1015 lege
1082 925 1238 1016 perlecta
1263 924 1428 995 libertatis
1455 934 1491 994 et
1514 926 1720 1016 permanse-

233 1043 276 1112 rit
301 1042 335 1111 iu
362 1062 414 1126 ea,
442 1063 511 1113 non
538 1043 675 1114 auditor
701 1042 891 1113 obliviosus
918 1044 1028 1114 tactus
1055 1038 1118 1114 s'ed
1147 1043 1256 1114 lactor
1290 1042 1422 1136 operiS,
1455 1041 1511 1112 hic
1537 1039 1660 1115 beatus
1687 1047 1721 1115 in

234 1159 324 1232 iacto
351 1183 415 1232 suo
443 1161 515 1232 erit.
567 1152 640 1208 Ml
660 1163 695 1232 Si
723 1163 799 1254 quis
827 1171 942 1232 autem
962 1152 1065 1252 'putat
1092 1182 1132 1231 se
1159 1162 1357 1253 religiosum
1392 1161 1486 1244 esse,
1513 1181 1582 1231 non
1610 1157 1720 1233 retre-

233 1302 321 1351 nans
354 1280 506 1372 linguam
539 1301 638 1352 suern
674 1282 737 1353 sed
772 1280 945 1351 seducens
980 1300 1041 1351 oor
1073 1303 1188 1365 suurn,
1229 1281 1330 1352 huius
1369 1301 1459 1350 vana
1501 1289 1554 1350 est
1588 1281 1721 1373 religio.

232 1393 259 1436 Ἢ
276 1399 409 1491 Religio
442 1408 557 1470 autem
592 1399 721 1471 munda
757 1409 792 1470 et
822 1398 1026 1469 inmaculata
1059 1399 1152 1493 apud
1189 1395 1291 1470 deum
1320 1410 1356 1469 et
1381 1406 1514 1491 patrem
1542 1398 1630 1469 haec
1657 1399 1720 1484 est,

234 1519 374 1589 visitare
401 1519 549 1612 pupillos
577 1527 613 1588 et
638 1519 761 1590 viduas
789 1519 822 1589 in
849 1517 1067 1590 tribulatione
1096 1539 1233 1602 eorum,
1262 1526 1298 1588 et
1322 1513 1564 1588 inmaculatum
1592 1537 1632 1587 se
1659 1539 1720 1588 cu-

233 1637 365 1708 stodire
392 1637 437 1708 ab
464 1638 533 1709 hoc
558 1639 709 1710 saeculo.

960 1913 995 1985 ll.

311 2106 371 2162 “⁰¹
386 2117 524 2188 Fratres
552 2117 629 2202 mei,
657 2117 762 2188 nolite
789 2117 823 2186 in
849 2137 1077 2210 personarum
1113 2118 1315 2209 acceptione
1348 2118 1479 2188 habere
1514 2115 1619 2189 fidem
1653 2117 1721 2189 do-

232 2237 313 2306 mini
338 2238 445 2307 nostri
471 2238 549 2308 lesu
576 2235 700 2306 Christi
726 2236 868 2327 gloriae.
912 2231 1075 2308 'Etenim
1103 2237 1132 2306 si
1159 2236 1325 2307 introierit
1352 2237 1385 2307 in
1412 2247 1585 2308 conventu
1601 2247 1721 2308 vestro

231 2357 284 2426 vir
311 2345 454 2426 aurebm
481 2355 620 2426 anulum
649 2354 782 2432 habens
808 2355 843 2425 in
869 2365 970 2428 veste
997 2355 1156 2439 candida,
1185 2355 1352 2425 introierit
1378 2365 1492 2426 autem
1526 2365 1561 2426 et
1588 2376 1722 2450 pauper

230 2475 265 2544 in
292 2474 437 2548 sordido
464 2473 601 2556 habitu,
646 2465 710 2543 ³et
735 2472 920 2545 intendatis
955 2477 989 2546 in
1016 2477 1101 2546 ¹eum
1117 2475 1187 2565 'qui
1221 2473 1360 2545 indutus
1384 2483 1447 2544 est
1478 2485 1579 2545 veste
1614 2497 1720 2568 prae-

230 2595 322 2665 clara
356 2605 391 2665 et
422 2592 578 2664 dixeritis
612 2593 643 2662 ei
678 2592 729 2663 Tu
760 2591 847 2664 sede
882 2594 939 2664 hic
969 2595 1093 2677 benef
1112 2592 1256 2685 pauperi
1290 2603 1406 2664 autem
1441 2592 1564 2664 dicatis
1591 2575 1640 2664 Tu
1668 2605 1722 2666 sta

229 2713 296 2784 illic
322 2722 381 2784 aut
407 2712 494 2784 sede
521 2713 592 2786 sub.
614 2711 758 2783 scabillo
784 2709 915 2804 pedum
942 2734 1117 2796 meorum,
1161 2699 1303 2784 *nonne
1329 2713 1489 2785 iudicatis
1516 2713 1610 2805 apud
1636 2735 1721 2785 vos-

230 2841 302 2902 met
327 2833 424 2924 ipsos
451 2841 486 2902 et
513 2832 593 2904 lacti
619 2831 703 2902 estis
721 2829 854 2902 iudices
872 2832 1119 2924 cogitationum
1143 2829 1360 2922 iniquarum?
1404 2825 1571 2916 ⁵Audite,
1597 2833 1721 2904 iratres

230 2951 300 3020 mei
327 2949 550 3022 dilectissimi.
603 2950 726 3020 Nonne
754 2949 842 3020 deus
869 2950 973 3041 elegit
999 2969 1172 3042 pauperes
1206 2950 1240 3019 in
1269 2951 1338 3022 hoc
1370 2949 1500 3022 mundo
1533 2949 1660 3023 divites
1687 2952 1721 3022 in

209 3066 300 3137 wlide
327 3077 362 3136 et
387 3067 539 3138 heredes
566 3068 675 3158 regni*
690 3067 787 3158 quod
812 3069 969 3160 promisit
996 3067 1084 3138 deus
1112 3066 1332 3158 diligentibus
1360 3072 1425 3140 sel
1474 3059 1576 3138 “Vos
1603 3079 1719 3140 autem

219 3181 494 3258 'exhonorastis
530 3205 730 3276 pauperem.
784 3185 906 3256 Nonne
942 3185 1066 3256 divites
1100 3206 1164 3277 per
1196 3187 1386 3278 potentiam
1419 3185 1617 3280 opprimunt
1642 3208 1718 3272 vos,

230 3315 265 3375 et
290 3305 356 3400 ipsi
383 3301 567 3376 adtrabunt
592 3325 658 3374 vos
685 3302 731 3374 ad
757 3303 908 3374 iudicia?
951 3297 1104 3375 'Nonne
1130 3303 1196 3396 ipsi
1221 3304 1465 3399 blasphemant
1495 3303 1718 3388 bonumne-

229 3445 311 3494 men
338 3422 433 3516 quod
460 3422 657 3493 invocatum
685 3432 739 3493 est
765 3425 988 3515 supervos?
1039 3410 1107 3466 Ν)
1125 3421 1161 3491 Si
1188 3432 1304 3494 tamen
1329 3426 1444 3518 legem
1469 3420 1634 3515 perficitis
1660 3443 1718 3494 re·

206 3541 344 3633 „galem
372 3540 563 3613 secundum
591 3542 778 3635 scripturas
805 3541 924 3634 Diligis
951 3542 1149 3635 proximum
1178 3551 1273 3614 tuum
1301 3543 1449 3614 sicutte
1475 3541 1599 3634 ipsum,
1626 3541 1750 3614 bene*

170 3677 174 3688 '
229 3660 354 3732 facitis:
397 3652 459 3732 lsi
486 3671 601 3733 autem
627 3681 799 3754 personas
825 3661 994 3755 accipitis,
1028 3669 1211 3755 peccatum
1246 3661 1446 3754 operamini,
1473 3653 1674 3752 ‘redarguti
1697 3681 1718 3730 a

222 3773 308 3872 'lege
335 3779 433 3871 quasi
461 3791 747 3874 transgressores.
800 3771 826 3816 ¹⁰
845 3767 1058 3872 Quicumque
1086 3789 1201 3852 autem
1228 3789 1336 3852 totam
1368 3781 1482 3871 legem
1515 3778 1716 3862 servaverit,

229 3898 382 3971 offendat
409 3910 522 3972 autem
549 3902 585 3972 in
610 3923 690 3986 uno,
717 3901 827 3972 lactus
855 3910 910 3971 est
936 3899 1087 3972 omnium
1113 3921 1204 3971 reus.
1257 3892 1280 3936 ¹¹
1301 3899 1367 3984 Qui
1402 3898 1492 3968 enim
1527 3898 1614 3970 dixit
1639 3897 1717 3969 Non

227 4013 485 4104 mechaberis,
513 4020 601 4092 dixit
627 4030 662 4091 et
686 4019 764 4092 Non
797 4020 955 4092 occides:
992 4019 1087 4112 quod
1123 4019 1152 4089 si
1184 4041 1255 4090 non
1289 4011 1542 4100 mechaberis,
1571 4015 1714 4088 occides

228 4147 353 4221 autem,
380 4139 490 4211 tactus
518 4160 558 4210 es
585 4148 825 4232 transgressor
850 4137 949 4228 legis.
1002 4130 1028 4174 ¹²
1045 4139 1102 4209 Sic
1127 4137 1304 4229 loquimini
1336 4151 1372 4208 et
1402 4139 1452 4208 sic
1484 4135 1602 4220 tacite,
1630 4135 1716 4206 sicut

227 4275 291 4346 per
324 4257 440 4347 legem
474 4258 639 4330 libertatis
673 4258 875 4352 incipientes
908 4258 1067 4331 iudicari:
1117 4249 1143 4294 ¹³
1156 4255 1316 4328 iudicium
1349 4257 1440 4327 enim
1457 4255 1547 4326 'sine
1578 4255 1714 4327 miseri-

227 4373 347 4446 cordia
372 4375 417 4446 illi
444 4377 501 4468 qui
527 4399 597 4448 non
622 4379 744 4448 lecerit
770 4375 1062 4458 misericordiam,
1099 4376 1335 4469 superexaltat
1368 4385 1482 4446 autem
1515 4375 1714 4445 misericor-

226 4493 284 4564 dia
310 4491 446 4565 iudioio.
500 4485 525 4532 ¹⁸
539 4487 575 4540 <⁸¹
591 4495 681 4580 Quid
706 4495 871 4590 proderit,
897 4497 1020 4568 iratres
1047 4495 1124 4578 mei,
1153 4495 1182 4566 si
1208 4493 1315 4564 fidem
1346 4492 1423 4584 quis
1456 4492 1550 4564 dicat
1583 4514 1622 4564 se
1649 4493 1714 4564 ha-

226 4613 328 4696 here,
363 4634 472 4706 opera
506 4623 725 4686 autemnon
757 4615 911 4686 habeat?
954 4614 1120 4707 numquid
1152 4613 1278 4706 poterit
1312 4610 1400 4683 fides
1434 4613 1572 4683 salvare
1606 4614 1713 4682 eurn‘?

227 4723 252 4768 ¹⁵
269 4733 305 4800 Si
334 4743 450 4806 autem
476 4734 581 4804 irater
609 4745 667 4805 aut
692 4755 794 4806 soror
820 4733 902 4805 nudi
930 4735 998 4804 sint
1024 4743 1059 4805 et
1085 4731 1262 4824 indigeant
1288 4730 1380 4802 victu
1407 4731 1590 4814 cotidiano,
1606 4722 1716 4802 “di-

226 4860 282 4922 oat
308 4863 423 4922 autem
459 4853 580 4944 aliquis
614 4853 660 4924 de
686 4853 788 4925 vobis
822 4852 885 4922 illis
912 4853 960 4924 lte
993 4855 1159 4946 inpare,
1194 4849 1416 4922 caleticamini
1444 4861 1479 4921 et
1506 4851 1715 4934 saturamini,

225 4991 296 5040 non
328 4971 493 5042 dederitis
527 4981 642 5043 autem
670 4973 725 5044 eis
761 4993 851 5063 quae
885 4971 1086 5042 necessaria
1119 4979 1197 5043 sunt
1223 4968 1395 5062 corporis,
1424 4967 1506 5060 quid
1534 4968 1716 5062 proderit?

226 5081 250 5124 ¹⁷
265 5090 321 5162 Sic
348 5101 383 5162 et
408 5089 506 5176 fides
536 5091 564 5162 si
590 5112 661 5163 non
687 5092 816 5164 habeat
842 5112 962 5184 opera,
991 5104 1199 5165 mortuaest
1225 5091 1259 5161 in
1277 5097 1390 5160 semet
1416 5086 1502 5180 ipsa.
1556 5077 1626 5133 Μ)
1646 5087 1716 5158 Sed

808 5211 830 5294 l,
859 5211 906 5283 23
938 5250 984 5262 -
1012 5211 1047 5294 ll,
1079 5213 1135 5280 ta.

1331 5321 1409 5400 tt*
