4102 6128
381 378 436 425 vm
987 347 1265 413 PROLEGOhlENh

382 573 568 656 antequam
595 555 818 641 accederem,
846 565 1077 650 opportunum
1103 554 1170 626 hoc
1195 553 1320 626 accidit
1354 553 1450 645 quod
1481 554 1572 625 Sam.
1600 553 1689 626 Prid.
1716 550 1860 646 Tregel-

276 742 280 766 ,
384 685 455 769 lius,
482 682 534 754 vir
559 677 780 751 doctissimus
812 675 964 768 mihique
999 673 1242 760 amicissimus,
1276 673 1494 746 collationem
1528 674 1657 747 codicis
1691 673 1860 759 Amiatini,

326 881 328 888 ,
384 825 488 898 quam
514 802 590 895 ipse
615 819 686 870 non
712 798 758 868 ita
783 796 889 868 multo
915 805 997 890 post
1022 817 1078 867 me
1103 795 1295 866 Florentiae
1320 794 1523 880 instituerat,
1559 817 1606 866 ex
1631 795 1754 888 Angha
1779 795 1860 889 Lip-

384 925 471 996 siam
497 919 696 992 transmisit:
724 938 792 1011 qua
818 915 958 1008 quidem
984 915 1111 1008 ubique
1138 937 1216 986 cum
1242 914 1382 986 schedis
1409 915 1495 992 meis
1518 925 1717 1010 comparata
1736 915 1860 986 iactum

384 1053 500 1116 estut
525 1063 652 1134 magna
677 1061 756 1110 eum
782 1035 907 1108 fiducia
931 1046 1064 1108 textum
1090 1033 1296 1106 Amiatinnm
1322 1035 1429 1106 edere
1455 1056 1607 1129 possem.

477 1165 529 1234 De
543 1165 652 1232 'textu
676 1179 763 1232 vero
797 1167 981 1250 antequam
1013 1155 1166 1226 breviter
1195 1155 1391 1254 videamus,
1427 1177 1532 1250 quum
1559 1156 1605 1227 de
1632 1155 1771 1227 historia
1797 1177 1860 1226 co-

385 1287 471 1358 dicis
498 1281 698 1367 dicendum,
725 1288 796 1350 tum
822 1277 900 1372 ipse
926 1275 1043 1354 codex
1069 1274 1319 1346 describendus
1346 1277 1418 1347 erit.
1472 1275 1548 1360 Qua
1582 1277 1617 1346 in
1646 1269 1692 1348 re'
1712 1296 1860 1368 magno-

384 1427 469 1503 pere
498 1428 519 1478 a
544 1401 700 1474 Bandinii
731 1395 961 1494 pandebimus
995 1395 1042 1468 de
1076 1394 1198 1467 codice
1223 1393 1395 1467 Amiatinn
1422 1395 1681 1482 dissertatione,
1716 1417 1785 1490 qua
1810 1395 1862 1466 vir

384 1524 594 1610 immortalis,
621 1532 658 1593 ut
683 1519 829 1604 solebat,
856 1527 988 1590 tantum
1014 1515 1179 1588 acuminis
1206 1525 1368 1608 quantum
1396 1515 1499 1588 studii
1524 1508 1725 1611 probavith.

1101 1757 1136 1826 ll.

479 1975 532 2042 De
556 1966 778 2042 translatione
805 1963 935 2036 codicis
960 1961 1120 2034 hmiatini
1146 1963 1182 2034 in
1207 1961 1453 2036 bibliothecam
1484 1963 1747 2040 Laurentianam
1771 1963 1862 2034 Ban-

387 2093 499 2166 dinius
524 2091 613 2161 haec
638 2088 753 2161 hahet.
789 2083 914 2172 „Quod
932 2091 1048 2155 autam
1073 2082 1109 2153 in
1125 2082 1386 2156 Laurentianam
1411 2082 1656 2156 bibliothecam
1681 2082 1863 2168 transierit

387 2213 518 2308 gratiae
559 2207 771 2281 immortales
810 2203 1062 2276 munificentiae
1096 2203 1188 2274 Petri
1228 2201 1416 2296 Leopoldi,
1452 2203 1570 2296 magni
1608 2203 1705 2276 ducis
1747 2204 1864 2290 nostri,

387 2356 478 2406 nunc
510 2326 742 2424 augustissimi
782 2314 1045 2420 imperatoris¹l‚
1081 2334 1160 2396 sunt
1197 2323 1418 2409 referendae,
1466 2323 1525 2416 qui
1561 2323 1666 2396 rebus
1705 2323 1865 2422 omnihus

388 2452 568 2526 servandis
595 2469 686 2542 quae
712 2445 820 2518 sacris
847 2454 882 2516 et
907 2443 1060 2538 profanis
1087 2443 1206 2516 studiis
1233 2465 1380 2538 quoquo·
1402 2442 1509 2515 modo
1537 2444 1695 2515 conferre
1721 2451 1866 2538 possunt

388 2595 528 2668 semper
554 2573 721 2652 intentus,
748 2588 854 2658 quum
879 2564 944 2660 ipsi
970 2563 1176 2636 innotuisset
1200 2562 1288 2636 iuter
1315 2563 1495 2660 suppressi
1528 2565 1776 2636 monachorum
1810 2563 1864 2635 Ci-

388 2691 626 2767 sterciensium
651 2686 777 2758 montis
811 2683 969 2756 hmiatae
1000 2683 1162 2756 coenobii
1201 2685 1430 2778 supellectiles
1463 2684 1531 2754 hnc
1563 2684 1752 2776 pretiosum
1787 2704 1865 2756 mo-

387 2821 587 2887 numentum
613 2807 773 2902 reperiri,
799 2805 960 2900 religiose
985 2805 1084 2877 iussit
1108 2813 1146 2875 ut
1172 2825 1249 2876 cum
1274 2805 1348 2876 eliis
1367 2803 1544 2876 codicibus
1561 2803 1691 2876 ibidem
1709 2804 1858 2875 existen-

388 2935 479 3007 tibus
504 2932 540 3002 in
564 2930 632 3001 hoc
656 2926 850 3002 Mediceum
875 2924 1064 2997 sacrarium
1089 2933 1163 2997 toto
1181 2933 1356 2998 terrarum
1369 2924 1455 2996 orbe
1474 2925 1736 2996 celeberrimum
1753 2933 1866 2996 trans-

389 3056 565 3128 ferretur.“

1103 3249 1226 3330 111..

484 3387 594 3502 Porro
627 3426 801 3522 quaeritur
834 3423 1012 3516 quomodo
1045 3423 1080 3494 in
1105 3421 1313 3496 Amiatinum
1341 3415 1615 3515 nonasterium)
1649 3423 1764 3496 codex
1801 3443 1866 3494 no-

391 3564 461 3624 ster
491 3548 697 3645 pervenerit.
758 3547 834 3631 Qua
869 3543 915 3615 de
948 3564 987 3614 re
1018 3565 1124 3636 quum
1156 3543 1344 3637 inquireret
1374 3543 1574 3629 Bandinius,
1609 3541 1680 3616 duo
1713 3543 1867 3638 inprimis

391 3672 519 3743 inventi
545 3679 623 3741 sunt
649 3689 795 3762 quorum
822 3663 941 3736 studiis
968 3664 1107 3736 abbatia
1132 3661 1303 3736 Amiatina
1328 3674 1458 3736 tantum
1484 3663 1681 3736 thesaurum
1707 3661 1869 3734 debuisse

479 3941 506 4017 l)
528 3935 659 4001 Inseruit
680 3957 750 4002 eam
772 3937 1019 4002 dissertationem
1040 3937 1246 4001 bibliothecae
1266 3937 1470 4020 Leopoldinae
1491 3937 1712 4001 Laurentianae
1730 3955 1755 4002 s.
1777 3935 1869 3998 Cata-

391 4043 462 4123 logo
484 4039 627 4104 codicum
647 4059 722 4104 mss.
745 4043 796 4122 qui
820 4042 906 4104 iussu
926 4042 1009 4103 Patri
1029 4040 1178 4123 Leopoldi
1203 4043 1236 4104 in
1257 4041 1495 4104 Laurentianam
1520 4039 1662 4104 translati
1684 4047 1763 4102 sunt.
1786 4040 1869 4100 Tem.

392 4145 414 4206 1.
436 4143 612 4210 unccxct.
635 4163 668 4226 p.
691 4144 748 4205 704
769 4177 808 4189 -
825 4143 896 4205 ⁷32.
940 4142 1005 4206 Sed
1026 4151 1110 4206 tanta
1131 4144 1192 4224 ipsi
1213 4141 1362 4206 Bandinio
1384 4144 1451 4206 visa
1473 4150 1521 4204 est
1541 4141 1614 4204 lihri
1634 4142 1779 4204 hmiatini
1800 4159 1872 4222 gra-

392 4247 471 4308 vitas
492 4253 529 4310 ut
549 4245 605 4308 ubi
633 4245 769 4326 primum
797 4245 829 4306 in
853 4246 1088 4308 Laurentianam
1116 4244 1338 4308 bibliothecam
1365 4247 1576 4326 pervenisset,
1596 4245 1712 4308 inventi
1734 4243 1872 4306 thesauri

392 4349 542 4411 rationem
574 4345 724 4410 redderet
750 4366 847 4430 quum
875 4349 908 4410 in
935 4347 1069 4410 Novellis
1098 4347 1269 4409 litterariis
1296 4347 1477 4412 Florentinis
1506 4365 1534 4410 a.
1563 4346 1661 4426 4786,
1683 4353 1749 4408 tum
1770 4344 1872 4406 libello

392 4451 493 4514 italice
516 4451 631 4532 scripto
654 4451 703 4510 cui
724 4449 829 4512 titulus
853 4457 900 4512 est
919 4449 1141 4512 Dissertazione
1164 4447 1195 4510 di
1215 4450 1252 4512 Α.
1273 4451 1310 4511 ll.
1332 4447 1461 4512 bandini
1483 4449 1550 4511 sull'
1572 4447 1782 4510 antichissima
1802 4447 1873 4508 hib-

392 4551 445 4613 bia
467 4549 596 4634 credula
618 4550 670 4612 dei
691 4553 787 4633 tempi
811 4550 843 4613 di
864 4551 895 4612 S.
924 4551 1073 4633 Gregorio
1100 4552 1155 4613 PP.
1178 4553 1213 4612 ln
1232 4551 1361 4633 Vinegia
1388 4551 1646 4614 MDGGLXXXVI.
1675 4549 1756 4612 nella
1777 4559 1872 4613 stam-

392 4656 483 4734 peria
505 4653 611 4714 Colati.
633 4653 735 4736 (Pagg.
758 4653 797 4715 90
819 4655 852 4714 in
875 4652 913 4730 l.)

478 4756 508 4832 a)
529 4755 683 4817 Etruriam
704 4757 787 4819 rexit
808 4755 847 4817 ab
869 4773 949 4817 anno
966 4755 1057 4817 4765.
1081 4774 1182 4838 usque
1200 4755 1302 4835 ll90.,
1325 4753 1480 4818 Austriam
1500 4756 1540 4819 ab
1558 4756 1649 4818 4790.
1664 4771 1764 4834 usque
1780 4753 1872 4815 ⁴792.

481 4857 510 4936 3)
531 4857 727 4920 Exstructum
757 4866 806 4920 est
837 4858 1046 4920 inhonorem
1074 4859 1244 4921 Salvatoris
1277 4859 1360 4920 circa
1395 4874 1508 4920 annum
1535 4859 1606 4922 750.
1636 4859 1668 4918 in
1695 4865 1799 4921 monte
1829 4853 1874 4916 al-

394 4960 513 5021 tissimo
542 4957 695 5022 hmiatino
722 4959 821 5038 (hodie
848 4969 951 5023 monte
979 4959 1059 5022 delle
1087 4959 1173 5042 flore)
1202 4961 1284 5021 inter
1313 4961 1427 5022 Senam
1457 4971 1489 5022 et
1516 4959 1693 5024 Radicolani
1722 4957 1816 5020 urbas
1842 4957 1874 5018 in

380 5060 526 5127 confinio
560 5061 703 5125 Etruriae
737 5062 885 5144 regnique
919 5061 1067 5142 pontificii
1099 5061 1167 5124 sito.
1217 5063 1283 5135 Quo
1313 5080 1409 5141 quum
1434 5063 1578 5124 ,monachi
1605 5059 1794 5125 Benedictini
1820 5077 1876 5139 per

328 5153 332 5164 ’
396 5164 534 5246 quinque
556 5165 622 5226 lere
645 5165 769 5226 saectrla
791 5165 839 5228 usi
862 5171 973 5244 essent,
994 5166 1081 5228 iussu
1103 5163 1241 5244 Gregorii
1262 5163 1311 5224 tx.
1333 5165 1367 5226 P.
1388 5167 1425 5228 hl.
1448 5165 1480 5225 in
1502 5183 1610 5227 eorum
1638 5163 1739 5225 locum
1761 5161 1875 5225 Cister-

394 5267 545 5329 ciensium
567 5265 642 5328 ordo
664 5267 821 5330 successit.
