<?xml version="1.0" encoding="UTF-8"?>
<!DOCTYPE html PUBLIC "-//W3C//DTD XHTML 1.0 Transitional//EN"
    "http://www.w3.org/TR/xhtml1/DTD/xhtml1-transitional.dtd">
<html xmlns="http://www.w3.org/1999/xhtml" xml:lang="en" lang="en">
 <head>
  <title>
</title>
<meta http-equiv="Content-Type" content="text/html;charset=utf-8" />
  <meta name='ocr-system' content='tesseract 3.04.00' />
  <meta name='ocr-capabilities' content='ocr_page ocr_carea ocr_par ocr_line ocrx_word'/>
</head>
<body>
  <div class='ocr_page' id='page_1' title='image "./novumtestamentu02tiscgoog_0368.png"; bbox 0 0 4220 6124; ppageno 0'>
   <div class='ocr_carea' id='block_1_1' title="bbox 713 281 1738 418">
    <p class='ocr_par' dir='ltr' id='par_1_1' title="bbox 713 281 1738 418">
     <span class='ocr_line' id='line_1_1' title="bbox 713 281 1738 418; baseline 0.006 -6"><span class='ocrx_word' id='word_1_1' title='bbox 713 281 896 412; x_wconf 57' lang='lat' dir='ltr'><strong>mittunt</strong></span> <span class='ocrx_word' id='word_1_2' title='bbox 921 345 976 412; x_wconf 78' lang='lat' dir='ltr'><strong>tlt</strong></span> <span class='ocrx_word' id='word_1_3' title='bbox 1002 343 1269 412; x_wconf 66' lang='lat' dir='ltr'><strong>morutium</strong></span> <span class='ocrx_word' id='word_1_4' title='bbox 1331 379 1333 384; x_wconf 34' lang='lat' dir='ltr'>v</span> <span class='ocrx_word' id='word_1_5' title='bbox 1664 337 1738 418; x_wconf 63' lang='lat' dir='ltr'><strong>ili</strong></span> 
     </span>
    </p>
   </div>
   <div class='ocr_carea' id='block_1_2' title="bbox 201 539 1824 2757">
    <p class='ocr_par' dir='ltr' id='par_1_2' title="bbox 201 539 1824 2757">
     <span class='ocr_line' id='line_1_2' title="bbox 244 539 1740 638; baseline -0.003 -12"><span class='ocrx_word' id='word_1_6' title='bbox 244 547 330 632; x_wconf 79' lang='lat' dir='ltr'><strong>teo,</strong></span> <span class='ocrx_word' id='word_1_7' title='bbox 353 539 400 626; x_wconf 62' lang='grc' dir='ltr'><strong>,ΙΙ</strong></span> <span class='ocrx_word' id='word_1_8' title='bbox 418 545 464 624; x_wconf 74' lang='lat' dir='ltr'><strong>td</strong></span> <span class='ocrx_word' id='word_1_9' title='bbox 490 543 754 638; x_wconf 59' lang='lat' dir='ltr'><strong>nemeaeum</strong></span> <span class='ocrx_word' id='word_1_10' title='bbox 781 545 877 622; x_wconf 83' lang='lat' dir='ltr'><strong>illum</strong></span> <span class='ocrx_word' id='word_1_11' title='bbox 903 557 939 621; x_wconf 85' lang='lat' dir='ltr'><strong>et</strong></span> <span class='ocrx_word' id='word_1_12' title='bbox 964 547 1127 620; x_wconf 73' lang='lat' dir='ltr'><strong>virtatem</strong></span> <span class='ocrx_word' id='word_1_13' title='bbox 1154 543 1519 620; x_wconf 75' lang='lat' dir='ltr'><strong>resurrectiontsctm</strong></span> <span class='ocrx_word' id='word_1_14' title='bbox 1554 554 1602 618; x_wconf 73' lang='lat' dir='ltr'><strong>et¹</strong></span> <span class='ocrx_word' id='word_1_15' title='bbox 1622 549 1740 622; x_wconf 87' lang='lat' dir='ltr'><strong>socie-</strong></span> 
     </span>
     <span class='ocr_line' id='line_1_3' title="bbox 201 647 1743 759; baseline 0 -15"><span class='ocrx_word' id='word_1_16' title='bbox 201 715 202 719; x_wconf 20' lang='grc' dir='ltr'><strong><em>κ</em></strong></span> <span class='ocrx_word' id='word_1_17' title='bbox 243 677 349 744; x_wconf 76' lang='lat' dir='ltr'><strong>tatem</strong></span> <span class='ocrx_word' id='word_1_18' title='bbox 374 665 578 759; x_wconf 78' lang='lat' dir='ltr'><strong>passionum</strong></span> <span class='ocrx_word' id='word_1_19' title='bbox 599 661 688 740; x_wconf 88' lang='lat' dir='ltr'><strong>illius</strong></span> <span class='ocrx_word' id='word_1_20' title='bbox 716 661 953 755; x_wconf 71' lang='lat' dir='ltr'><strong>conspectus</strong></span> <span class='ocrx_word' id='word_1_21' title='bbox 980 662 1082 738; x_wconf 90' lang='lat' dir='ltr'><strong>morti</strong></span> <span class='ocrx_word' id='word_1_22' title='bbox 1109 663 1212 748; x_wconf 79' lang='lat' dir='ltr'><strong>sirus,</strong></span> <span class='ocrx_word' id='word_1_23' title='bbox 1243 654 1265 702; x_wconf 80' lang='lat'><strong>⁴¹</strong></span> <span class='ocrx_word' id='word_1_24' title='bbox 1282 663 1310 732; x_wconf 91' lang='lat' dir='ltr'><strong>si</strong></span> <span class='ocrx_word' id='word_1_25' title='bbox 1337 683 1409 753; x_wconf 87' lang='lat' dir='ltr'><strong>quo</strong></span> <span class='ocrx_word' id='word_1_26' title='bbox 1430 647 1540 740; x_wconf 87' lang='lat' dir='ltr'><strong>modo</strong></span> <span class='ocrx_word' id='word_1_27' title='bbox 1559 683 1743 744; x_wconf 75' lang='lat' dir='ltr'><strong>occumam</strong></span> 
     </span>
     <span class='ocr_line' id='line_1_4' title="bbox 245 774 1744 882; baseline -0.001 -18"><span class='ocrx_word' id='word_1_28' title='bbox 245 786 294 864; x_wconf 77' lang='lat' dir='ltr'><strong>ed</strong></span> <span class='ocrx_word' id='word_1_29' title='bbox 324 783 614 860; x_wconf 67' lang='lat' dir='ltr'><strong>resurrectionem</strong></span> <span class='ocrx_word' id='word_1_30' title='bbox 647 802 740 873; x_wconf 74' lang='lat' dir='ltr'><strong>quse</strong></span> <span class='ocrx_word' id='word_1_31' title='bbox 774 791 829 858; x_wconf 84' lang='lat' dir='ltr'><strong>set</strong></span> <span class='ocrx_word' id='word_1_32' title='bbox 851 804 910 858; x_wconf 55' lang='lat' dir='ltr'><strong>anx</strong></span> <span class='ocrx_word' id='word_1_33' title='bbox 943 782 1099 858; x_wconf 81' lang='lat' dir='ltr'><strong>mortuis.</strong></span> <span class='ocrx_word' id='word_1_34' title='bbox 1151 774 1272 856; x_wconf 64' lang='lat' dir='ltr'><strong>&#39;&#39;Non</strong></span> <span class='ocrx_word' id='word_1_35' title='bbox 1304 781 1506 872; x_wconf 81' lang='lat' dir='ltr'><strong>quodiam</strong></span> <span class='ocrx_word' id='word_1_36' title='bbox 1544 792 1744 882; x_wconf 83' lang='lat' dir='ltr'><strong>acceperim</strong></span> 
     </span>
     <span class='ocr_line' id='line_1_5' title="bbox 245 895 1743 997; baseline -0.001 -17"><span class='ocrx_word' id='word_1_37' title='bbox 245 913 305 980; x_wconf 80' lang='lat' dir='ltr'><strong>rut</strong></span> <span class='ocrx_word' id='word_1_38' title='bbox 328 904 406 980; x_wconf 78' lang='lat' dir='ltr'><strong>iem.</strong></span> <span class='ocrx_word' id='word_1_39' title='bbox 422 903 596 996; x_wconf 78' lang='lat' dir='ltr'><strong>perlectus</strong></span> <span class='ocrx_word' id='word_1_40' title='bbox 622 901 705 976; x_wconf 87' lang='lat' dir='ltr'><strong>sim:</strong></span> <span class='ocrx_word' id='word_1_41' title='bbox 738 895 894 992; x_wconf 75' lang='lat' dir='ltr'><strong>&#39;sequor</strong></span> <span class='ocrx_word' id='word_1_42' title='bbox 917 913 1034 984; x_wconf 86' lang='lat' dir='ltr'><strong>nutem</strong></span> <span class='ocrx_word' id='word_1_43' title='bbox 1061 902 1091 976; x_wconf 91' lang='lat' dir='ltr'><strong>si</strong></span> <span class='ocrx_word' id='word_1_44' title='bbox 1118 898 1407 994; x_wconf 72' lang='lat' dir='ltr'><strong>conprehendam</strong></span> <span class='ocrx_word' id='word_1_45' title='bbox 1434 901 1470 978; x_wconf 90' lang='lat' dir='ltr'><strong>in</strong></span> <span class='ocrx_word' id='word_1_46' title='bbox 1495 925 1568 997; x_wconf 89' lang='lat' dir='ltr'><strong>quo</strong></span> <span class='ocrx_word' id='word_1_47' title='bbox 1593 919 1629 984; x_wconf 80' lang='lat' dir='ltr'><strong>et</strong></span> <span class='ocrx_word' id='word_1_48' title='bbox 1655 932 1743 984; x_wconf 80' lang='lat' dir='ltr'><strong>eon-</strong></span> 
     </span>
     <span class='ocr_line' id='line_1_6' title="bbox 244 1013 1745 1118; baseline 0.004 -20"><span class='ocrx_word' id='word_1_49' title='bbox 244 1023 438 1118; x_wconf 79' lang='lat' dir='ltr'><strong>prslreusus</strong></span> <span class='ocrx_word' id='word_1_50' title='bbox 471 1043 548 1098; x_wconf 84' lang='lat' dir='ltr'><strong>sum</strong></span> <span class='ocrx_word' id='word_1_51' title='bbox 582 1020 763 1094; x_wconf 80' lang='lat' dir='ltr'><strong>aClrristo</strong></span> <span class='ocrx_word' id='word_1_52' title='bbox 795 1020 886 1094; x_wconf 81' lang='lat' dir='ltr'><strong>lesu.</strong></span> <span class='ocrx_word' id='word_1_53' title='bbox 941 1013 1137 1106; x_wconf 72' lang='lat' dir='ltr'><strong>¹³·Frel&#39;ros,</strong></span> <span class='ocrx_word' id='word_1_54' title='bbox 1174 1041 1245 1112; x_wconf 73' lang='lat' dir='ltr'><strong>ego</strong></span> <span class='ocrx_word' id='word_1_55' title='bbox 1275 1040 1332 1096; x_wconf 88' lang='lat' dir='ltr'><strong>me</strong></span> <span class='ocrx_word' id='word_1_56' title='bbox 1363 1040 1446 1096; x_wconf 75' lang='lat' dir='ltr'><strong>non</strong></span> <span class='ocrx_word' id='word_1_57' title='bbox 1476 1025 1626 1102; x_wconf 74' lang='lat' dir='ltr'><strong>arbitror</strong></span> <span class='ocrx_word' id='word_1_58' title='bbox 1656 1051 1745 1104; x_wconf 90' lang='lat' dir='ltr'><strong>con·</strong></span> 
     </span>
     <span class='ocr_line' id='line_1_7' title="bbox 244 1137 1748 1236; baseline 0.003 -18"><span class='ocrx_word' id='word_1_59' title='bbox 244 1140 513 1236; x_wconf 67' lang='lat' dir='ltr'><strong>praebentem:</strong></span> <span class='ocrx_word' id='word_1_60' title='bbox 545 1160 650 1214; x_wconf 87' lang='lat' dir='ltr'><strong>unum</strong></span> <span class='ocrx_word' id='word_1_61' title='bbox 677 1147 813 1222; x_wconf 71' lang='lat' dir='ltr'><strong>omem,</strong></span> <span class='ocrx_word' id='word_1_62' title='bbox 845 1159 940 1230; x_wconf 76' lang='lat' dir='ltr'><strong>quse</strong></span> <span class='ocrx_word' id='word_1_63' title='bbox 966 1137 1109 1232; x_wconf 77' lang='lat' dir='ltr'><strong>queen</strong></span> <span class='ocrx_word' id='word_1_64' title='bbox 1135 1148 1230 1214; x_wconf 81' lang='lat' dir='ltr'><strong>retro</strong></span> <span class='ocrx_word' id='word_1_65' title='bbox 1255 1148 1335 1214; x_wconf 90' lang='lat' dir='ltr'><strong>sunt</strong></span> <span class='ocrx_word' id='word_1_66' title='bbox 1360 1139 1596 1230; x_wconf 84' lang='lat' dir='ltr'><strong>obliviscens,</strong></span> <span class='ocrx_word' id='word_1_67' title='bbox 1628 1148 1676 1222; x_wconf 75' lang='lat' dir='ltr'><strong>nd</strong></span> <span class='ocrx_word' id='word_1_68' title='bbox 1701 1171 1748 1222; x_wconf 87' lang='lat' dir='ltr'><strong>ea</strong></span> 
     </span>
     <span class='ocr_line' id='line_1_8' title="bbox 242 1247 1745 1356; baseline 0.002 -20"><span class='ocrx_word' id='word_1_69' title='bbox 242 1283 331 1336; x_wconf 84' lang='lat' dir='ltr'><strong>uero</strong></span> <span class='ocrx_word' id='word_1_70' title='bbox 356 1281 448 1354; x_wconf 73' lang='lat' dir='ltr'><strong>quoe</strong></span> <span class='ocrx_word' id='word_1_71' title='bbox 473 1267 553 1336; x_wconf 83' lang='lat' dir='ltr'><strong>suut</strong></span> <span class='ocrx_word' id='word_1_72' title='bbox 576 1257 696 1352; x_wconf 85' lang='lat' dir='ltr'><strong>priore</strong></span> <span class='ocrx_word' id='word_1_73' title='bbox 727 1255 926 1332; x_wconf 79' lang='lat' dir='ltr'><strong>extendens</strong></span> <span class='ocrx_word' id='word_1_74' title='bbox 958 1278 1034 1342; x_wconf 83' lang='lat' dir='ltr'><strong>me,</strong></span> <span class='ocrx_word' id='word_1_75' title='bbox 1078 1247 1106 1298; x_wconf 63' lang='grc' dir='ltr'><strong>*Ι</strong></span> <span class='ocrx_word' id='word_1_76' title='bbox 1122 1258 1169 1332; x_wconf 81' lang='lat' dir='ltr'><strong>erl</strong></span> <span class='ocrx_word' id='word_1_77' title='bbox 1199 1258 1417 1334; x_wconf 80' lang='lat' dir='ltr'><strong>destinatum</strong></span> <span class='ocrx_word' id='word_1_78' title='bbox 1448 1284 1662 1356; x_wconf 78' lang='lat' dir='ltr'><strong>persequor,</strong></span> <span class='ocrx_word' id='word_1_79' title='bbox 1696 1251 1745 1338; x_wconf 82' lang='lat' dir='ltr'><strong>ad</strong></span> 
     </span>
     <span class='ocr_line' id='line_1_9' title="bbox 243 1368 1743 1474; baseline 0.001 -20"><span class='ocrx_word' id='word_1_80' title='bbox 243 1382 403 1455; x_wconf 70' lang='lat' dir='ltr'><strong>metium</strong></span> <span class='ocrx_word' id='word_1_81' title='bbox 440 1373 634 1472; x_wconf 80' lang='lat' dir='ltr'><strong>&#39;supernae</strong></span> <span class='ocrx_word' id='word_1_82' title='bbox 667 1376 865 1452; x_wconf 79' lang='lat' dir='ltr'><strong>vccrecnis</strong></span> <span class='ocrx_word' id='word_1_83' title='bbox 896 1377 961 1452; x_wconf 87' lang='lat' dir='ltr'><strong>dei</strong></span> <span class='ocrx_word' id='word_1_84' title='bbox 990 1377 1025 1450; x_wconf 92' lang='lat' dir='ltr'><strong>in</strong></span> <span class='ocrx_word' id='word_1_85' title='bbox 1056 1376 1192 1452; x_wconf 68' lang='lat' dir='ltr'><strong>chineo</strong></span> <span class='ocrx_word' id='word_1_86' title='bbox 1214 1377 1302 1450; x_wconf 85' lang='lat' dir='ltr'><strong>lesu.</strong></span> <span class='ocrx_word' id='word_1_87' title='bbox 1356 1368 1385 1416; x_wconf 81' lang='lat'><strong>¹⁵</strong></span> <span class='ocrx_word' id='word_1_88' title='bbox 1404 1381 1620 1474; x_wconf 77' lang='lat' dir='ltr'><strong>Quicunque</strong></span> <span class='ocrx_word' id='word_1_89' title='bbox 1652 1391 1743 1474; x_wconf 80' lang='lat' dir='ltr'><strong>ergo</strong></span> 
     </span>
     <span class='ocr_line' id='line_1_10' title="bbox 243 1493 1736 1594; baseline -0.002 -20"><span class='ocrx_word' id='word_1_90' title='bbox 243 1493 420 1594; x_wconf 72' lang='lat' dir='ltr'><strong>perlecti,</strong></span> <span class='ocrx_word' id='word_1_91' title='bbox 448 1498 517 1572; x_wconf 91' lang='lat' dir='ltr'><strong>hoo</strong></span> <span class='ocrx_word' id='word_1_92' title='bbox 542 1496 748 1572; x_wconf 75' lang='lat' dir='ltr'><strong>sentiamus:</strong></span> <span class='ocrx_word' id='word_1_93' title='bbox 775 1497 867 1568; x_wconf 88' lang='lat' dir='ltr'><strong>etsi</strong></span> <span class='ocrx_word' id='word_1_94' title='bbox 895 1495 981 1589; x_wconf 68' lang='lat' dir='ltr'><strong>(prid</strong></span> <span class='ocrx_word' id='word_1_95' title='bbox 1006 1495 1105 1568; x_wconf 77' lang='lat' dir='ltr'><strong>aliter</strong></span> <span class='ocrx_word' id='word_1_96' title='bbox 1130 1496 1259 1588; x_wconf 70' lang='lat' dir='ltr'><strong>septis,</strong></span> <span class='ocrx_word' id='word_1_97' title='bbox 1286 1505 1322 1566; x_wconf 84' lang='lat' dir='ltr'><strong>ot</strong></span> <span class='ocrx_word' id='word_1_98' title='bbox 1348 1495 1418 1568; x_wconf 89' lang='lat' dir='ltr'><strong>hoc</strong></span> <span class='ocrx_word' id='word_1_99' title='bbox 1444 1501 1546 1574; x_wconf 80' lang='lat' dir='ltr'><strong>urdris</strong></span> <span class='ocrx_word' id='word_1_100' title='bbox 1569 1501 1660 1574; x_wconf 86' lang='lat' dir='ltr'><strong>deus</strong></span> <span class='ocrx_word' id='word_1_101' title='bbox 1677 1523 1736 1572; x_wconf 91' lang='lat' dir='ltr'><strong>rc-</strong></span> 
     </span>
     <span class='ocr_line' id='line_1_11' title="bbox 243 1607 1740 1713; baseline 0.002 -25"><span class='ocrx_word' id='word_1_102' title='bbox 243 1617 379 1692; x_wconf 81' lang='lat' dir='ltr'><strong>uclavit.</strong></span> <span class='ocrx_word' id='word_1_103' title='bbox 432 1607 601 1690; x_wconf 62' lang='lat' dir='ltr'><strong>“veum</strong></span> <span class='ocrx_word' id='word_1_104' title='bbox 628 1625 745 1690; x_wconf 78' lang='lat' dir='ltr'><strong>umen</strong></span> <span class='ocrx_word' id='word_1_105' title='bbox 770 1615 817 1688; x_wconf 86' lang='lat' dir='ltr'><strong>ad</strong></span> <span class='ocrx_word' id='word_1_106' title='bbox 844 1617 941 1708; x_wconf 79' lang='lat' dir='ltr'><strong>quod</strong></span> <span class='ocrx_word' id='word_1_107' title='bbox 967 1615 1206 1708; x_wconf 70' lang='lat' dir='ltr'><strong>peremimus,</strong></span> <span class='ocrx_word' id='word_1_108' title='bbox 1237 1625 1275 1686; x_wconf 91' lang='lat' dir='ltr'><strong>ut</strong></span> <span class='ocrx_word' id='word_1_109' title='bbox 1306 1613 1411 1688; x_wconf 80' lang='lat' dir='ltr'><strong>idem&#39;</strong></span> <span class='ocrx_word' id='word_1_110' title='bbox 1434 1619 1613 1713; x_wconf 78' lang='lat' dir='ltr'><strong>mplamm</strong></span> <span class='ocrx_word' id='word_1_111' title='bbox 1640 1631 1675 1691; x_wconf 90' lang='lat' dir='ltr'><strong>et</strong></span> <span class='ocrx_word' id='word_1_112' title='bbox 1701 1621 1740 1690; x_wconf 88' lang='lat' dir='ltr'><strong>in</strong></span> 
     </span>
     <span class='ocr_line' id='line_1_12' title="bbox 244 1725 1824 1828; baseline -0.004 -18"><span class='ocrx_word' id='word_1_113' title='bbox 244 1737 371 1812; x_wconf 80' lang='lat' dir='ltr'><strong>endem</strong></span> <span class='ocrx_word' id='word_1_114' title='bbox 396 1754 661 1827; x_wconf 71' lang='lat' dir='ltr'><strong>permaneamus</strong></span> <span class='ocrx_word' id='word_1_115' title='bbox 688 1735 818 1828; x_wconf 76' lang='lat' dir='ltr'><strong>regula.</strong></span> <span class='ocrx_word' id='word_1_116' title='bbox 871 1727 896 1770; x_wconf 77' lang='lat'><strong>¹⁷</strong></span> <span class='ocrx_word' id='word_1_117' title='bbox 911 1725 959 1784; x_wconf 60' lang='grc' dir='ltr'><strong>ΙΙ)</strong></span> <span class='ocrx_word' id='word_1_118' title='bbox 976 1733 1173 1806; x_wconf 72' lang='lat' dir='ltr'><strong>[nitentes</strong></span> <span class='ocrx_word' id='word_1_119' title='bbox 1196 1733 1265 1804; x_wconf 91' lang='lat' dir='ltr'><strong>mei</strong></span> <span class='ocrx_word' id='word_1_120' title='bbox 1293 1743 1417 1819; x_wconf 88' lang='lat' dir='ltr'><strong>estote,</strong></span> <span class='ocrx_word' id='word_1_121' title='bbox 1444 1736 1577 1822; x_wconf 69' lang='lat' dir='ltr'><strong>lrmrm,</strong></span> <span class='ocrx_word' id='word_1_122' title='bbox 1605 1746 1640 1808; x_wconf 94' lang='lat' dir='ltr'><strong>et</strong></span> <span class='ocrx_word' id='word_1_123' title='bbox 1666 1739 1734 1810; x_wconf 85' lang='lat' dir='ltr'><strong>oh-</strong></span> <span class='ocrx_word' id='word_1_124' title='bbox 1822 1801 1824 1804; x_wconf 83' lang='grc'>.</span> 
     </span>
     <span class='ocr_line' id='line_1_13' title="bbox 244 1845 1735 1944; baseline -0.001 -14"><span class='ocrx_word' id='word_1_125' title='bbox 244 1863 382 1930; x_wconf 71' lang='lat' dir='ltr'><strong>cenete</strong></span> <span class='ocrx_word' id='word_1_126' title='bbox 417 1873 481 1926; x_wconf 87' lang='lat' dir='ltr'><strong>sos</strong></span> <span class='ocrx_word' id='word_1_127' title='bbox 514 1851 573 1944; x_wconf 86' lang='lat' dir='ltr'><strong>qui</strong></span> <span class='ocrx_word' id='word_1_128' title='bbox 603 1853 650 1926; x_wconf 79' lang='lat' dir='ltr'><strong>ila</strong></span> <span class='ocrx_word' id='word_1_129' title='bbox 684 1853 865 1926; x_wconf 82' lang='lat' dir='ltr'><strong>ambulant</strong></span> <span class='ocrx_word' id='word_1_130' title='bbox 892 1853 979 1926; x_wconf 83' lang='lat' dir='ltr'><strong>sient</strong></span> <span class='ocrx_word' id='word_1_131' title='bbox 1009 1853 1146 1924; x_wconf 75' lang='lat' dir='ltr'><strong>hebetis</strong></span> <span class='ocrx_word' id='word_1_132' title='bbox 1177 1853 1325 1926; x_wconf 85' lang='lat' dir='ltr'><strong>lormum</strong></span> <span class='ocrx_word' id='word_1_133' title='bbox 1351 1875 1426 1926; x_wconf 78' lang='lat' dir='ltr'><strong>rme</strong></span> <span class='ocrx_word' id='word_1_134' title='bbox 1480 1845 1617 1928; x_wconf 80' lang='lat' dir='ltr'><strong>⁴⁸lllulti</strong></span> <span class='ocrx_word' id='word_1_135' title='bbox 1641 1857 1735 1930; x_wconf 79' lang='lat' dir='ltr'><strong>emm</strong></span> 
     </span>
     <span class='ocr_line' id='line_1_14' title="bbox 244 1971 1731 2065; baseline -0.001 -19"><span class='ocrx_word' id='word_1_136' title='bbox 244 1974 438 2058; x_wconf 71' lang='lat' dir='ltr'><strong>emundent,</strong></span> <span class='ocrx_word' id='word_1_137' title='bbox 470 1992 561 2064; x_wconf 82' lang='lat' dir='ltr'><strong>quos</strong></span> <span class='ocrx_word' id='word_1_138' title='bbox 586 1991 694 2065; x_wconf 80' lang='lat' dir='ltr'>saepe</span> <span class='ocrx_word' id='word_1_139' title='bbox 719 1972 884 2048; x_wconf 74' lang='lat' dir='ltr'><strong>doctam</strong></span> <span class='ocrx_word' id='word_1_140' title='bbox 907 1971 1026 2056; x_wconf 86' lang='lat' dir='ltr'><strong>robis,</strong></span> <span class='ocrx_word' id='word_1_141' title='bbox 1059 1977 1152 2044; x_wconf 75' lang='lat' dir='ltr'><strong>nme</strong></span> <span class='ocrx_word' id='word_1_142' title='bbox 1175 1977 1290 2044; x_wconf 76' lang='lat' dir='ltr'><strong>nutem</strong></span> <span class='ocrx_word' id='word_1_143' title='bbox 1318 1979 1355 2044; x_wconf 86' lang='lat' dir='ltr'><strong>e&#39;t</strong></span> <span class='ocrx_word' id='word_1_144' title='bbox 1379 1971 1467 2044; x_wconf 82' lang='lat' dir='ltr'><strong>dens</strong></span> <span class='ocrx_word' id='word_1_145' title='bbox 1493 1971 1598 2058; x_wconf 82' lang='lat' dir='ltr'><strong>diuo,</strong></span> <span class='ocrx_word' id='word_1_146' title='bbox 1617 1975 1731 2048; x_wconf 72' lang='lat' dir='ltr'><strong>hinri-</strong></span> 
     </span>
     <span class='ocr_line' id='line_1_15' title="bbox 243 2081 1732 2184; baseline -0.001 -18"><span class='ocrx_word' id='word_1_147' title='bbox 243 2113 307 2166; x_wconf 88' lang='lat' dir='ltr'><strong>oes</strong></span> <span class='ocrx_word' id='word_1_148' title='bbox 332 2092 447 2166; x_wconf 83' lang='lat' dir='ltr'><strong>cruris</strong></span> <span class='ocrx_word' id='word_1_149' title='bbox 467 2090 609 2175; x_wconf 70' lang='lat' dir='ltr'><strong>Christi,</strong></span> <span class='ocrx_word' id='word_1_150' title='bbox 646 2081 831 2182; x_wconf 80' lang='lat' dir='ltr'><strong>¹⁹querum</strong></span> <span class='ocrx_word' id='word_1_151' title='bbox 857 2089 937 2162; x_wconf 83' lang='lat' dir='ltr'><strong>finis</strong></span> <span class='ocrx_word' id='word_1_152' title='bbox 960 2090 1124 2176; x_wconf 82' lang='lat' dir='ltr'><strong>interitus,</strong></span> <span class='ocrx_word' id='word_1_153' title='bbox 1152 2111 1302 2184; x_wconf 87' lang='lat' dir='ltr'><strong>quorum</strong></span> <span class='ocrx_word' id='word_1_154' title='bbox 1327 2091 1418 2162; x_wconf 77' lang='lat' dir='ltr'><strong>dens</strong></span> <span class='ocrx_word' id='word_1_155' title='bbox 1443 2099 1565 2164; x_wconf 81' lang='lat' dir='ltr'><strong>uenter</strong></span> <span class='ocrx_word' id='word_1_156' title='bbox 1591 2103 1627 2164; x_wconf 88' lang='lat' dir='ltr'><strong>et</strong></span> <span class='ocrx_word' id='word_1_157' title='bbox 1652 2095 1732 2184; x_wconf 77' lang='lat' dir='ltr'><strong>glo-</strong></span> 
     </span>
     <span class='ocr_line' id='line_1_16' title="bbox 243 2200 1729 2304; baseline 0 -23"><span class='ocrx_word' id='word_1_158' title='bbox 243 2212 295 2284; x_wconf 78' lang='lat' dir='ltr'><strong>rln</strong></span> <span class='ocrx_word' id='word_1_159' title='bbox 319 2212 353 2284; x_wconf 85' lang='lat' dir='ltr'><strong>&#39;m</strong></span> <span class='ocrx_word' id='word_1_160' title='bbox 376 2210 582 2284; x_wconf 75' lang='lat' dir='ltr'><strong>musione</strong></span> <span class='ocrx_word' id='word_1_161' title='bbox 605 2208 770 2301; x_wconf 84' lang='lat' dir='ltr'><strong>ipsorum,</strong></span> <span class='ocrx_word' id='word_1_162' title='bbox 798 2211 856 2302; x_wconf 85' lang='lat' dir='ltr'><strong>qui</strong></span> <span class='ocrx_word' id='word_1_163' title='bbox 882 2219 1020 2282; x_wconf 77' lang='lat' dir='ltr'><strong>terrene</strong></span> <span class='ocrx_word' id='word_1_164' title='bbox 1047 2211 1192 2304; x_wconf 75' lang='lat' dir='ltr'><strong>eupiunt.</strong></span> <span class='ocrx_word' id='word_1_165' title='bbox 1245 2200 1272 2248; x_wconf 69' lang='grc' dir='ltr'>Ἰ</span> <span class='ocrx_word' id='word_1_166' title='bbox 1288 2209 1415 2282; x_wconf 77' lang='lat' dir='ltr'><strong>Nestus</strong></span> <span class='ocrx_word' id='word_1_167' title='bbox 1442 2219 1562 2284; x_wconf 80' lang='lat' dir='ltr'><strong>mnam</strong></span> <span class='ocrx_word' id='word_1_168' title='bbox 1580 2227 1729 2284; x_wconf 81' lang='lat' dir='ltr'><strong>conuer-</strong></span> 
     </span>
     <span class='ocr_line' id='line_1_17' title="bbox 242 2327 1728 2422; baseline 0 -22"><span class='ocrx_word' id='word_1_169' title='bbox 242 2330 330 2401; x_wconf 88' lang='lat' dir='ltr'><strong>satio</strong></span> <span class='ocrx_word' id='word_1_170' title='bbox 364 2329 398 2398; x_wconf 89' lang='lat' dir='ltr'><strong>in</strong></span> <span class='ocrx_word' id='word_1_171' title='bbox 432 2329 537 2400; x_wconf 87' lang='lat' dir='ltr'><strong>caelis</strong></span> <span class='ocrx_word' id='word_1_172' title='bbox 569 2337 644 2413; x_wconf 84' lang='lat' dir='ltr'><strong>est,</strong></span> <span class='ocrx_word' id='word_1_173' title='bbox 673 2327 766 2408; x_wconf 87' lang='lat' dir='ltr'><strong>unde</strong></span> <span class='ocrx_word' id='word_1_174' title='bbox 793 2329 897 2400; x_wconf 59' lang='lat' dir='ltr'><strong>mam</strong></span> <span class='ocrx_word' id='word_1_175' title='bbox 921 2329 1134 2418; x_wconf 60' lang='lat' dir='ltr'><strong>meterem</strong></span> <span class='ocrx_word' id='word_1_176' title='bbox 1159 2337 1393 2422; x_wconf 68' lang='lat' dir='ltr'><strong>expertem</strong></span> <span class='ocrx_word' id='word_1_177' title='bbox 1412 2327 1594 2402; x_wconf 72' lang='lat' dir='ltr'><strong>dnu&#39;num</strong></span> <span class='ocrx_word' id='word_1_178' title='bbox 1615 2331 1728 2402; x_wconf 81' lang='lat' dir='ltr'><strong>lesum</strong></span> 
     </span>
     <span class='ocr_line' id='line_1_18' title="bbox 243 2440 1727 2540; baseline -0.001 -20"><span class='ocrx_word' id='word_1_179' title='bbox 243 2447 428 2527; x_wconf 81' lang='lat' dir='ltr'><strong>Christum,</strong></span> <span class='ocrx_word' id='word_1_180' title='bbox 467 2440 489 2484; x_wconf 69' lang='grc' dir='ltr'>Ἰ</span> <span class='ocrx_word' id='word_1_181' title='bbox 506 2447 564 2540; x_wconf 92' lang='lat' dir='ltr'><strong>qui</strong></span> <span class='ocrx_word' id='word_1_182' title='bbox 596 2447 796 2524; x_wconf 81' lang='lat' dir='ltr'><strong>reformavit</strong></span> <span class='ocrx_word' id='word_1_183' title='bbox 828 2469 960 2540; x_wconf 77' lang='lat' dir='ltr'><strong>corpus</strong></span> <span class='ocrx_word' id='word_1_184' title='bbox 983 2447 1179 2523; x_wconf 85' lang='lat' dir='ltr'><strong>humilitatis</strong></span> <span class='ocrx_word' id='word_1_185' title='bbox 1202 2457 1344 2522; x_wconf 81' lang='lat' dir='ltr'><strong>nostrae</strong></span> <span class='ocrx_word' id='word_1_186' title='bbox 1371 2445 1620 2538; x_wconf 81' lang='lat' dir='ltr'><strong>configuratum</strong></span> <span class='ocrx_word' id='word_1_187' title='bbox 1647 2469 1727 2519; x_wconf 87' lang='lat' dir='ltr'><strong>eor-</strong></span> 
     </span>
     <span class='ocr_line' id='line_1_19' title="bbox 242 2555 1727 2661; baseline -0.001 -23"><span class='ocrx_word' id='word_1_188' title='bbox 242 2567 319 2661; x_wconf 92' lang='lat' dir='ltr'><strong>pori</strong></span> <span class='ocrx_word' id='word_1_189' title='bbox 353 2563 514 2638; x_wconf 86' lang='lat' dir='ltr'><strong>claritatis</strong></span> <span class='ocrx_word' id='word_1_190' title='bbox 549 2559 649 2650; x_wconf 84' lang='lat' dir='ltr'><strong>suae,</strong></span> <span class='ocrx_word' id='word_1_191' title='bbox 690 2561 882 2638; x_wconf 90' lang='lat' dir='ltr'><strong>secundum</strong></span> <span class='ocrx_word' id='word_1_192' title='bbox 914 2563 1151 2658; x_wconf 82' lang='lat' dir='ltr'>operationem</span> <span class='ocrx_word' id='word_1_193' title='bbox 1174 2588 1253 2658; x_wconf 56' lang='lat' dir='ltr'><strong>1qua</strong></span> <span class='ocrx_word' id='word_1_194' title='bbox 1286 2563 1399 2658; x_wconf 78' lang='lat' dir='ltr'><strong>possit</strong></span> <span class='ocrx_word' id='word_1_195' title='bbox 1431 2565 1534 2636; x_wconf 89' lang='lat' dir='ltr'><strong>etiam</strong></span> <span class='ocrx_word' id='word_1_196' title='bbox 1568 2555 1727 2638; x_wconf 88' lang='lat' dir='ltr'><strong>subicere</strong></span> 
     </span>
     <span class='ocr_line' id='line_1_20' title="bbox 242 2684 457 2757; baseline -0.009 -1"><span class='ocrx_word' id='word_1_197' title='bbox 242 2685 307 2757; x_wconf 91' lang='lat' dir='ltr'><strong>sibi</strong></span> <span class='ocrx_word' id='word_1_198' title='bbox 333 2684 457 2756; x_wconf 87' lang='lat' dir='ltr'><strong>omnia.</strong></span> 
     </span>
    </p>
   </div>
   <div class='ocr_carea' id='block_1_3' title="bbox 959 2959 1010 3028">
    <p class='ocr_par' dir='ltr' id='par_1_3' title="bbox 959 2959 1010 3028">
     <span class='ocr_line' id='line_1_21' title="bbox 959 2959 1010 3028; baseline -0.039 0"><span class='ocrx_word' id='word_1_199' title='bbox 959 2959 1010 3028; x_wconf 87' lang='lat' dir='ltr'><strong>lv.</strong></span> 
     </span>
    </p>
   </div>
   <div class='ocr_carea' id='block_1_4' title="bbox 236 3155 1725 5026">
    <p class='ocr_par' dir='ltr' id='par_1_4' title="bbox 236 3155 1725 5026">
     <span class='ocr_line' id='line_1_22' title="bbox 319 3155 1725 3252; baseline -0.004 -20"><span class='ocrx_word' id='word_1_200' title='bbox 319 3155 480 3252; x_wconf 66' lang='lat' dir='ltr'><strong>&#39;ltaque</strong></span> <span class='ocrx_word' id='word_1_201' title='bbox 507 3161 629 3230; x_wconf 85' lang='lat' dir='ltr'><strong>fratres</strong></span> <span class='ocrx_word' id='word_1_202' title='bbox 656 3159 723 3230; x_wconf 92' lang='lat' dir='ltr'><strong>mei</strong></span> <span class='ocrx_word' id='word_1_203' title='bbox 750 3158 916 3230; x_wconf 79' lang='lat' dir='ltr'><strong>carissimi</strong></span> <span class='ocrx_word' id='word_1_204' title='bbox 943 3169 978 3230; x_wconf 93' lang='lat' dir='ltr'><strong>et</strong></span> <span class='ocrx_word' id='word_1_205' title='bbox 1004 3158 1328 3242; x_wconf 77' lang='lat' dir='ltr'><strong>desiderantissimi,</strong></span> <span class='ocrx_word' id='word_1_206' title='bbox 1357 3159 1520 3252; x_wconf 80' lang='lat' dir='ltr'><strong>gaudium</strong></span> <span class='ocrx_word' id='word_1_207' title='bbox 1548 3179 1662 3228; x_wconf 93' lang='lat' dir='ltr'><strong>meum</strong></span> <span class='ocrx_word' id='word_1_208' title='bbox 1691 3167 1725 3228; x_wconf 90' lang='lat' dir='ltr'><strong>et</strong></span> 
     </span>
     <span class='ocr_line' id='line_1_23' title="bbox 242 3269 1724 3370; baseline -0.004 -19"><span class='ocrx_word' id='word_1_209' title='bbox 242 3301 372 3352; x_wconf 83' lang='lat' dir='ltr'><strong>corona</strong></span> <span class='ocrx_word' id='word_1_210' title='bbox 405 3297 501 3361; x_wconf 89' lang='lat' dir='ltr'><strong>mea,</strong></span> <span class='ocrx_word' id='word_1_211' title='bbox 529 3278 579 3348; x_wconf 89' lang='lat' dir='ltr'><strong>sic</strong></span> <span class='ocrx_word' id='word_1_212' title='bbox 605 3285 694 3348; x_wconf 88' lang='lat' dir='ltr'><strong>state</strong></span> <span class='ocrx_word' id='word_1_213' title='bbox 720 3277 754 3346; x_wconf 91' lang='lat' dir='ltr'><strong>iu</strong></span> <span class='ocrx_word' id='word_1_214' title='bbox 782 3275 932 3360; x_wconf 89' lang='lat' dir='ltr'><strong>domiuo,</strong></span> <span class='ocrx_word' id='word_1_215' title='bbox 961 3275 1137 3347; x_wconf 89' lang='lat' dir='ltr'><strong>carissimi.</strong></span> <span class='ocrx_word' id='word_1_216' title='bbox 1189 3269 1429 3346; x_wconf 78' lang='lat' dir='ltr'><strong>’&#39;Euhodiam</strong></span> <span class='ocrx_word' id='word_1_217' title='bbox 1456 3297 1544 3368; x_wconf 79' lang='lat' dir='ltr'><strong>rogo</strong></span> <span class='ocrx_word' id='word_1_218' title='bbox 1572 3285 1607 3346; x_wconf 91' lang='lat' dir='ltr'><strong>et</strong></span> <span class='ocrx_word' id='word_1_219' title='bbox 1633 3277 1724 3370; x_wconf 77' lang='lat' dir='ltr'><strong>Syn-</strong></span> 
     </span>
     <span class='ocr_line' id='line_1_24' title="bbox 241 3386 1723 3492; baseline -0.003 -24"><span class='ocrx_word' id='word_1_220' title='bbox 241 3397 369 3492; x_wconf 83' lang='lat' dir='ltr'><strong>tychen</strong></span> <span class='ocrx_word' id='word_1_221' title='bbox 395 3395 588 3488; x_wconf 88' lang='lat' dir='ltr'><strong>depraecor</strong></span> <span class='ocrx_word' id='word_1_222' title='bbox 613 3394 650 3465; x_wconf 92' lang='lat' dir='ltr'><strong>id</strong></span> <span class='ocrx_word' id='word_1_223' title='bbox 675 3394 787 3486; x_wconf 90' lang='lat' dir='ltr'><strong>ipsum</strong></span> <span class='ocrx_word' id='word_1_224' title='bbox 814 3413 940 3485; x_wconf 80' lang='lat' dir='ltr'><strong>sapere</strong></span> <span class='ocrx_word' id='word_1_225' title='bbox 967 3395 1002 3462; x_wconf 90' lang='lat' dir='ltr'><strong>in</strong></span> <span class='ocrx_word' id='word_1_226' title='bbox 1028 3393 1180 3464; x_wconf 90' lang='lat' dir='ltr'><strong>domino.</strong></span> <span class='ocrx_word' id='word_1_227' title='bbox 1224 3386 1370 3478; x_wconf 84' lang='lat' dir='ltr'><strong>³Etiam,</strong></span> <span class='ocrx_word' id='word_1_228' title='bbox 1397 3417 1485 3488; x_wconf 79' lang='lat' dir='ltr'><strong>rogo</strong></span> <span class='ocrx_word' id='word_1_229' title='bbox 1511 3404 1613 3480; x_wconf 77' lang='lat' dir='ltr'><strong>stre,</strong></span> <span class='ocrx_word' id='word_1_230' title='bbox 1641 3416 1723 3486; x_wconf 81' lang='lat' dir='ltr'><strong>ger-</strong></span> 
     </span>
     <span class='ocr_line' id='line_1_25' title="bbox 241 3508 1722 3607; baseline -0.001 -20"><span class='ocrx_word' id='word_1_231' title='bbox 241 3537 343 3588; x_wconf 85' lang='lat' dir='ltr'><strong>mane</strong></span> <span class='ocrx_word' id='word_1_232' title='bbox 375 3535 523 3607; x_wconf 86' lang='lat' dir='ltr'><strong>conpar,</strong></span> <span class='ocrx_word' id='word_1_233' title='bbox 556 3512 683 3584; x_wconf 87' lang='lat' dir='ltr'><strong>adiuva</strong></span> <span class='ocrx_word' id='word_1_234' title='bbox 715 3512 789 3582; x_wconf 89' lang='lat' dir='ltr'><strong>illas</strong></span> <span class='ocrx_word' id='word_1_235' title='bbox 821 3533 912 3603; x_wconf 88' lang='lat' dir='ltr'><strong>quae</strong></span> <span class='ocrx_word' id='word_1_236' title='bbox 945 3532 1081 3584; x_wconf 91' lang='lat' dir='ltr'><strong>mecum</strong></span> <span class='ocrx_word' id='word_1_237' title='bbox 1107 3511 1352 3582; x_wconf 89' lang='lat' dir='ltr'><strong>laboraverunt</strong></span> <span class='ocrx_word' id='word_1_238' title='bbox 1377 3513 1411 3582; x_wconf 91' lang='lat' dir='ltr'><strong>iu</strong></span> <span class='ocrx_word' id='word_1_239' title='bbox 1438 3508 1618 3604; x_wconf 82' lang='lat' dir='ltr'><strong>evangelio</strong></span> <span class='ocrx_word' id='word_1_240' title='bbox 1646 3535 1722 3585; x_wconf 88' lang='lat' dir='ltr'><strong>eum</strong></span> 
     </span>
     <span class='ocr_line' id='line_1_26' title="bbox 242 3630 1722 3723; baseline -0.003 -17"><span class='ocrx_word' id='word_1_241' title='bbox 242 3635 416 3706; x_wconf 80' lang='lat' dir='ltr'><strong>Clemente</strong></span> <span class='ocrx_word' id='word_1_242' title='bbox 444 3641 479 3704; x_wconf 93' lang='lat' dir='ltr'><strong>et</strong></span> <span class='ocrx_word' id='word_1_243' title='bbox 505 3631 630 3702; x_wconf 86' lang='lat' dir='ltr'><strong>ceteris</strong></span> <span class='ocrx_word' id='word_1_244' title='bbox 656 3631 869 3702; x_wconf 88' lang='lat' dir='ltr'><strong>adiutoribus</strong></span> <span class='ocrx_word' id='word_1_245' title='bbox 896 3631 992 3716; x_wconf 91' lang='lat' dir='ltr'><strong>meis,</strong></span> <span class='ocrx_word' id='word_1_246' title='bbox 1020 3651 1166 3723; x_wconf 91' lang='lat' dir='ltr'><strong>quorum</strong></span> <span class='ocrx_word' id='word_1_247' title='bbox 1193 3631 1332 3702; x_wconf 89' lang='lat' dir='ltr'><strong>nomina</strong></span> <span class='ocrx_word' id='word_1_248' title='bbox 1359 3640 1438 3702; x_wconf 90' lang='lat' dir='ltr'><strong>sunt</strong></span> <span class='ocrx_word' id='word_1_249' title='bbox 1463 3630 1497 3699; x_wconf 91' lang='lat' dir='ltr'><strong>in</strong></span> <span class='ocrx_word' id='word_1_250' title='bbox 1515 3631 1602 3702; x_wconf 92' lang='lat' dir='ltr'><strong>libro</strong></span> <span class='ocrx_word' id='word_1_251' title='bbox 1620 3632 1722 3702; x_wconf 87' lang='lat' dir='ltr'><strong>vitae.</strong></span> 
     </span>
     <span class='ocr_line' id='line_1_27' title="bbox 239 3742 1722 3842; baseline -0.003 -18"><span class='ocrx_word' id='word_1_252' title='bbox 239 3743 316 3800; x_wconf 62' lang='lat'><strong>“¹⁸³</strong></span> <span class='ocrx_word' id='word_1_253' title='bbox 336 3751 493 3824; x_wconf 82' lang='lat' dir='ltr'><strong>Gaudete</strong></span> <span class='ocrx_word' id='word_1_254' title='bbox 519 3749 554 3818; x_wconf 91' lang='lat' dir='ltr'><strong>iu</strong></span> <span class='ocrx_word' id='word_1_255' title='bbox 580 3748 722 3821; x_wconf 90' lang='lat' dir='ltr'><strong>domino</strong></span> <span class='ocrx_word' id='word_1_256' title='bbox 750 3770 906 3842; x_wconf 87' lang='lat' dir='ltr'><strong>semper:</strong></span> <span class='ocrx_word' id='word_1_257' title='bbox 929 3749 1062 3822; x_wconf 75' lang='lat' dir='ltr'><strong>&#39;iterum</strong></span> <span class='ocrx_word' id='word_1_258' title='bbox 1089 3748 1185 3833; x_wconf 90' lang='lat' dir='ltr'><strong>dico,</strong></span> <span class='ocrx_word' id='word_1_259' title='bbox 1218 3750 1393 3841; x_wconf 78' lang='lat' dir='ltr'><strong>gaudete.¹</strong></span> <span class='ocrx_word' id='word_1_260' title='bbox 1431 3742 1631 3820; x_wconf 66' lang='lat' dir='ltr'><strong>“Modestia</strong></span> <span class='ocrx_word' id='word_1_261' title='bbox 1659 3771 1722 3820; x_wconf 87' lang='lat' dir='ltr'><strong>ve-</strong></span> 
     </span>
     <span class='ocr_line' id='line_1_28' title="bbox 240 3859 1723 3960; baseline -0.003 -18"><span class='ocrx_word' id='word_1_262' title='bbox 240 3881 309 3942; x_wconf 87' lang='lat' dir='ltr'><strong>stra</strong></span> <span class='ocrx_word' id='word_1_263' title='bbox 344 3880 426 3942; x_wconf 86' lang='lat' dir='ltr'><strong>ncta</strong></span> <span class='ocrx_word' id='word_1_264' title='bbox 461 3869 505 3940; x_wconf 91' lang='lat' dir='ltr'><strong>sit</strong></span> <span class='ocrx_word' id='word_1_265' title='bbox 539 3867 699 3938; x_wconf 90' lang='lat' dir='ltr'><strong>omnibus</strong></span> <span class='ocrx_word' id='word_1_266' title='bbox 732 3867 937 3939; x_wconf 91' lang='lat' dir='ltr'><strong>hominibus.</strong></span> <span class='ocrx_word' id='word_1_267' title='bbox 989 3867 1157 3938; x_wconf 91' lang='lat' dir='ltr'><strong>Dominus</strong></span> <span class='ocrx_word' id='word_1_268' title='bbox 1191 3887 1302 3960; x_wconf 90' lang='lat' dir='ltr'><strong>prope</strong></span> <span class='ocrx_word' id='word_1_269' title='bbox 1329 3877 1393 3938; x_wconf 85' lang='lat' dir='ltr'><strong>est</strong></span> <span class='ocrx_word' id='word_1_270' title='bbox 1444 3859 1562 3938; x_wconf 69' lang='lat' dir='ltr'><strong>⁰Nihil</strong></span> <span class='ocrx_word' id='word_1_271' title='bbox 1589 3869 1723 3940; x_wconf 87' lang='lat' dir='ltr'><strong>solliciti</strong></span> 
     </span>
     <span class='ocr_line' id='line_1_29' title="bbox 241 3985 1721 4080; baseline -0.001 -20"><span class='ocrx_word' id='word_1_272' title='bbox 241 3990 330 4074; x_wconf 91' lang='lat' dir='ltr'><strong>sitis,</strong></span> <span class='ocrx_word' id='word_1_273' title='bbox 366 3988 491 4060; x_wconf 90' lang='lat' dir='ltr'><strong>sedin</strong></span> <span class='ocrx_word' id='word_1_274' title='bbox 517 3985 610 4056; x_wconf 93' lang='lat' dir='ltr'><strong>omui</strong></span> <span class='ocrx_word' id='word_1_275' title='bbox 637 3987 792 4058; x_wconf 89' lang='lat' dir='ltr'><strong>oratione</strong></span> <span class='ocrx_word' id='word_1_276' title='bbox 820 3995 855 4058; x_wconf 93' lang='lat' dir='ltr'><strong>et</strong></span> <span class='ocrx_word' id='word_1_277' title='bbox 882 3987 1124 4058; x_wconf 86' lang='lat' dir='ltr'><strong>obsecratione</strong></span> <span class='ocrx_word' id='word_1_278' title='bbox 1151 4007 1229 4057; x_wconf 93' lang='lat' dir='ltr'><strong>cum</strong></span> <span class='ocrx_word' id='word_1_279' title='bbox 1256 3986 1442 4078; x_wconf 78' lang='lat' dir='ltr'><strong>gratiarum</strong></span> <span class='ocrx_word' id='word_1_280' title='bbox 1470 3987 1606 4058; x_wconf 87' lang='lat' dir='ltr'><strong>actione</strong></span> <span class='ocrx_word' id='word_1_281' title='bbox 1631 3988 1721 4080; x_wconf 89' lang='lat' dir='ltr'><strong>peti·</strong></span> 
     </span>
     <span class='ocr_line' id='line_1_30' title="bbox 239 4097 1723 4199; baseline 0 -23"><span class='ocrx_word' id='word_1_282' title='bbox 239 4109 351 4179; x_wconf 90' lang='lat' dir='ltr'><strong>tiones</strong></span> <span class='ocrx_word' id='word_1_283' title='bbox 384 4117 524 4178; x_wconf 87' lang='lat' dir='ltr'><strong>vestrae</strong></span> <span class='ocrx_word' id='word_1_284' title='bbox 557 4104 775 4178; x_wconf 89' lang='lat' dir='ltr'><strong>innotescant</strong></span> <span class='ocrx_word' id='word_1_285' title='bbox 807 4106 902 4198; x_wconf 89' lang='lat' dir='ltr'><strong>apud</strong></span> <span class='ocrx_word' id='word_1_286' title='bbox 927 4106 1041 4177; x_wconf 91' lang='lat' dir='ltr'><strong>deum.</strong></span> <span class='ocrx_word' id='word_1_287' title='bbox 1093 4097 1165 4174; x_wconf 67' lang='lat' dir='ltr'><strong>7llt</strong></span> <span class='ocrx_word' id='word_1_288' title='bbox 1199 4125 1270 4196; x_wconf 86' lang='lat' dir='ltr'><strong>pax</strong></span> <span class='ocrx_word' id='word_1_289' title='bbox 1303 4103 1376 4190; x_wconf 92' lang='lat' dir='ltr'><strong>dei,</strong></span> <span class='ocrx_word' id='word_1_290' title='bbox 1410 4125 1500 4196; x_wconf 88' lang='lat' dir='ltr'><strong>quae</strong></span> <span class='ocrx_word' id='word_1_291' title='bbox 1535 4119 1723 4199; x_wconf 87' lang='lat' dir='ltr'><strong>exsuperat</strong></span> 
     </span>
     <span class='ocr_line' id='line_1_31' title="bbox 240 4223 1721 4314; baseline -0.002 -18"><span class='ocrx_word' id='word_1_292' title='bbox 240 4247 378 4296; x_wconf 92' lang='lat' dir='ltr'><strong>omnem</strong></span> <span class='ocrx_word' id='word_1_293' title='bbox 405 4247 559 4308; x_wconf 90' lang='lat' dir='ltr'><strong>sensum,</strong></span> <span class='ocrx_word' id='word_1_294' title='bbox 593 4225 765 4297; x_wconf 89' lang='lat' dir='ltr'><strong>custodiat</strong></span> <span class='ocrx_word' id='word_1_295' title='bbox 792 4225 900 4297; x_wconf 87' lang='lat' dir='ltr'><strong>eorda</strong></span> <span class='ocrx_word' id='word_1_296' title='bbox 926 4235 1043 4297; x_wconf 90' lang='lat' dir='ltr'><strong>vestra</strong></span> <span class='ocrx_word' id='word_1_297' title='bbox 1069 4233 1104 4294; x_wconf 91' lang='lat' dir='ltr'><strong>et</strong></span> <span class='ocrx_word' id='word_1_298' title='bbox 1127 4223 1376 4314; x_wconf 80' lang='lat' dir='ltr'><strong>intellegentias</strong></span> <span class='ocrx_word' id='word_1_299' title='bbox 1403 4233 1537 4296; x_wconf 88' lang='lat' dir='ltr'><strong>vestras</strong></span> <span class='ocrx_word' id='word_1_300' title='bbox 1563 4226 1598 4294; x_wconf 90' lang='lat' dir='ltr'><strong>in</strong></span> <span class='ocrx_word' id='word_1_301' title='bbox 1625 4225 1721 4296; x_wconf 89' lang='lat' dir='ltr'><strong>Chri-</strong></span> 
     </span>
     <span class='ocr_line' id='line_1_32' title="bbox 239 4333 1721 4437; baseline 0 -23"><span class='ocrx_word' id='word_1_302' title='bbox 239 4353 293 4415; x_wconf 90' lang='lat' dir='ltr'><strong>sto</strong></span> <span class='ocrx_word' id='word_1_303' title='bbox 319 4345 406 4415; x_wconf 91' lang='lat' dir='ltr'><strong>lesu.</strong></span> <span class='ocrx_word' id='word_1_304' title='bbox 459 4333 535 4388; x_wconf 62' lang='grc' dir='ltr'><strong>ΙΙΙ)</strong></span> <span class='ocrx_word' id='word_1_305' title='bbox 553 4344 605 4413; x_wconf 90' lang='lat' dir='ltr'><strong>De</strong></span> <span class='ocrx_word' id='word_1_306' title='bbox 632 4353 765 4428; x_wconf 89' lang='lat' dir='ltr'><strong>cetero,</strong></span> <span class='ocrx_word' id='word_1_307' title='bbox 800 4346 940 4430; x_wconf 83' lang='lat' dir='ltr'><strong>fratres,</strong></span> <span class='ocrx_word' id='word_1_308' title='bbox 974 4365 1214 4437; x_wconf 90' lang='lat' dir='ltr'><strong>quaecumque</strong></span> <span class='ocrx_word' id='word_1_309' title='bbox 1241 4351 1320 4415; x_wconf 90' lang='lat' dir='ltr'><strong>sunt</strong></span> <span class='ocrx_word' id='word_1_310' title='bbox 1345 4364 1444 4428; x_wconf 89' lang='lat' dir='ltr'><strong>vera,</strong></span> <span class='ocrx_word' id='word_1_311' title='bbox 1481 4364 1721 4435; x_wconf 90' lang='lat' dir='ltr'><strong>quaecumque</strong></span> 
     </span>
     <span class='ocr_line' id='line_1_33' title="bbox 238 4461 1719 4555; baseline 0 -23"><span class='ocrx_word' id='word_1_312' title='bbox 238 4461 381 4555; x_wconf 89' lang='lat' dir='ltr'><strong>pudica,</strong></span> <span class='ocrx_word' id='word_1_313' title='bbox 417 4481 658 4552; x_wconf 87' lang='lat' dir='ltr'><strong>quaecumque</strong></span> <span class='ocrx_word' id='word_1_314' title='bbox 691 4461 795 4546; x_wconf 88' lang='lat' dir='ltr'><strong>iusta,</strong></span> <span class='ocrx_word' id='word_1_315' title='bbox 830 4484 1071 4554; x_wconf 86' lang='lat' dir='ltr'><strong>quaecumque</strong></span> <span class='ocrx_word' id='word_1_316' title='bbox 1105 4471 1240 4546; x_wconf 87' lang='lat' dir='ltr'><strong>sancta,</strong></span> <span class='ocrx_word' id='word_1_317' title='bbox 1277 4483 1516 4554; x_wconf 88' lang='lat' dir='ltr'><strong>quaecumque</strong></span> <span class='ocrx_word' id='word_1_318' title='bbox 1550 4463 1719 4546; x_wconf 86' lang='lat' dir='ltr'><strong>amabilia,</strong></span> 
     </span>
     <span class='ocr_line' id='line_1_34' title="bbox 238 4577 1720 4672; baseline -0.001 -21"><span class='ocrx_word' id='word_1_319' title='bbox 238 4599 479 4672; x_wconf 87' lang='lat' dir='ltr'><strong>quaecumque</strong></span> <span class='ocrx_word' id='word_1_320' title='bbox 504 4578 617 4648; x_wconf 88' lang='lat' dir='ltr'><strong>honae</strong></span> <span class='ocrx_word' id='word_1_321' title='bbox 643 4577 772 4662; x_wconf 85' lang='lat' dir='ltr'><strong>lamae,</strong></span> <span class='ocrx_word' id='word_1_322' title='bbox 806 4577 835 4648; x_wconf 90' lang='lat' dir='ltr'><strong>si</strong></span> <span class='ocrx_word' id='word_1_323' title='bbox 868 4603 936 4672; x_wconf 93' lang='lat' dir='ltr'><strong>qua</strong></span> <span class='ocrx_word' id='word_1_324' title='bbox 968 4583 1091 4667; x_wconf 90' lang='lat' dir='ltr'><strong>virtus,</strong></span> <span class='ocrx_word' id='word_1_325' title='bbox 1126 4582 1154 4650; x_wconf 90' lang='lat' dir='ltr'><strong>si</strong></span> <span class='ocrx_word' id='word_1_326' title='bbox 1188 4601 1256 4670; x_wconf 90' lang='lat' dir='ltr'><strong>qua</strong></span> <span class='ocrx_word' id='word_1_327' title='bbox 1289 4577 1396 4664; x_wconf 80' lang='lat' dir='ltr'><strong>laus&#39;,</strong></span> <span class='ocrx_word' id='word_1_328' title='bbox 1432 4582 1520 4651; x_wconf 89' lang='lat' dir='ltr'><strong>haec</strong></span> <span class='ocrx_word' id='word_1_329' title='bbox 1554 4581 1720 4672; x_wconf 80' lang='lat' dir='ltr'><strong>cogitate;</strong></span> 
     </span>
     <span class='ocr_line' id='line_1_35' title="bbox 236 4693 1720 4790; baseline 0.001 -22"><span class='ocrx_word' id='word_1_330' title='bbox 236 4693 354 4790; x_wconf 74' lang='lat' dir='ltr'><strong>⁹quae</strong></span> <span class='ocrx_word' id='word_1_331' title='bbox 382 4705 417 4766; x_wconf 93' lang='lat' dir='ltr'><strong>et</strong></span> <span class='ocrx_word' id='word_1_332' title='bbox 443 4696 608 4768; x_wconf 89' lang='lat' dir='ltr'><strong>didicistis</strong></span> <span class='ocrx_word' id='word_1_333' title='bbox 635 4705 671 4766; x_wconf 93' lang='lat' dir='ltr'><strong>et</strong></span> <span class='ocrx_word' id='word_1_334' title='bbox 696 4696 878 4788; x_wconf 88' lang='lat' dir='ltr'><strong>accepistis</strong></span> <span class='ocrx_word' id='word_1_335' title='bbox 905 4710 940 4769; x_wconf 91' lang='lat' dir='ltr'><strong>ct</strong></span> <span class='ocrx_word' id='word_1_336' title='bbox 966 4699 1108 4770; x_wconf 90' lang='lat' dir='ltr'><strong>audistis</strong></span> <span class='ocrx_word' id='word_1_337' title='bbox 1135 4707 1171 4768; x_wconf 94' lang='lat' dir='ltr'><strong>et</strong></span> <span class='ocrx_word' id='word_1_338' title='bbox 1196 4698 1329 4768; x_wconf 83' lang='lat' dir='ltr'><strong>vidistis</strong></span> <span class='ocrx_word' id='word_1_339' title='bbox 1353 4700 1386 4768; x_wconf 90' lang='lat' dir='ltr'><strong>in</strong></span> <span class='ocrx_word' id='word_1_340' title='bbox 1412 4721 1479 4784; x_wconf 87' lang='lat' dir='ltr'><strong>me,</strong></span> <span class='ocrx_word' id='word_1_341' title='bbox 1506 4699 1595 4770; x_wconf 91' lang='lat' dir='ltr'><strong>haec</strong></span> <span class='ocrx_word' id='word_1_342' title='bbox 1613 4699 1720 4790; x_wconf 71' lang='lat' dir='ltr'><strong>agite,</strong></span> 
     </span>
     <span class='ocr_line' id='line_1_36' title="bbox 238 4807 1719 4908; baseline 0.001 -22"><span class='ocrx_word' id='word_1_343' title='bbox 238 4829 273 4886; x_wconf 91' lang='lat' dir='ltr'><strong>et</strong></span> <span class='ocrx_word' id='word_1_344' title='bbox 299 4815 386 4886; x_wconf 92' lang='lat' dir='ltr'><strong>deus</strong></span> <span class='ocrx_word' id='word_1_345' title='bbox 412 4816 509 4908; x_wconf 88' lang='lat' dir='ltr'><strong>pacis</strong></span> <span class='ocrx_word' id='word_1_346' title='bbox 536 4813 600 4884; x_wconf 90' lang='lat' dir='ltr'><strong>erit</strong></span> <span class='ocrx_word' id='word_1_347' title='bbox 625 4814 814 4886; x_wconf 91' lang='lat' dir='ltr'><strong>vobiscum.</strong></span> <span class='ocrx_word' id='word_1_348' title='bbox 868 4807 952 4861; x_wconf 55' lang='lat'>&#39;⁰³⁵&#39;</span> <span class='ocrx_word' id='word_1_349' title='bbox 972 4817 1116 4888; x_wconf 89' lang='lat' dir='ltr'><strong>Gavisus</strong></span> <span class='ocrx_word' id='word_1_350' title='bbox 1143 4837 1219 4886; x_wconf 89' lang='lat' dir='ltr'><strong>sum</strong></span> <span class='ocrx_word' id='word_1_351' title='bbox 1246 4825 1360 4888; x_wconf 88' lang='lat' dir='ltr'><strong>autem</strong></span> <span class='ocrx_word' id='word_1_352' title='bbox 1388 4818 1421 4887; x_wconf 91' lang='lat' dir='ltr'><strong>in</strong></span> <span class='ocrx_word' id='word_1_353' title='bbox 1449 4818 1590 4888; x_wconf 90' lang='lat' dir='ltr'><strong>domiuo</strong></span> <span class='ocrx_word' id='word_1_354' title='bbox 1609 4817 1719 4888; x_wconf 89' lang='lat' dir='ltr'><strong>vehe-</strong></span> 
     </span>
     <span class='ocr_line' id='line_1_37' title="bbox 237 4932 1721 5026; baseline 0 -22"><span class='ocrx_word' id='word_1_355' title='bbox 237 4943 386 5015; x_wconf 85' lang='lat' dir='ltr'><strong>menter,</strong></span> <span class='ocrx_word' id='word_1_356' title='bbox 420 4932 580 5024; x_wconf 86' lang='lat' dir='ltr'><strong>quouiam</strong></span> <span class='ocrx_word' id='word_1_357' title='bbox 608 4932 749 5003; x_wconf 91' lang='lat' dir='ltr'><strong>tandem</strong></span> <span class='ocrx_word' id='word_1_358' title='bbox 777 4933 962 5024; x_wconf 90' lang='lat' dir='ltr'><strong>aliquando</strong></span> <span class='ocrx_word' id='word_1_359' title='bbox 989 4933 1189 5004; x_wconf 89' lang='lat' dir='ltr'><strong>relloruistis</strong></span> <span class='ocrx_word' id='word_1_360' title='bbox 1215 4957 1280 5026; x_wconf 92' lang='lat' dir='ltr'><strong>pro</strong></span> <span class='ocrx_word' id='word_1_361' title='bbox 1309 4957 1364 5005; x_wconf 91' lang='lat' dir='ltr'><strong>me</strong></span> <span class='ocrx_word' id='word_1_362' title='bbox 1393 4936 1538 5020; x_wconf 81' lang='lat' dir='ltr'><strong>sentire;</strong></span> <span class='ocrx_word' id='word_1_363' title='bbox 1573 4935 1660 5006; x_wconf 89' lang='lat' dir='ltr'><strong>sicut</strong></span> <span class='ocrx_word' id='word_1_364' title='bbox 1686 4945 1721 5005; x_wconf 91' lang='lat' dir='ltr'><strong>et</strong></span> 
     </span>
    </p>
   </div>
   <div class='ocr_carea' id='block_1_5' title="bbox 237 5044 1719 5252">
    <p class='ocr_par' dir='ltr' id='par_1_5' title="bbox 237 5044 1719 5252">
     <span class='ocr_line' id='line_1_38' title="bbox 237 5044 1719 5146; baseline -0.001 -25"><span class='ocrx_word' id='word_1_365' title='bbox 237 5050 449 5134; x_wconf 88' lang='lat' dir='ltr'><strong>sentiebatis,</strong></span> <span class='ocrx_word' id='word_1_366' title='bbox 484 5051 641 5141; x_wconf 82' lang='lat' dir='ltr'><strong>occupati</strong></span> <span class='ocrx_word' id='word_1_367' title='bbox 669 5061 783 5122; x_wconf 89' lang='lat' dir='ltr'><strong>autem</strong></span> <span class='ocrx_word' id='word_1_368' title='bbox 812 5052 924 5122; x_wconf 89' lang='lat' dir='ltr'><strong>eratis.</strong></span> <span class='ocrx_word' id='word_1_369' title='bbox 977 5044 999 5086; x_wconf 80' lang='lat'><strong>⁴¹</strong></span> <span class='ocrx_word' id='word_1_370' title='bbox 1019 5051 1096 5120; x_wconf 92' lang='lat' dir='ltr'><strong>Non</strong></span> <span class='ocrx_word' id='word_1_371' title='bbox 1123 5052 1221 5142; x_wconf 91' lang='lat' dir='ltr'><strong>quasi</strong></span> <span class='ocrx_word' id='word_1_372' title='bbox 1246 5063 1391 5145; x_wconf 88' lang='lat' dir='ltr'><strong>propter</strong></span> <span class='ocrx_word' id='word_1_373' title='bbox 1417 5053 1595 5146; x_wconf 88' lang='lat' dir='ltr'><strong>penuriam</strong></span> <span class='ocrx_word' id='word_1_374' title='bbox 1623 5053 1719 5124; x_wconf 89' lang='lat' dir='ltr'><strong>dico:</strong></span> 
     </span>
     <span class='ocr_line' id='line_1_39' title="bbox 793 5169 1159 5252; baseline -0.005 -14"><span class='ocrx_word' id='word_1_375' title='bbox 793 5171 841 5252; x_wconf 93' lang='grc' dir='ltr'>ΙΙΙ,</span> <span class='ocrx_word' id='word_1_376' title='bbox 859 5173 917 5240; x_wconf 85' lang='lat' dir='ltr'><strong>-t0</strong></span> <span class='ocrx_word' id='word_1_377' title='bbox 947 5209 994 5221; x_wconf 90' lang='lat'><strong>--</strong></span> <span class='ocrx_word' id='word_1_378' title='bbox 1022 5169 1072 5251; x_wconf 88' lang='lat' dir='ltr'><strong>lv,</strong></span> <span class='ocrx_word' id='word_1_379' title='bbox 1105 5171 1159 5236; x_wconf 87' lang='grc' dir='ltr'><strong>ΙΙ.</strong></span> 
     </span>
    </p>
   </div>
   <div class='ocr_carea' id='block_1_6' title="bbox 0 0 2114 6119">
    <p class='ocr_par' dir='ltr' id='par_1_6' title="bbox 0 0 2114 6119">
     <span class='ocr_line' id='line_1_40' title="bbox 0 0 2114 6119; baseline 0 0"><span class='ocrx_word' id='word_1_380' title='bbox 0 0 2114 6119; x_wconf 95' lang='lat' dir='ltr'><strong> </strong></span> 
     </span>
    </p>
   </div>
  </div>
 </body>
</html>
