4146 6120
302 393 305 404 ἢ
428 299 546 371 aot
812 371 816 378 ,
925 299 1410 368 εειετειιιεεεεειεοε

1791 409 1888 420 0—-

347 595 352 608 Ι
430 509 520 580 cavit
546 506 705 580 dominns
731 508 906 602 populum·
922 529 1031 579 suum.
1082 500 1106 544 ³⁴
1127 509 1344 581 Horrendum
1371 517 1426 580 est
1450 509 1603 581 incidere
1628 509 1664 579 in
1696 531 1812 582 manus
1839 510 1888 582 dei

340 629 345 642 ⁴
430 630 584 701 viventis.
635 619 977 725 ”Rememoramini
1005 639 1119 700 autern
1158 629 1327 722 pristinos
1359 629 1449 713 dies,
1487 629 1520 700 in
1559 629 1682 722 quibus
1720 630 1888 702 inluminati

432 771 594 842 magnum
620 751 799 820 certamen
821 750 1035 824 sustenuistis
1060 750 1275 843 passionum,
1314 741 1388 821 33ει
1412 749 1447 820 in
1473 751 1578 822 altero
1605 750 1756 843 quidem-
1771 751 1888 844 obpro-

431 870 514 942 briis
546 879 582 940 et
611 867 882 941 tribulationibus
916 870 1149 963 spectaculum
1187 870 1283 956 lacti,
1321 870 1356 940 in
1390 871 1497 941 altero
1531 879 1647 942 autern
1680 870 1764 942 socii
1793 871 1890 942 talita

433 989 706 1063 conversantium
733 989 853 1060 effecti.
906 978 933 1026 33
949 991 1036 1062 Nam
1063 999 1099 1061 et
1122 991 1244 1062 vinctis
1270 991 1431 1083 conpassi
1457 990 1557 1075 estis,
1590 1000 1627 1062 et
1657 990 1808 1084 rapinam
1832 991 1889 1062 bo-

432 1133 555 1182 norum
580 1118 784 1182 vestrorum*
802 1131 878 1180 cum
907 1110 1035 1202 gaudio
1066 1103 1286 1204 'suscipistis¹
1307 1120 1562 1203 cognoscentes
1586 1131 1652 1182 vos
1677 1111 1809 1183 babere
1825 1131 1890 1181 me-

432 1232 553 1303 liorem
579 1241 614 1301 ει
640 1239 835 1301 manentem
863 1229 1096 1302 substantiam.
1148 1220 1238 1280 3333)
1254 1230 1367 1302 Nolite
1393 1231 1508 1324 itaque
1539 1230 1694 1304 amittere
1725 1230 1891 1304 confiden-

433 1351 514 1423 tiam
547 1359 716 1434 vestram,
752 1371 841 1443 quae
872 1371 1034 1442 magnam
1067 1349 1173 1422 habat
1204 1351 1526 1422 remunerationem.
1577 1342 1605 1387 33
1621 1350 1784 1422 Patientia
1798 1351 1892 1422 enin

435 1472 534 1542 vobis
560 1470 757 1542 necessaria
783 1479 844 1553 est,
872 1479 908 1540 ut
933 1471 1140 1542 voluntatem
1168 1471 1224 1544 dei
1250 1471 1415 1543 iacientes
1432 1471 1615 1563 reportetis
1632 1471 1892 1564 promissionem.

432 1585 458 1628 33
474 1591 597 1662 Adbuc
623 1591 712 1662 eninr
738 1590 912 1662 modicum
946 1590 1158 1682 quantulum,
1188 1592 1245 1684 qui
1271 1603 1434 1664 venturus
1461 1602 1515 1662 est
1539 1591 1656 1661 veniet
1680 1601 1722 1662 et·
1739 1613 1809 1664 non
1832 1602 1893 1662 tar-

435 1712 545 1784 davit:
584 1703 611 1746 33
627 1712 733 1782 iustus
759 1720 874 1782 autem
901 1731 1000 1780 meus
1028 1731 1074 1780 ex
1100 1709 1169 1780 fide
1196 1711 1294 1794 vivit;
1326 1711 1422 1803 quod
1449 1710 1476 1780 si
1510 1709 1719 1782 subtraxerit
1748 1733 1808 1796 se‚.
1834 1732 1894 1782 non

436 1814 585 1926 placebit
612 1831 745 1902 animae
772 1831 881 1902 meae.
941 1821 968 1866 33
983 1830 1056 1900 Νοε
1084 1841 1198 1902 autern
1225 1852 1294 1901 non
1319 1853 1437 1902 sumus
1464 1829 1703 1902 subtractionis
1729 1831 1764 1902 in
1788 1829 1894 1924 perdi·

437 1954 578 2036 tionem,
606 1951 671 2022 sed
697 1950 777 2023 fidei
803 1952 837 2021 in
863 1949 1122 2042 adquisitionem
1150 1951 1294 2022 animae.

1149 2225 1202 2295 Xl.

468 2481 472 2492 ·
513 2427 602 2505 'Est
627 2444 741 2505 autern
771 2434 860 2505 fides
893 2432 1143 2526 sperandorum
1179 2433 1384 2518 substantia,
1420 2455 1535 2504 rerum
1567 2441 1810 2526 argumentum
1839 2449 1900 2500 non

436 2562 625 2646 parentum.
676 2547 742 2624 'ln
774 2554 839 2624 bac
872 2554 962 2624 enim
995 2552 1225 2624 testimonium
1259 2553 1432 2624 consecuti
1460 2561 1537 2624 sunt
1562 2573 1675 2624 senes.
1726 2543 1809 2598 3333)
1826 2549 1900 2620 Fide
2007 2585 2008 2594 ι

328 2699 330 2702 ·
437 2671 663 2764 intellegimus
690 2684 805 2767 aptata
831 2695 911 2744 esse
938 2674 1076 2745 saecula
1106 2671 1217 2744 verbo
1250 2672 1324 2758 dei,
1364 2683 1399 2766 ut
1431 2694 1478 2744 ex
1510 2673 1735 2744 invisibilibus
1768 2670 1901 2745 visibilia

428 2791 567 2863 fierent.
606 2781 715 2865 ‘Fide
741 2795 919 2887 plurimam
948 2793 1095 2866 hostiam
1120 2791 1209 2863 Abel
1234 2815 1338 2886 quam
1365 2794 1446 2865 Cain
1472 2793 1592 2863 obtulit
1611 2793 1696 2878 deo,
1722 2812 1901 2886 perquam

438 2913 667 2985 testimoninm
695 2924 899 2987 consecutus
925 2927 979 2986 est
1011 2935 1091 2986 csse
1125 2913 1252 2998 iustus,
1287 2913 1518 2985 testimonium
1550 2912 1754 3006 perhibente
1769 2945 1772 2952 ⁴
1788 2933 1900 2984 mune·

437 3032 531 3104 ribus
566 3034 639 3105 eius
674 3034 759 3120 deo,
796 3043 830 3107 et
861 3055 925 3128 per
956 3035 1047 3106 illam
1080 3033 1259 3105 dehinctus
1291 3032 1404 3105 adbuc
1438 3034 1593 3127 loquitur.
1645 3025 1760 3106 ⁵Fide
1792 3030 1902 3104 Enoch

437 3154 619 3226 translatus
645 3166 698 3226 est
730 3175 774 3226 ne
807 3153 941 3226 videret
973 3163 1139 3239 mortem,
1174 3162 1211 3224 et
1243 3175 1313 3226 non
1344 3154 1598 3238 inveniebatur,
1633 3153 1712 3246 quia
1743 3149 1904 3227 transtulit

436 3273 528 3344 illum
555 3273 658 3346 deus:
685 3285 764 3348 ante
791 3276 1046 3348 translationem
1074 3273 1164 3346 enim
1191 3273 1422 3345 testimoninm
1448 3273 1601 3346 babebat
1625 3273 1808 3367 placuisse·
1825 3272 1902 3352 deo;

437 3384 542 3464 ⁶sine
557 3399 560 3410 ’
573 3393 643 3466 fide
677 3404 790 3467 autem
823 3395 1023 3488 inpossibile
1056 3402 1111 3466 εει
1139 3391 1312 3488 plaeere':
1347 3393 1492 3466 credere
1518 3393 1609 3464 enim
1641 3403 1782 3487 oportet
1809 3412 1903 3472 acce-

438 3510 578 3586 dentem
604 3514 649 3587 ad
676 3513 797 3600 deum,
831 3515 911 3607 quia
936 3524 990 3586 est
1020 3523 1055 3585 et
1087 3514 1333 3608 inquirentibus
1365 3535 1406 3584 se
1437 3522 1675 3586 remunerator
1699 3512 1746 3584 iit.
1799 3507 1904 3582 lFide

437 3634 514 3706 Noe
539 3655 709 3728 responso
736 3645 880 3729 accepto
908 3635 953 3706 de
979 3635 1031 3706 his
1059 3655 1156 3727 quac¹
1175 3633 1288 3708 adhuc
1308 3656 1378 3706 non
1394 3634 1609 3720 videbantur,
1637 3641 1904 3726 metuensapta-

437 3755 486 3826 vit
512 3775 627 3826 arcam
653 3756 688 3825 in
701 3755 858 3826 salutem
885 3754 1011 3827 domus
1026 3777 1137 3840 suae,
1168 3777 1368 3850 perquam
1401 3755 1576 3828 damnavit
1607 3752 1773 3826 mundum
1800 3763 1836 3825 et
1859 3751 1905 3822 iu-

438 3874 549 3945 stitiae
567 3895 656 3967 quae
681 3895 745 3968 per
770 3875 875 3948 fidem
893 3885 947 3946 est
971 3876 1076 3948 heres
1104 3887 1158 3948 est
1183 3876 1364 3948 institutus.
1415 3867 1526 3947 ⁸Fide
1553 3875 1611 3969 qni
1635 3884 1781 3948 vocatur
1799 3874 1905 3945 Abra-

439 3995 520 4066 ham
547 3994 724 4066 oboedivit
749 3994 783 4064 in
808 3996 921 4066 locum
948 3996 1045 4067 exire
1071 4017 1174 4089 quem
1200 4004 1405 4090 accepturus
1431 4004 1507 4068 erat
1537 3995 1570 4067 in
1602 3993 1847 4079 hereditatem,
1877 4001 1907 4062 et

439 4116 522 4187 exiit
548 4116 706 4188 nesciens
732 4137 802 4208 qno
828 4115 900 4185 iret.
922 4111 924 4118 “
949 4108 1059 4189 ⁹Fide
1084 4126 1239 4188 moratus
1265 4123 1320 4186 est
1344 4115 1378 4184 in
1404 4123 1496 4186 terra
1521 4115 1806 4210 repromissionis.
1825 4126 1906 4186 tanr-

440 4220 544 4329 quam
576 4236 612 4306 in
644 4237 771 4321 aliena,
805 4236 839 4306 in
870 4236 994 4308 casulis
1027 4236 1229 4322 habitando,
1264 4235 1465 4308 cunisam
1491 4235 1653 4308 etzlacob
1680 4235 1907 4308 coheredibus

439 4356 715 4449 repromissionis
749 4354 921 4428 eiusdem:
961 4349 988 4393 ro
1004 4357 1212 4450 expectabat
1246 4355 1335 4427 enim
1368 4355 1590 4427 fundamenta
1615 4356 1803 4430 habentem
1830 4353 1907 4425 civi-

372 4553 375 4562 ,
440 4485 561 4562 tatam4
597 4477 692 4548 cuius
725 4477 847 4548 artilex
873 4488 908 4548 ct
934 4476 1091 4550 conditor
1117 4477 1214 4549 deus.
1267 4467 1289 4512 ⁴⁴
1305 4464 1356 4520 (33)
1373 4475 1458 4548 Fide
1485 4485 1520 4546 ει
1544 4476 1621 4570 ipsa
1647 4478 1750 4549 Sarra
1764 4471 1908 4548 sterehs

221 4669 224 4676 ,
310 4589 316 4614 “
440 4598 596 4670 virtutem
627 4597 661 4668 in
693 4597 956 4690 conceptionem
987 4597 1126 4670 seminis
1159 4597 1293 4691 accepit
1324 4595 1426 4667 etiam
1453 4604 1592 4689 praeter
1617 4606 1753 4691 tempus
1781 4594 1908 4674 aetatis,

441 4720 601 4811 qnoniam
628 4716 766 4790 fidelem
793 4717 938 4790 credidit
963 4739 1042 4790 esse
1070 4720 1127 4812 qui
1152 4717 1366 4812 promiserat.
1419 4709 1444 4753 33
1460 4715 1605 4810 Propter
1636 4719 1732 4810 qnod
1763 4717 1812 4789 ab
1845 4735 1909 4786 uno

441 4840 504 4910 orti
532 4847 616 4923 sunt,
644 4848 679 4910 et
705 4839 771 4910 boc
798 4848 965 4924 emortuo,
993 4849 1167 4934 tamquam
1194 4839 1320 4940 sidera!
1336 4837 1421 4909 caeli
1446 4837 1481 4908 in
1506 4837 1753 4910 multitudinem
1774 4846 1811 4908 et
1829 4835 1910 4906 sicut

442 4953 566 5030 'arena
593 4981 681 5052 quae
712 4969 765 5031 εει
797 4957 842 5030 ad
876 4981 972 5030 oram
1005 4959 1108 5032 maris
1141 4957 1403 5032 innumerabilis.
1456 4949 1482 4994 33
1497 4959 1595 5030 iuxta
1610 4957 1731 5030 tidem
1762 4953 1909 5030 debrncti

440 5089 518 5150 sunt
550 5101 672 5150 omnes
703 5079 772 5164 isti,
807 5101 875 5150 non
909 5080 1060 5174 acceptis
1085 5077 1428 5173 repromissionibus‚'
1464 5077 1527 5149 sed
1553 5101 1574 5151 a
1600 5081 1703 5172 longe
1729 5099 1792 5150 eas
1820 5073 1911 5168 aspi·

994 5201 1034 5282 X,
1062 5203 1102 5269 3ι
1141 5239 1183 5250 -
1212 5199 1265 5284 Xl‚
1296 5202 1351 5269 t3.
