4146 6120
561 1295 709 1370 INCIPIT
743 1293 1044 1372 ARGUMENTUM
1076 1293 1136 1368 ΑΙ)
1170 1294 1377 1368 HEBIIIIOS.

334 1507 509 1630 Inprimis·
527 1534 713 1610 dicendum
746 1545 801 1628 est
832 1557 893 1608 cur
925 1534 1103 1627 aposlolus
1138 1534 1264 1608 Paulus
1298 1535 1332 1606 in
1365 1536 1431 1606 hac
1458 1533 1604 1627 epistula
1630 1538 1716 1608 scri-

229 1655 348 1728 bendo
380 1677 451 1728 non
478 1655 670 1726 servaverit
695 1677 829 1728 morem
864 1677 979 1740 suum,
1015 1662 1053 1724 ut
1084 1653 1141 1724 vel
1173 1655 1381 1728 vocabulum
1409 1653 1558 1726 nominis
1583 1655 1637 1728 sui
1661 1659 1718 1728 vel

231 1775 361 1847 ordinis
389 1773 558 1846 scriberet
584 1772 794 1868 dignitatem.
848 1775 943 1845 Haec
970 1793 1076 1844 causa
1103 1782 1157 1843 est
1184 1773 1278 1866 quod
1304 1773 1350 1847 ad
1377 1795 1441 1846 eos
1475 1774 1632 1846 scribens
1659 1777 1716 1870 qui

229 1915 276 1965 ex
302 1893 564 1966 circumcisione
591 1893 812 1968 crediderant
839 1893 938 1987 quasi
958 1893 1117 1986 'gentium
1144 1893 1325 1986 apostolus
1352 1903 1388 1964 et
1413 1915 1483 1965 non
1510 1895 1715 1967 Haebraeo-

228 2036 314 2098 rum,
343 2013 456 2084 sciens
483 2033 623 2106 quoque
650 2035 771 2086 eorum
799 2012 999 2106 superbiam
1027 2033 1195 2104 suamque
1221 2011 1446 2084 humilitatem
1471 2015 1548 2106 ipse
1566 2013 1716 2087 demon-

228 2139 357 2219 straus,
385 2133 546 2209 meritum
580 2131 683 2204 officii
718 2131 772 2202 sui
808 2131 916 2202 noluit
947 2132 1127 2204 anteierre.
1180 2131 1268 2204 Nam
1303 2132 1403 2204 simili
1429 2131 1537 2206 modo
1563 2135 1632 2208 iarn
1659 2136 1716 2206 lo-

227 2251 360 2325 hannes
386 2253 565 2346 apostolus
592 2261 736 2346 propter
761 2251 983 2321 humilitatem
1009 2251 1043 2321 in
1066 2250 1210 2344 epistula
1237 2272 1300 2322 sua
1325 2273 1454 2324 nornen
1472 2274 1572 2324 suum
1590 2254 1715 2326 eadem

226 2371 360 2444 ratione
377 2391 448 2444 nou
473 2371 641 2466 praetulit
686 2372 783 2442 Hanc
800 2389 886 2462 ergo
915 2369 1097 2464 epistulam
1123 2369 1230 2442 fertur
1248 2371 1427 2464 apostolus
1445 2369 1491 2444 ad
1513 2365 1715 2446 'Hebraeos

226 2490 457 2583 conscriptam
484 2490 670 2562 haebraica
695 2490 811 2582 lingua
838 2487 989 2560 misisse:
1018 2487 1115 2558 cuius
1141 2509 1282 2558 sensum
1309 2499 1344 2560 et
1370 2490 1526 2564 ordinem
1562 2493 1715 2564 retinens

225 2609 335 2686 Irusas
355 2610 568 2704 evangelista
585 2620 667 2706 post
683 2630 871 2682 excessum
888 2607 981 2680 beati
999 2607 1150 2700 apostoli
1168 2629 1299 2700 graeco
1319 2629 1483 2682 sermone
1500 2611 1713 2704 conscripsit.

733 2742 907 2808 EXPLICIT
932 2740 1203 2808 ARGUMENTUII.

580 3000 789 3072 INCIPIUNT
824 2998 989 3078 BREVES
1023 2998 1083 3070 Ab
1115 2997 1353 3071 bubuleos

331 3203 353 3272 l.
380 3204 433 3274 De
460 3203 594 3276 Christo
621 3202 716 3295 quod
744 3202 833 3276 deus
860 3203 918 3274 sit:
952 3203 1043 3274 circa
1071 3199 1238 3276 'ludaeos
1265 3197 1458 3276 ‘exortatIo
1484 3205 1709 3276 multiformis.

316 3319 352 3392 11.
379 3321 431 3392 De
458 3321 634 3414 suppliciis
667 3341 757 3413 quae
792 3320 945 3393 evadere
980 3309 1174 3414 'nequeunt
1200 3317 1434 3414 'praeconum
1469 3322 1591 3394 Christi
1623 3346 1710 3394 con-

382 3450 582 3534 temptores.

252 3635 256 3645 ,
304 3564 352 3638 ΙΙΙ.
378 3563 432 3632 lle
457 3559 631 3632 salvatore
658 3560 711 3632 cui
738 3559 894 3630 subiecta
922 3569 1002 3630 sunt
1028 3559 1153 3645 omnia,
1182 3560 1413 3652 omnibusque
1439 3560 1514 3654 ipse
1540 3581 1606 3656 per
1621 3583 1708 3656 pas-

374 3680 509 3753 sionem
537 3679 712 3756 subiectus
739 3689 803 3752 est.

290 3803 352 3876 llll.
378 3803 431 3874 De
457 3799 621 3894 passione
647 3821 712 3895 per
731 3807 835 3893 duam
862 3799 1033 3872 destruxit
1059 3799 1236 3872 diabulum
1262 3799 1398 3893 sibique
1425 3799 1549 3872 tratres
1565 3799 1706 3876 heaut.

314 3924 353 3994 V.
380 3922 433 3992 De
459 3919 565 4014 plebe
592 3919 745 4012 gentium
772 3913 896 4011 'quam
923 3917 1067 3990 domum
1094 3918 1216 3992 Christi
1242 3939 1322 3990 esse
1349 3917 1523 3992 disseruit.

301 4043 353 4114 Vl.
379 4043 432 4114 lle
459 4049 552 4112 terra
572 4033 883 4134 ·‘repromissionis,
912 4059 1015 4130 quam
1042 4033 1209 4110 'ludaeos
1235 4036 1431 4132 perfidem
1458 4035 1594 4130 ingredi
1620 4033 1706 4110 'ex-

373 4159 537 4231 hortatur.

284 4277 349 4348 Vll.
376 4279 429 4349 De
456 4273 694 4350 'sacramento
720 4275 790 4348 diei
817 4277 953 4370 septimi
980 4285 1015 4346 et
1041 4277 1233 4350 millensimi
1259 4277 1348 4350 enni.

269 4395 351 4465 v111.
378 4397 431 4466 De
456 4397 568 4468 verbo
594 4395 722 4480 divino,
751 4395 846 4488 quod
872 4396 985 4468 solum
1012 4405 1129 4489 potest
1152 4397 1294 4468 crimina
1316 4396 1461 4489 expiare
1478 4391 1703 4466 credentium.

294 4513 348 4586 IX.
374 4513 428 4589 De
453 4514 591 4588 ludaeis
618 4534 707 4606 quos
733 4535 819 4606 prae
847 4515 1007 4588 omnibus
1033 4515 1202 4587 Christum
1229 4513 1381 4608 oportuit
1404 4534 1574 4586 venerari.

306 4631 346 4701 X.
373 4633 426 4703 De
453 4633 631 4718 Hebraeis,
659 4631 755 4724 quod
781 4633 1015 4724 ignoraverint
1041 4633 1147 4706 deum
1165 4642 1201 4703 et
1218 4633 1343 4706 luerint
1360 4632 1434 4704 siue
1452 4631 1579 4706 iudicio
1598 4630 1702 4701 caeci.

290 4751 342 4821 XI.
369 4753 422 4824 De
449 4773 553 4826 cruce
580 4751 717 4838 Christi,
754 4773 857 4846 quam
891 4751 1007 4824 denuo
1040 4753 1075 4824 iu
1107 4753 1332 4846 peccantibus
1365 4761 1446 4845 post
1471 4751 1702 4846 paenitentiae

369 4865 631 4962 'indulgentiam
658 4871 811 4944 sustinet.

272 4989 339 5060 llll.
366 4990 419 5060 De
446 4991 687 5062 exhortatione
714 4989 891 5061 ministerii
918 5000 1125 5076 sauctorum,
1154 4990 1261 5062 etde
1289 4983 1437 5064 ‘domini
1455 4987 1699 5061 iusiurandum.

261 5109 341 5182 XIII.
368 5109 420 5180 De
446 5109 515 5180 filio
543 5110 610 5194 dci,
638 5110 695 5202 qui
721 5109 976 5182 Melchisedech
1003 5133 1073 5181 nou
1099 5111 1259 5182 inmerito
1286 5117 1502 5206 conparatus.

245 5229 337 5299 Xllll.
364 5229 416 5298 De
443 5229 666 5300 inmutatione
693 5229 779 5320 legis
807 5229 935 5303 veteris
964 5239 999 5300 et
1025 5228 1219 5302 sacerdotii.

1343 5341 1395 5413 ls·
