4146 6120
736 307 916 372 esistunt
942 311 994 372 AD
1022 307 1223 372 uesaleos
1543 353 1549 365 -
1645 313 1718 384 36³

801 415 941 422 ..ψ-...-
965 413 1193 422 ------.---

239 518 452 602 desinenter,
479 538 667 609 numquam
695 521 809 608 potest
836 513 1047 584 accedentes
1074 513 1249 605 perlectos
1274 515 1409 586 lacera:
1449 511 1624 612 ’alioquin
1651 543 1720 593 non

240 648 440 711 cessassent
466 637 590 722 offerri,
617 635 699 708 ideo
727 634 823 726 qucd
849 635 977 706 nullam
1006 632 1178 704 baberent
1204 634 1291 724 ultra
1317 638 1566 712 conscientiam
1584 643 1718 732 peceati

240 760 390 830 cultores
417 759 526 830 semel
552 753 736 830 mundati?
788 744 891 826 ³Sed
918 753 952 824 in
979 753 1065 847 ipsis
1092 755 1379 828 commemoratio
1404 769 1628 850 peccalorum
1654 785 1719 856 per

240 879 396 971 singulos
422 901 532 950 annos
558 877 611 949 lit:
650 867 879 968 ‘inpossibile
903 873 994 946 enim
1020 883 1076 944 est
1099 872 1266 966 sanguine
1290 885 1467 948 taurorum
1493 889 1528 950 et
1545 879 1716 952 hircorum

239 999 363 1070 auferri
389 1009 542 1092 peecata.
594 991 708 1068 ⁵ldeo
734 993 936 1086 ingrediens
963 992 1131 1064 mundum
1157 993 1239 1064 dicit
1265 994 1419 1068 Hostiam
1446 1009 1482 1070 et
1508 999 1716 1072 oblationem
1808 1045 1811 1052 ·

239 1120 393 1205 uoluisti,
427 1141 555 1214 corpus
589 1103 705 1190 autem
740 1113 862 1208 aptasti
899 1112 1000 1196 mihi,
1040 1103 1370 1188 ⁶hotocaustomata
1405 1125 1441 1188 et
1473 1140 1537 1210 pro
1571 1131 1716 1213 peccato

204 1301 207 1318 .
239 1263 308 1314 non
335 1241 394 1312 tibi
422 1239 567 1334 placuit:
605 1233 713 1308 ⁷tunc
738 1234 810 1308 dini
836 1233 930 1304 Ecce
956 1231 1070 1318 venio,
1098 1234 1132 1304 in
1159 1235 1271 1328 capite
1297 1235 1372 1306 libri
1400 1237 1564 1330 scriptum
1591 1252 1647 1313 est
1671 1241 1717 1314 de
1794 1329 1796 1341 Ι

239 1383 312 1446 me,
339 1371 377 1432 ut
400 1361 540 1444 faciam,
568 1359 672 1444 deus,
698 1357 911 1428 voluntatem
938 1363 1041 1426 tuam.
1092 1346 1286 1448 8Superius
1320 1354 1440 1426 dicens
1475 1359 1555 1450 quia
1588 1361 1718 1434 hostias

240 1492 275 1552 et
300 1482 493 1554 oblationes
519 1489 554 1551 et
578 1480 875 1552 holocaustomata
902 1482 938 1544 et
963 1494 1027 1566 pro
1055 1483 1199 1568 peccato
1226 1475 1362 1546 noluisti
1389 1497 1454 1548 nec
1485 1473 1607 1571 placita
1639 1493 1717 1554 sunt

239 1601 308 1686 tibi,
337 1622 429 1694 quae
455 1599 645 1672 secundum
671 1599 785 1702 legem
812 1597 1017 1678 offeruntur,
1055 1587 1161 1668 ⁹tunc
1182 1594 1269 1668 dixit
1284 1596 1376 1666 Ecce
1399 1597 1500 1668 venio
1526 1603 1715 1686 etfaciam,

239 1723 343 1804 deus,
378 1721 588 1792 voluntatem
620 1729 724 1790 trram.
776 1717 896 1788 Aufert
927 1713 1074 1808 primum
1107 1725 1144 1786 ut
1176 1735 1327 1808 sequens
1358 1725 1501 1804 statuat;
1541 1713 1568 1758 ¹⁰
1584 1722 1618 1792 in
1649 1745 1717 1816 qua

239 1843 414 1914 voluntate
440 1838 638 1912 sanctificati
665 1837 784 1911 sumus
808 1859 874 1931 per
901 1835 1110 1908 oblationem
1136 1835 1294 1929 corporis
1309 1837 1388 1908 lesu
1404 1837 1526 1910 Christi
1546 1841 1579 1912 in
1598 1846 1715 1916 semel.

239 1954 260 1998 ¹¹
280 1963 321 2033 Et
353 1961 467 2033 omnis
498 1959 637 2054 quidem
673 1957 839 2030 sacerdos
871 1965 1013 2050 praesto
1046 1965 1101 2028 est
1134 1954 1261 2026 cotidie
1288 1955 1482 2031 ministrans
1509 1969 1544 2030 et
1571 1965 1715 2036 easdem

239 2104 347 2174 saepe
374 2081 524 2152 offerens
551 2079 689 2163 hostias,
717 2099 807 2170 quae
833 2097 1020 2170 numquam
1046 2085 1191 2171 possunt
1218 2077 1352 2148 auferre
1370 2087 1530 2170 peccata:
1558 2071 1647 2130 ΗΜ)
1661 2081 1715 2154 hic

238 2211 352 2273 autem
381 2223 481 2272 unam
509 2223 573 2294 pro
600 2197 752 2292 peccatis
779 2197 929 2268 offerens
955 2196 1101 2270 bostiam
1129 2197 1163 2266 in
1189 2197 1436 2288 sempiternum
1463 2197 1555 2270 sedit
1571 2199 1605 2270 in
1624 2203 1713 2274 dex-

237 2332 312 2392 tera
346 2321 420 2404 dei,
460 2312 486 2356 ⁴³
503 2319 549 2392 de
582 2327 699 2389 cetero
731 2327 921 2410 expectans
948 2316 1063 2388 donec
1088 2323 1259 2410 ponantur
1284 2315 1408 2387 inimici
1436 2318 1510 2390 eius
1537 2319 1712 2394 scabillum

237 2442 366 2534 pedum
393 2440 477 2512 eius.
522 2429 633 2510 “Una
660 2437 750 2510 enim
777 2437 950 2510 oblatione
977 2436 1227 2508 consummavit
1253 2436 1285 2506 in
1313 2436 1559 2530 sempiternum
1586 2443 1712 2513 sancti-

235 2559 363 2632 ficatos.
423 2551 449 2597 ¹⁵
467 2561 685 2632 Contestatur
719 2567 832 2628 autem
866 2559 931 2628 nc's
965 2565 1000 2628 et
1031 2555 1169 2650 spiritus
1200 2563 1362 2628 sanctus:
1402 2566 1587 2650 postquam
1621 2562 1739 2658 enim·

236 2681 322 2752 dixit
360 2673 386 2718 ¹⁸
402 2684 475 2752 lloe
510 2689 625 2750 autem
657 2684 899 2748 testamentum
933 2675 1029 2770 quod
1063 2675 1219 2750 testabor
1244 2675 1291 2748 ad
1316 2675 1393 2748 illos
1419 2685 1499 2770 post
1524 2677 1600 2752 dies
1614 2681 1710 2768 -iuos,

235 2801 316 2871 dicit
342 2801 513 2884 dominus,
540 2797 658 2871 dando
685 2797 782 2889 leges
809 2819 907 2870 meas
934 2797 967 2868 in
993 2795 1157 2870 cordibus
1183 2815 1315 2882 eorum,
1342 2805 1378 2868 et
1401 2795 1435 2866 in
1457 2807 1573 2868 mente
1590 2820 1710 2872 eorum

236 2921 492 3012 superscribam
525 2941 604 3003 eas,
644 2910 669 2954 ¹⁷
683 2925 718 2988 et
752 2927 975 3010 peecatorum
1010 2927 1044 2988 et
1075 2915 1286 3008 iniquitatum
1314 2937 1436 2988 ecmm
1462 2917 1530 2988 iam
1556 2940 1626 2990 non
1652 2941 1709 2992 re-

235 3037 410 3108 cordabor
436 3038 591 3130 amplius.
644 3027 670 3072 ⁴⁸
688 3036 750 3108 Ubi
776 3046 891 3108 numm
918 3037 1040 3109 borum
1066 3033 1244 3118 remissio,
1277 3034 1347 3108 iam
1380 3055 1450 3110 nou
1484 3036 1610 3108 oblatio
1644 3061 1708 3131 pro

234 3166 389 3249 peccato.
442 3145 527 3202 ω)
546 3154 719 3228 liabentoe
745 3157 877 3248 itaque,
913 3157 1052 3238 fratres,
1085 3153 1244 3226 fiduciam
1277 3154 1313 3226 io
1343 3155 1480 3228 introitu
1511 3165 1708 3230 sanctourm

235 3277 267 3348 in
293 3275 460 3368 sanguine
478 3273 615 3358 Christi,
655 3265 796 3366 ”quam
822 3275 965 3348 initiavit
989 3273 1090 3349 nobis
1115 3273 1206 3348 nam
1232 3293 1359 3346 novam
1386 3283 1422 3346 et
1445 3273 1618 3350 viventem
1644 3299 1709 3372 por

233 3395 406 3478 velamen,
434 3394 469 3466 id
496 3405 551 3466 est
575 3414 715 3466 carnem
741 3416 858 3476 suam,
896 3387 920 3432 ²¹
939 3406 975 3469 et
999 3392 1219 3468 sacerdotem
1246 3415 1408 3487 magnum
1435 3417 1540 3489 super
1565 3397 1706 3470 domum

233 3514 309 3594 dei,
345 3507 594 3590 ”accedamus
621 3537 697 3588 cum
724 3535 810 3588 vero
836 3515 945 3588 corde
970 3517 1005 3588 in
1030 3513 1240 3609 plenitudine
1265 3513 1362 3600 fidei,
1395 3507 1573 3610 'adspersi
1599 3518 1708 3592 corda

233 3657 253 3706 a
280 3635 490 3708 conscientia
516 3635 606 3708 mala
632 3645 668 3708 et
693 3636 797 3708 abluti
825 3659 951 3732 corpus
977 3659 1069 3730 aqua
1095 3635 1240 3722 munda,
1278 3627 1305 3672 ⁹³
1318 3645 1498 3709 teneamus
1525 3639 1607 3732 spei
1640 3661 1705 3711 no-

232 3769 324 3828 strae
351 3751 605 3829 consessionem
630 3755 920 3830 indeclinabilem:
953 3757 1064 3832 fidebs
1089 3755 1180 3828 enim
1205 3765 1261 3830 est
1292 3755 1351 3848 qui
1381 3758 1593 3849 repromisit:
1628 3749 1655 3798 ²⁴
1671 3771 1706 3832 et

231 3877 494 3952 consideremus
525 3875 672 3950 invicem
706 3877 741 3949 in
772 3879 1056 3973 provocationem
1091 3875 1240 3950 caritatis
1272 3883 1309 3948 et
1342 3876 1512 3948 honorum
1551 3861 1722 3973 operum,

230 3990 256 4036 ¹⁵
272 4019 343 4072 non
368 3997 572 4072 deserentes
599 3997 835 4072 collectionem
862 4008 1032 4084 nostram,
1066 3997 1154 4072 sicut
1185 4007 1240 4068 est
1270 3995 1527 4070 consuetudirds
1560 3999 1702 4092 quibus-
1768 4027 1772 4038 ·

230 4117 327 4203 dam,
355 4117 422 4190 sed
446 4119 685 4204 consolantes,
719 4130 755 4192 et
780 4129 874 4192 tanto
902 4120 1012 4214 magis
1038 4125 1166 4211 quanto
1192 4115 1344 4190 videritis
1370 4115 1702 4212 adpropinquantem

221 4235 333 4336 diem
372 4230 399 4278 ’ὅ
412 4239 631 4312 Voluntariae
657 4240 749 4312 euim
774 4239 998 4335 peccantibus
1022 4237 1123 4312 uobis
1149 4247 1230 4330 post
1255 4245 1432 4330 acceptam
1457 4239 1611 4312 notitiam
1637 4263 1701 4312 ve-

228 4355 336 4428 ritatis
360 4357 429 4430 iam
455 4378 526 4430 non
550 4358 748 4450 relinquitur
773 4382 837 4453 pro
864 4359 1016 4452 peccatis
1042 4357 1172 4444 hostia,
1211 4349 1237 4396 fl
1254 4337 1412 4430 terribilis
1444 4367 1559 4432 autem
1590 4382 1699 4454 quee-
1780 4361 1784 4368 '

228 4474 309 4548 dam
336 4477 532 4570 expectatio
558 4476 690 4563 iudicii,
723 4487 759 4550 et
783 4479 870 4570 ignis
898 4479 1080 4554 aemulatio
1107 4499 1198 4572 quoe
1224 4485 1468 4570 consumptura
1493 4489 1548 4552 est
1572 4481 1699 4554 adver-

228 4597 349 4670 sarios.
383 4585 618 4670 ”littorium
644 4597 721 4690 quis
747 4599 876 4671 taciem
902 4599 1016 4692 legem
1033 4599 1121 4672 llosi
1140 4599 1214 4670 sine
1236 4597 1302 4670 ulla
1325 4596 1543 4672 miseratione
1560 4600 1698 4674 duobus

226 4718 283 4788 vel
317 4717 424 4790 tribus
455 4718 618 4790 moritur:
658 4710 685 4758 ⁹
702 4728 830 4812 quanto
863 4720 974 4812 magis
1007 4719 1131 4812 putatis
1163 4717 1337 4792 deteriora
1371 4720 1497 4790 mereri
1537 4721 1702 4815 supplicia

226 4837 284 4929 qui
317 4837 420 4910 filium
455 4837 513 4912 dei
545 4839 800 4912 conculcaverit
831 4849 867 4912 et
897 4841 1100 4934 sanguinem
1135 4839 1330 4914 mammasti
1361 4839 1526 4932 potuum
1552 4841 1699 4928 duxent,

227 4957 259 5028 in
286 4979 356 5051 quo
384 4957 612 5032 sanctificatus
638 4969 708 5046 est,
743 4967 779 5032 et
804 4959 935 5056 spiritui
960 4961 1091 5052 patae
1118 4960 1358 5034 contumeliam
1384 4959 1529 5032 lecerit?
1580 4955 1607 5000 ³⁰
1624 4963 1699 5034 Sci-

226 5099 301 5150 mus
328 5077 419 5152 enim
446 5079 505 5174 qui
530 5077 617 5154 dixit
641 5079 720 5152 blihi
746 5080 947 5166 vindictam,
982 5103 1050 5176 ego
1077 5079 1232 5156 reddam.
1285 5079 1327 5152 llt
1352 5079 1476 5154 iterum
1503 5083 1582 5175 quia
1610 5083 1698 5156 iudi-
1749 5077 1760 5092 ⁶

830 5201 996 5288 lb2-
1026 5205 1084 5275 30.

1315 5319 1396 5394 ld*
