4254 6130
712 365 821 429 LIBER
846 363 1000 428 ACTUllhl
1026 359 1307 426 APOSTOLORUll
1679 353 1753 424 229

262 584 363 646 extra
389 571 511 644 dicens
537 591 642 664 quam
668 590 712 642 ea
739 587 831 660 quae
858 566 1053 661 prophetae
1086 571 1164 636 sunt
1190 560 1292 632 locuti
1320 560 1432 632 lutura
1459 579 1541 630 esse
1568 565 1603 628 et
1628 557 1754 640 Moses,

261 686 288 732 ’Β
301 691 330 764 si
360 689 534 786 passibilis
568 687 742 774 Christus,
778 686 807 758 si
842 687 973 779 primus
1008 705 1056 756 ex
1089 679 1341 756 resurrectione
1382 688 1597 750 mortuorum
1639 677 1756 748 lumen

122 863 124 868 -
264 810 526 884 adnuntiaturus
559 817 615 880 est
640 806 772 902 popolo
805 804 1039 897 algentibus.
1092 793 1119 842 ⁹⁴
1135 802 1231 873 llaec
1263 799 1427 892 loquente
1454 818 1499 868 eo
1527 806 1562 868 et
1587 797 1778 902 rationem·

263 929 435 1002 reddente
467 928 589 998 Festus
623 948 750 1019 magna
775 945 867 996 voce
894 923 982 996 dixit
1007 923 1156 1006 lnsauis,
1174 919 1306 992 Paule:
1335 918 1462 990 multae
1490 925 1523 988 te
1549 915 1683 988 litterae
1710 912 1757 986 ad
1812 932 1818 944 ·

263 1049 430 1121 insaniam
458 1054 672 1118 convertunt
724 1037 752 1080 ’ὓ
768 1042 825 1114 Ait
856 1043 983 1114 Paulus
1013 1042 1091 1113 Non
1124 1039 1273 1123 insanie,
1303 1038 1433 1131 optime
1458 1035 1572 1120 Feste,
1600 1034 1665 1108 sed
1693 1054 1757 1106 ve-

265 1167 372 1240 ritatis
398 1175 433 1238 et
459 1165 656 1236 sobrietatis
683 1163 793 1234 verba
820 1165 953 1255 loquor:
1005 1152 1032 1198 Ἃ
1046 1160 1117 1230 Scit
1142 1159 1232 1230 enim
1260 1157 1306 1230 de
1334 1157 1387 1228 his
1414 1176 1488 1239 rex,
1517 1153 1564 1226 ad
1590 1177 1694 1248 quem
1722 1163 1758 1224 et

265 1294 463 1358 constanter
495 1286 640 1378 loquor:-
673 1284 781 1354 latere
815 1281 906 1352 euim
944 1301 1024 1351 eum
1059 1277 1141 1350 nihil
1175 1279 1297 1351 horum
1332 1277 1495 1360 arbitror-3
1524 1273 1758 1367 nequeenim

265 1410 299 1478 in
325 1405 452 1498 angulo
478 1405 663 1497 quicquam
691 1403 815 1474 horum
842 1411 979 1493 gestum
1007 1407 1070 1470 est.
1123 1389 1149 1436 ²⁷
1166 1397 1298 1484 Credis,
1326 1417 1391 1470 rex
1409 1395 1573 1488 Agrippa,
1600 1393 1756 1487 prophe-

265 1527 333 1598 tis‘?
368 1524 447 1596 Scio
481 1524 561 1616 quia
595 1521 721 1595 credis.
772 1511 800 1558 ¹⁸
816 1517 972 1611 Agrippa
1006 1525 1120 1588 autem
1154 1517 1201 1589 ad
1227 1517 1368 1589 Paulum
1396 1514 1431 1584 ln
1458 1513 1599 1586 modico
1627 1511 1757 1585 suades

266 1667 322 1716 me
350 1643 575 1716 Christianum
602 1641 687 1712 fieri.
741 1632 768 1678 ²⁹
785 1638 827 1710 Et
851 1637 976 1708 Paulus
1003 1637 1095 1728 Opto
1123 1637 1214 1730 apud
1242 1637 1347 1708 deum
1375 1643 1408 1705 et
1434 1634 1469 1704 in
1495 1633 1635 1706 modico
1662 1641 1698 1702 et
1723 1631 1758 1702 in

266 1785 393 1856 magno
421 1783 489 1832 non
524 1769 653 1832 tantum
687 1769 722 1830 te
754 1757 818 1830 sed
852 1767 887 1826 et
917 1776 1042 1827 omnes
1076 1755 1141 1828 hos
1173 1756 1231 1849 qui
1265 1754 1408 1826 audiunt
1441 1753 1545 1824 hodie
1572 1751 1646 1824 lieri
1671 1751 1757 1824 tales

267 1882 376 1973 qualis
402 1889 438 1952 et
463 1901 532 1972 ego
560 1901 647 1963 sum,
676 1878 835 1970 exceptis
861 1875 1004 1946 vinculis
1037 1874 1101 1946 his.
1153 1868 1238 1948 ”Et
1271 1874 1470 1946 exsurrexit
1499 1893 1563 1944 rex
1590 1882 1625 1942 et
1651 1892 1756 1965 prae-

268 2021 326 2072 ses
353 2010 388 2070 et
413 1999 557 2072 bernice
584 2009 619 2068 et
645 1998 703 2090 qui
730 1995 938 2068 adsidebant
965 1994 1032 2078 eis,
1076 1987 1100 2032 ³⁴
1121 2003 1156 2066 et
1182 2016 1260 2066 cum
1289 1993 1534 2076 secessissent,
1562 1990 1756 2084 loqueban-

267 2129 323 2190 tur
355 2119 400 2190 ad
434 2117 580 2189 invicem
616 2116 773 2188 dicentes
808 2113 888 2208 quia
919 2113 1000 2184 nihil
1034 2123 1146 2186 morte
1179 2121 1238 2184 aut
1263 2112 1477 2184 vinculorum
1504 2112 1644 2204 dignum
1673 2109 1756 2202 quid

267 2239 346 2310 lecit
373 2237 478 2308 bomo
505 2215 581 2307 iste.
625 2227 652 2274 ³²
667 2233 823 2329 Agrippa
851 2242 964 2304 autem
991 2233 1095 2306 Festo
1122 2233 1209 2306 dixit
1234 2231 1361 2304 Dimitti
1395 2241 1531 2325 poterat
1557 2230 1664 2302 homo
1691 2229 1755 2313 hic,

268 2359 294 2428 si
323 2377 390 2428 non
419 2355 631 2449 appellasset
657 2354 851 2434 Caesarem.
1747 2333 1751 2340 ’

948 2625 1074 2697 XXVll.
1102 2691 1104 2696 ,

344 2826 354 2868 ¹
375 2833 416 2904 Ut
442 2841 559 2905 autem
590 2831 774 2903 iudicatum
808 2840 863 2901 est
896 2851 976 2901 eum
1009 2830 1175 2922 navigare
1201 2829 1235 2900 in
1260 2831 1404 2917 ltaliam,
1438 2842 1473 2902 et
1499 2830 1588 2902 tradi
1614 2819 1755 2900 Paulum

268 2975 346 3025 cum
373 2952 513 3044 reliquis
539 2951 707 3024 custodiis
725 2950 916 3022 centurioni
934 2949 1074 3022 nomine
1099 2949 1181 3022 lulio
1201 2949 1354 3022 cohortis
1370 2949 1564 3043 Augustae,
1604 2944 1756 3021 'asccu-
1866 2983 1868 2988 ·

268 3071 392 3144 dentes
419 3081 534 3142 autem
560 3091 684 3141 navem
711 3069 985 3142 hadrumetiuam
1013 3069 1230 3162 incipientem
1248 3070 1413 3162 navigare
1431 3070 1521 3141 circa
1539 3069 1644 3140 Asiae
1668 3069 1755 3150 loca,

269 3189 404 3282 egressi
440 3211 560 3262 sumus
593 3199 839 3281 perseverante
873 3188 1055 3260 nobiscum
1082 3186 1281 3260 Aristarcho
1300 3189 1506 3261 'Macedone
1534 3186 1755 3259 Thessaloni-

269 3331 383 3382 cense.
436 3301 628 3400 ³Sequenti
654 3317 769 3380 autem
796 3307 853 3379 die
871 3307 1076 3380 devenimus
1094 3306 1277 3379 Sidonem:
1305 3307 1454 3380 humane
1473 3315 1588 3378 autem
1607 3315 1757 3378 tractans

269 3428 370 3500 lulius
403 3427 546 3500 Paulum
579 3425 735 3520 permisit
767 3424 813 3497 ad
845 3427 976 3498 amicos
1011 3427 1061 3498 ire
1095 3436 1130 3498 et
1163 3447 1280 3498 curam
1315 3428 1367 3498 sui
1401 3445 1516 3519 agere.
1568 3416 1641 3498 ‘Et
1675 3423 1755 3496 inde

269 3571 346 3620 cum
374 3546 646 3630 sustulissemus,
681 3545 987 3636 subnavigavimus
1018 3545 1148 3639 Cypro,
1184 3555 1371 3640 propterea
1398 3545 1493 3639 quod
1519 3554 1638 3616 essent
1663 3543 1756 3616 venti

270 3666 445 3750 contrarii,
488 3655 556 3736 ⁶et
586 3665 733 3758 pelagus
767 3663 902 3734 Ciliciae
937 3675 973 3736 et
1008 3663 1231 3758 Pamphyliae
1265 3665 1469 3758 navigantes
1501 3663 1659 3736 venimus
1685 3663 1755 3756 Ly·
1862 3733 1864 3740 s

270 3795 375 3858 stram
403 3805 494 3878 quae
521 3793 576 3856 est
601 3783 747 3855 Ciliciae.
799 3774 872 3854 6lit
896 3782 943 3852 ibi
970 3782 1147 3854 inveniens
1174 3784 1327 3856 centurio
1351 3807 1477 3856 navem
1495 3781 1755 3855 alexandrinam

245 3905 488 3998 'navigantem
516 3903 550 3974 in
575 3903 715 3987 ltaliam,
744 3902 954 3996 transposuit
979 3924 1045 3975 nos
1070 3902 1104 3974 in
1131 3923 1219 3974 eam.
1272 3894 1345 3974 ⁷lit
1376 3925 1454 3976 cum
1489 3903 1603 3974 multis
1630 3901 1755 3974 diebus

184 4065 186 4070 ·
269 4023 369 4098 tarde
404 4023 648 4115 navigaremus
687 4031 723 4094 et
762 4021 821 4093 vix
861 4020 1125 4094 devenissemus
1164 4032 1284 4095 contra
1317 4023 1411 4094 Cium
1447 4021 1652 4117 prohibente
1690 4043 1755 4094 nos

269 4153 384 4228 vento,
412 4141 698 4234 adnavigavimus
725 4141 848 4212 Cretae
874 4139 1064 4212 secundum
1091 4141 1307 4226 Sulmonem,
1350 4135 1418 4211 ⁸et
1447 4140 1507 4211 vix
1534 4140 1629 4213 iuxta
1655 4141 1751 4212 navi-

269 4270 392 4354 gantes
417 4262 575 4333 venimus
608 4260 643 4332 in
677 4262 791 4333 locum
826 4259 1002 4352 quendam
1028 4261 1086 4352 qui
1119 4269 1264 4334 vocatur
1290 4256 1392 4334 'Boni
1422 4269 1552 4355 portus,
1579 4261 1632 4330 cui
1660 4261 1755 4332 iuxta

270 4390 346 4452 erat
370 4379 490 4452 civitas
516 4379 692 4452 Thalassa.
744 4370 879 4450 lblulto
906 4387 1022 4452 autem
1049 4389 1208 4475 tempore
1235 4390 1396 4476 peracto,
1423 4391 1563 4452 etcum
1590 4380 1658 4450 iam
1685 4399 1755 4450 nou

270 4509 365 4572 esset
390 4507 462 4572 bita
487 4498 660 4590 navigatio
695 4521 740 4572 eo
767 4499 863 4592 quod
895 4507 932 4570 et
957 4497 1120 4570 ieiunium
1146 4500 1214 4571 iam
1240 4501 1482 4593 praeterisset,
1510 4497 1756 4570 consolabatur

270 4619 396 4691 Paulus
438 4609 465 4655 ¹⁰
481 4617 601 4690 dicens
632 4617 684 4690 eis
716 4617 801 4702 Viri,
832 4617 940 4690 video
973 4617 1134 4711 quoniam
1169 4641 1248 4690 cum
1283 4619 1402 4690 iniuria
1428 4628 1464 4690 et
1490 4619 1597 4690 multo
1625 4618 1753 4690 damno

268 4759 339 4810 non
365 4737 478 4810 solum
505 4737 621 4810 oneris
652 4744 688 4808 et
718 4735 817 4808 navis
844 4736 908 4808 sed
941 4737 1044 4808 etiam
1078 4738 1268 4810 animarum
1300 4748 1494 4809 nostrarum
1527 4737 1643 4832 incipit
1674 4759 1755 4810 esse

269 4857 452 4950 navigatio.
510 4847 714 4928 “Centurio
754 4863 868 4927 autem
903 4839 1122 4947 gubernatori
1163 4866 1198 4927 et
1234 4855 1408 4928 nauclerio
1445 4856 1555 4948 magis
1586 4857 1755 4930 credebat

269 5001 374 5070 quam
402 4977 572 5068 hisquae
611 4997 630 5045 a
666 4973 771 5044 Paulo
803 4972 1013 5046 dicebantur.
1068 4967 1093 5012 ⁴²
1110 4975 1152 5045 Et
1178 4996 1254 5045 cum
1289 4985 1390 5068 aptus
1416 4963 1632 5068 portus'non
1659 4988 1754 5049 esset

271 5097 317 5170 ad
345 5093 575 5178 hiemandum,
604 5092 737 5186 plurimi
765 5101 951 5164 statuerunt
980 5094 1157 5165 consilium
1184 5093 1348 5184 navigare
1374 5095 1464 5180 inde,
1493 5097 1521 5167 si
1549 5117 1619 5190 quo
1647 5097 1752 5170 modo

759 5212 871 5296 XXVl,
899 5213 945 5284 23
977 5251 1023 5266 -
1051 5211 1176 5296 xxvlt,
1208 5213 1263 5286 ta.
