4220 6124
385 320 460 392 tto
501 383 506 390 .
836 321 1026 394 ‚urorum
1051 321 1102 386 an
1129 322 1352 392 couururos
1378 323 1399 385 r.
1434 289 1439 300 '

1706 429 1860 439 -..η’-...-

385 529 491 598 homo
518 547 588 599 non
615 527 761 620 percipit
791 533 838 598 ea.
866 513 1069 620 quaesunt
1100 527 1238 621 spiritus
1256 527 1345 600 dei:
1380 526 1516 600 stultitia
1538 527 1613 597 'est'
1628 525 1718 598 enim
1745 527 1800 612 illi,
1829 539 1863 598 et
1902 573 1903 578 =

386 671 456 720 non
484 657 600 742 potest
626 647 840 740 intellegere,
874 647 954 739 quia
988 646 1183 742 spiritaliter
1210 633 1454 720 ‘examinatus
1507 640 1532 685 ⁴⁵
1549 646 1714 740 Spiritalis
1747 657 1862 719 autem

386 768 513 840 iudicat
538 769 668 852 omuia;
697 763 792 861 'ipse
819 787 840 836 a
865 765 1001 838 nemine
1027 767 1204 840 iudicatur.
1256 759 1282 804 ¹⁶
1296 768 1379 853 Quis
1414 767 1504 838 enim
1531 767 1694 858 cognovit
1721 789 1862 838 sensum

386 889 527 974 domini,
540 889 610 980 'qui
636 888 778 959 instruat
803 885 909 958 eum?
935 885 1017 960 Nos¹
1035 899 1149 960 autem
1177 889 1323 960 sensum
1347 887 1468 959 Christi
1494 886 1692 958 hahemus·
1773 915 1779 924 ·

1097 1165 1145 1234 lll.

462 1357 532 1416 ⁴⁰¹)
545 1367 588 1439 Et
614 1389 692 1461 ego,
719 1369 850 1454 iratres,
877 1391 946 1440 non
972 1370 1067 1462 potui
1086 1369 1185 1440 vohis
1203 1370 1297 1464 loqui
1314 1371 1414 1464 quasi
1431 1369 1647 1464 spiritalibus
1676 1367 1740 1440 sed
1763 1369 1860 1461 quasi

384 1481 592 1574 camahhus,
605 1492 607 1500 '
620 1489 793 1581 tamquam
821 1485 989 1582 'parvulis
1003 1487 1050 1560 ‘in
1077 1489 1220 1562 Christo.
1272 1482 1366 1561 ’Lac
1391 1491 1493 1562 vohis
1519 1499 1639 1584 potum
1666 1489 1764 1575 dedi,
1791 1511 1859 1562 non
1917 1483 1918 1486 ’

383 1599 518 1680 escam:
552 1609 705 1680 nondum
737 1611 827 1680 enirn
854 1605 1054 1704 poteratis
1082 1608 1151 1681 Sed
1186 1631 1251 1706 nec
1276 1630 1367 1680 nunc
1393 1611 1532 1703 quidem
1560 1611 1719 1705 potestis:
1747 1609 1859 1682 adhuc

273 1745 276 1754 ·
383 1729 474 1800 enirn
501 1719 585 1800 estis
611 1727 795 1800 carnales'
828 1722 938 1802 ³Cum
965 1729 1055 1800 enirn
1082 1729 1125 1799 sit
1150 1731 1327 1802 intervos
1354 1731 1449 1802 zelus
1474 1743 1509 1803 et
1535 1731 1718 1815 contentio,
1744 1749 1857 1800 nonne

383 1831 539 1920 carnales
565 1849 648 1920 estis
675 1859 710 1920 et
735 1845 926 1923 secumdum
952 1849 1126 1920 hominem
1153 1849 1360 1922 ambulatis?
1403 1833 1529 1922 ‘Cum'
1546 1851 1636 1921 enirn
1671 1851 1748 1943 quis
1779 1849 1859 1920 dicit

382 1969 458 2062 Ego
485 1969 624 2062 quidem
651 1967 728 2040 sum
757 1969 868 2056 Pauli,
902 1969 987 2042 alius
1014 1979 1129 2040 autem
1154 1969 1230 2063 Ego
1255 1971 1399 2066 Apollo,
1427 1993 1553 2043 nonne
1567 1971 1724 2042 homines
1751 1969 1857 2041 estis‘l

384 2083 496 2175 ‘Quid
522 2091 623 2183 igitur
649 2100 703 2162 est
727 2089 878 2184 Apollo‘l
905 2088 987 2183 quid
1012 2109 1098 2160 vero
1131 2088 1281 2163 Paulus?
1332 2085 1502 2166 ⁶lllinistri
1528 2091 1602 2162 eius
1628 2091 1682 2162 cui
1708 2089 1857 2162 credidi-

382 2209 456 2293 stiS,
491 2217 534 2280 et'
551 2210 731 2304 unicuique
758 2210 844 2280 sicut
877 2208 1037 2280 dominus
1073 2207 1177 2282 dedit.
1230 2202 1335 2305 ⁶Ego
1371 2211 1538 2306 plantavi,
1573 2209 1698 2304 Apollo
1725 2210 1856 2303 rigavit
1897 2203 1901 2214 ”

381 2329 446 2400 sed
481 2329 569 2401 deus
601 2331 849 2402 incrementum
885 2329 991 2401 dedit.
1042 2322 1186 2423 qltaque
1217 2353 1332 2426 neque
1364 2332 1422 2426 qui
1456 2331 1586 2424 plantat
1625 2341 1679 2403 est
1720 2331 1855 2424 aliquid,

380 2469 494 2542 neque
520 2450 577 2541 qui
603 2451 699 2543 rigat,
728 2451 792 2522 sed
818 2449 876 2543 qui
901 2450 1136 2521 incrimentum
1163 2449 1345 2524 datdeus.
1397 2439 1495 2536 ⁸Qui
1527 2452 1656 2545 plantat
1682 2461 1796 2522 autem
1823 2463 1858 2522 et

381 2568 436 2660 qui
471 2569 560 2660 rigat
593 2592 696 2641 unum
730 2578 822 2656 sunt,
857 2569 1090 2664 unusquisque
1124 2581 1237 2642 autem
1270 2572 1445 2667 propriam
1484 2571 1683 2644 mercedem
1715 2571 1857 2664 accipiet

381 2688 570 2760 secundum
606 2711 705 2761 suum
739 2689 904 2761 lahorem.
938 2679 1030 2736 m)
1048 2689 1111 2760 Dei
1144 2690 1234 2761 enirn
1261 2714 1379 2765 sumus
1405 2691 1599 2764 adiutores:
1626 2691 1685 2762 dei
1711 2691 1856 2783 agricul-

380 2817 455 2880 tura
482 2807 573 2894 estis,
601 2807 876 2882 dei'aedificatio
903 2809 996 2882 estis.
1049 2801 1075 2846 ¹⁰
1094 2811 1290 2883 Secundum
1316 2812 1462 2905 'gratiam
1489 2811 1547 2884 dei
1579 2833 1669 2904 quae
1696 2811 1778 2883 data
1805 2822 1857 2882 est

379 2928 461 2999 mihi
486 2938 522 3000 ut
548 2931 686 3024 sapiens
712 2930 917 3002 architectus
943 2928 1199 3002 tundamentum
1225 2934 1343 3026 posui,
1371 2932 1456 3003 alius
1487 2937 1602 3003 antem
1628 2930 1856 3026 superaedifi-

298 3130 302 3139 ,
379 3061 444 3120 cat.
488 3049 728 3144 Unusquisque
754 3059 869 3122 autem
895 3050 1012 3122 videat
1029 3051 1208 3144 quomodo
1226 3051 1500 3146 superaedificet.
1545 3043 1567 3088 ¹¹
1583 3051 1857 3124 Fundamentum

379 3171 468 3241 eninr
496 3171 577 3241 aliut
606 3193 710 3244 nemo
746 3181 860 3265 potest
890 3191 1021 3264 ponere
1054 3181 1193 3265 praeter
1224 3172 1260 3245 id
1286 3173 1382 3267 quod
1414 3173 1564 3267 positum
1591 3183 1654 3257 est,
1682 3172 1778 3266 quod
1805 3181 1858 3244 est

378 3291 529 3362 Christus
555 3291 659 3362 lesus.
711 3283 738 3384 ,⁴²
755 3293 790 3363 Si
816 3292 891 3390 qqis
925 3301 1040 3363 autem
1073 3293 1352 3386 supraaedificat'
1369 3315 1474 3387 super
1499 3291 1757 3364 fundamentum
1791 3293 1856 3364 hoc

378 3433 515 3514 aurum,
544 3421 739 3504 argentum,
773 3412 1144 3516 lapides‘praetiosos,
1180 3413 1280 3506 ligna,
1308 3415 1454 3500 faenum,
1482 3413 1656 3506 stipulam,
1700 3403 1727 3448 ⁴³
1741 3413 1854 3484 unius-

378 3532 542 3624 cuiusque
569 3534 657 3627 opus
683 3533 901 3604 manifestum
928 3533 1007 3603 erit:
1034 3532 1111 3605 dies
1137 3534 1228 3605 enim
1255 3533 1455 3619 declaravit,
1482 3535 1561 3626 quia
1588 3535 1622 3604 in
1647 3533 1728 3626 igne
1754 3553 1855 3603 reve-

376 3651 509 3738 labitur,
537 3663 571 3724 et
595 3653 861 3746 uniuscuiusque
889 3673 976 3746 opus
1002 3654 1103 3745 quale
1129 3655 1173 3724 sit
1198 3654 1286 3748 ignis
1311 3655 1482 3748 prohahit.
1535 3643 1561 3689 ¹⁴
1578 3653 1613 3724 Si
1646 3653 1741 3724 cuius
1768 3674 1855 3746 opus

376 3774 541 3844 manserit
566 3772 663 3866 quod
676 3771 996 3867 superaedificavit,
1023 3773 1223 3845 mercedem
1250 3775 1411 3869 accipiet:
1456 3766 1482 3811 ⁴⁵
1498 3773 1527 3844 si
1561 3774 1655 3844 cuius
1683 3794 1770 3867 opus
1796 3793 1853 3842 ar-

377 3893 469 3976 serit,
482 3892 735 3966 ”detrimentum
761 3893 922 3988 patietur,
957 3894 1032 3986 ipse
1059 3904 1173 3966 autem
1201 3895 1316 3968 salvus
1343 3894 1422 3980 erit,
1450 3894 1500 3965 sic
1526 3903 1643 3966 tamen
1668 3892 1765 3986 quasi
1790 3911 1854 3985 per

378 4011 504 4104 ignem.
531 4003 614 4059 Μ’)
631 4014 884 4106 Nescitis'quia
909 4014 1075 4107 templum
1092 4013 1151 4086 dei
1176 4016 1258 4086 estis
1284 4019 1329 4085 et'
1345 4015 1483 4108 spiritus
1501 4013 1560 4086 dei
1585 4014 1714 4086 habitat
1738 4014 1772 4082 in
1786 4033 1854 4084 vo·

377 4131 476 4204 nter
500 4126 525 4169 ¹⁷
543 4133 579 4204 st
604 4136 681 4228 qus
699 4144 813 4206 autem
831 4135 995 4228 temptum
1023 4133 1081 4206 uer
1106 4117 1293 4220 violaverit,
1321 4134 1489 4228 disperdit
1512 4133 1604 4206 nrum
1631 4134 1733 4206 deus:
1765 4143 1853 4203 tem-

376 4254 470 4346 plum
497 4254 588 4325 enim
614 4255 673 4328 dei
689 4274 692 4282 ’
707 4247 864 4327 sanctum
892 4265 960 4340 est,
994 4253 1089 4348 quod
1123 4255 1206 4326 estis
1231 4276 1307 4327 vos.
1359 4247 1386 4292 ¹⁸
1403 4245 1450 4304 (¹⁴)
1465 4255 1576 4325 Nemo
1602 4276 1668 4326 vos
1694 4254 1852 4326 seducat:

378 4373 508 4466 siquis
534 4373 670 4446 videtur
694 4357 783 4449 inter
808 4396 873 4446 voe
899 4375 1038 4470 sapiens
1064 4377 1150 4446 esse
1169 4376 1204 4446 in
1230 4375 1298 4447 hoc
1324 4375 1463 4446 saeculo
1473 4377 1488 4459 ,⁴
1509 4376 1630 4447 stultus
1656 4373 1722 4459 fiat,
1752 4385 1787 4444 ut
1811 4375 1855 4442 sit

249 4589 254 4598 .
377 4494 526 4588 sapiens.
546 4494 549 4501 ’
570 4487 596 4538 ⁴⁹
613 4495 786 4589 Sapientia
812 4495 903 4566 enirn
928 4495 1028 4567 huius
1046 4493 1165 4567 mundi
1192 4494 1327 4566 stultitia
1345 4505 1401 4566 est
1427 4497 1513 4588 aput·
1527 4495 1662 4567 deum'
1685 4494 1853 4586 Scriptum

378 4623 432 4686 est
457 4615 548 4685 enirn
576 4615 882 4709 conpraehendam
911 4616 1083 4710 sapientes
1109 4616 1144 4685 in
1170 4615 1291 4686 astutia
1327 4636 1457 4686 eorum.
1510 4607 1536 4654 '⁰
1552 4613 1595 4686 Et
1626 4615 1747 4685 iterum
1781 4614 1852 4683 lloss
1888 4643 1892 4652 ·

377 4737 495 4806 minus
515 4735 611 4808 novit
627 4713 854 4829 cogitationes
871 4737 1047 4808 hominum
1066 4735 1227 4829 quoniam
1245 4755 1355 4806 vanae
1374 4745 1459 4806 sunt.
1511 4729 1533 4774 Ἃ
1551 4727 1599 4784 (¹⁸)
1615 4735 1732 4826 ltaque
1749 4753 1852 4804 nemo

379 4855 545 4946 glorietur
580 4857 613 4926 in
654 4857 864 4929 hominihus:
917 4849 943 4894 ²²
961 4856 1076 4928 omnia
1109 4855 1200 4927 enirn
1232 4865 1350 4928 vestra
1383 4865 1475 4940 sunt,
1514 4855 1588 4925 sive
1623 4854 1747 4925 Paulus
1781 4852 1853 4922 sive

379 4973 508 5065 Apollo
530 4976 608 5053 siv'e¹
628 4977 787 5072 Cophes*
799 4979 874 5049 sive
899 4977 1048 5048 mundus
1066 4977 1140 5048 sive
1157 4977 1227 5048 vita
1253 4977 1450 5061 sivemors,
1469 4976 1542 5046 sive
1566 4974 1762 5069 praesentia
1780 4971 1852 5042 sive

379 5093 507 5167 lutura:
533 5097 649 5168 ¹omnia
676 5099 764 5170 enirn
792 5107 908 5170 vestra
926 5107 1022 5183 sunt,
1065 5089 1092 5135 ²³
1107 5118 1173 5168 vos
1200 5106 1314 5168 autem
1333 5095 1463 5181 Christi,
1483 5095 1635 5168 Christus
1653 5099 1772 5164 autem'
1786 5089 1852 5164 dei.

941 5217 976 5300 ll,
1007 5219 1051 5287 tt
1083 5255 1127 5268 —
1155 5215 1203 5302 lll,
1233 5219 1291 5292 23.
