4102 6128
838 427 1126 492 raomeotffirtl.
1197 453 1199 458 ·
1677 453 1731 500 xm

256 655 310 728 pr.
330 653 378 702 m.
396 649 486 702 unus
508 618 517 722 Ι
542 621 577 707 4,
612 627 649 692 4.
675 638 872 701 corrector:
898 652 1045 704 aserro
1068 631 1074 724 Ι
1100 631 1133 717 4,
1154 635 1186 704 9.
1206 631 1343 706 codex:
1364 627 1560 728 ·selementa
1578 635 1731 735 lagena}

259 753 293 837 4,
316 751 376 822 44.
404 753 607 820 corrector:
640 745 826 837 sprevistis
850 741 855 846 Ι
881 748 913 834 4,
934 753 995 824 26.
1024 751 1156 823 codex:
1184 751 1244 844 qui
1271 752 1453 824 c‘'liuuctus
1476 745 1483 848 Ι
1507 752 1540 837 4,
1569 749 1628 828 27.
1656 757 1729 850 pri-

258 893 357 942 mum
383 871 493 940 luerat
519 862 675 935 deserte
700 857 705 960 Ι
730 867 764 950 5,
793 870 850 937 to.
879 867 1013 940 codex:
1041 869 1179 942 confido
1196 864 1218 907 '¹¹
1232 870 1340 942 vobis
1363 867 1370 966 Ι
1394 874 1427 955 5,
1450 871 1507 942 45.
1536 885 1728 948 corrector:

261 982 546 1062 consummamini
569 980 577 1074 Ι
604 985 647 1066 5,
677 981 738 1058 24.
767 997 965 1059 corrector:
1001 981 1149 1062 camem'
1174 1011 1275 1062 suam
1299 985 1306 1084 Ι
1332 992 1366 1074 6,
1386 991 1420 1060 6.
1453 989 1570 1062 codex
1603 1015 1655 1086 pr.
1682 1019 1727 1066 m.
1759 1066 1764 1074 ,

155 1205 163 1220 Ι
261 1108 468 1182 catecizatur
490 1094 497 1200 Ι
521 1105 553 1186 6,
582 1104 623 1171 9.
656 1123 724 1174 suo
753 1105 862 1176 enim:
890 1121 1071 1179 corrector
1097 1110 1189 1180 enim
1217 1129 1285 1180 suo
1309 1101 1316 1205 Ι
1341 1111 1374 1192 6,
1396 1112 1453 1183 42.
1507 1132 1558 1204 pr.
1586 1134 1719 1207 mper-

260 1229 455 1302 scutionem
477 1220 484 1316 Ι
508 1223 539 1306 6,
570 1223 635 1291 43.
668 1221 806 1294 codex:
832 1229 923 1294 neque
953 1226 1055 1308 enim,

208 1351 388 1421 Breues

660 1439 683 1476 l·
1160 1453 1174 1484 n

263 1503 350 1573 XIX.
380 1497 514 1570 codex:
543 1495 766 1566 sustentione
790 1488 796 1591 Ι
818 1495 935 1566 XXXI.
965 1497 1098 1568 codex:
1126 1443 1294 1570 4444446440.

212 1621 427 1717 Epistula
453 1615 508 1688 ad
533 1612 767 1706 Ephesios.

268 1747 301 1827 4,
331 1743 365 1816 2.
394 1746 514 1808 nostro
542 1742 579 1804 et
606 1731 766 1804 domino:
794 1734 943 1827 primmn
971 1736 1084 1806 suerat
1110 1747 1146 1806 et
1173 1737 1319 1808 domino
1354 1745 1477 1807 nostro
1501 1730 1507 1834 Ι
1533 1741 1564 1823 4,
1594 1741 1626 1809 5.
1660 1763 1719 1812 co-

267 1857 358 1929 dex:
387 1858 423 1926 in
449 1847 661 1946 “optionem
684 1844 748 1939 14,
778 1855 811 1923 6.
839 1851 985 1924 644604οε
1013 1863 1194 1926 corrector
1220 1853 1359 1926 addidit
1385 1851 1455 1926 lilio
1482 1875 1545 1927 suo
1569 1849 1633 1954 Ι4,
1664 1863 1721 1930 44.

268 1973 481 2078 secundum:
515 1971 713 2065 suppletum
748 1963 894 2068 064Ι4,
931 1974 989 2042 43.
1025 1982 1165 2043 sancto:
1206 1973 1326 2045 codex
1361 1994 1429 2065 spu
1460 1965 1728 2068 (debebat
1659 2000 1721 2051 sco

268 2093 362 2185 esse)
387 2093 392 2179 Ι
421 2097 452 2176 4,
473 2093 531 2165 22.
551 2087 686 2162 codex:
705 2089 919 2161 subsuhieoit
942 2089 948 2181 Ι
973 2093 1006 2175 2
1026 2093 1059 2166 2.
1079 2091 1194 2163 codex
1206 2114 1257 2184 pr
1270 2115 1316 2162 m.
1324 2093 1474 2184 potestis
1496 2087 1503 2192 Ι
1527 2099 1560 2182 2
1582 2099 1639 2169 49.
1658 2120 1721 2171 00-

269 2247 357 2320 dex:
387 2221 570 2315 advaenac
596 2241 601 2335 Ι
626 2245 659 2327 3
679 2246 739 2318 20.
759 2241 891 2315 codex:
919 2188 1113 2315 intellerhus
1137 2235 1143 2338 Ι
1167 2263 1273 2336 quae:
1287 2253 1469 2316 corrector
1486 2268 1589 2340 quam
1612 2247 1618 2343 Ι
1644 2248 1676 2336 4
1687 2256 1719 2324 9

269 2367 318 2436 in:
347 2372 527 2436 corrector
552 2361 704 2454 primum
731 2361 772 2432 in
788 2359 852 2454 Ι4,
883 2365 941 2433 44.
968 2371 1146 2434 corrector
1173 2361 1240 2431 sic:
1268 2363 1446 2454 quosdam
1473 2367 1614 2459 quidem
1632 2391 1720 2464 apo-

270 2485 398 2568 stolos,
426 2479 601 2574 quosdam
628 2490 742 2552 autem
770 2481 970 2574 prophetas,
999 2482 1086 2553 alios
1112 2501 1198 2551 vero
1226 2479 1494 2583 evangelistas!
1519 2484 1551 2572 4,
1574 2487 1631 2559 44.
1655 2490 1719 2563 ad:

271 2624 380 2697 super
405 2599 530 2671 lineam
556 2599 710 2692 positum
745 2608 799 2670 est
821 2596 827 2691 Ι
852 2602 885 2684 5,
913 2603 947 2674 2.
975 2609 1167 2671 corrector:
1201 2598 1237 2668 in
1270 2598 1458 2674 dilectione
1480 2597 1486 2702 Ι
1511 2607 1544 2690 5,
1573 2605 1605 2676 4.
1632 2625 1720 2680 non:

272 2723 471 2816 suppletum
497 2729 552 2790 est
575 2717 580 2810 Ι
606 2721 639 2803 5,
670 2723 727 2790 46.
756 2716 891 2790 codex:
919 2714 960 2790 si⁸
983 2719 1237 2813 beneplacitum
1261 2715 1268 2809 Ι
1292 2721 1326 2805 5,
1349 2715 1408 2795 47.
1437 2723 1514 2794 664;
1541 2735 1718 2798 corrector

271 2840 406 2914 domini
428 2831 435 2936 Ι
460 2839 492 2923 6,
521 2841 581 2913 24.
610 2837 725 2909 sciath
751 2859 834 2910 vos:
871 2848 1050 2910 corrector
1081 2858 1148 2909 vos
1180 2836 1295 2908 sciatis
1318 2833 1326 2933 Ι
1351 2843 1392 2926 6,
1427 2841 1486 2916 24.
1522 2855 1718 2916 corrector:

272 2959 454 3032 dominum
480 2965 636 3029 nostrum
662 2959 774 3028 Iesum
802 2956 971 3028 Christum
997 2957 1033 3026 in
1057 2955 1363 3048 incorruptionem.
1409 2959 1530 3034 Amen.

221 3079 540 3171 Argumentum.

274 3197 410 3270 codex:
439 3195 628 3288 apostolus.

224 3316 434 3411 Capitula.

274 3437 297 3506 l.
333 3433 473 3506 Iuen'nt:
515 3435 525 3506 i
558 3457 604 3506 ex
638 3459 660 3505 u
691 3443 886 3506 correctum
918 3441 974 3504 est
996 3427 1002 3527 Ι
1024 3433 1063 3501 V.
1097 3431 1208 3523 quod:
1243 3435 1440 3526 suppletum
1473 3447 1528 3506 est
1551 3430 1557 3534 Ι
1580 3437 1647 3508 XII.
1682 3452 1718 3509 et

275 3551 508 3648 (secundum):
536 3555 570 3625 iu
597 3554 753 3647 margine
780 3551 976 3646 suppletum
1000 3543 1007 3647 Ι
1029 3550 1122 3621 XIIII.
1149 3548 1328 3622 laudibus:
1355 3553 1562 3647 suppletum.

224 3674 428 3769 Epistula
454 3673 509 3746 ad
535 3671 852 3767 Philippenses.

278 3798 310 3878 4,
340 3796 373 3863 6.
401 3793 479 3864 Iesu
506 3792 641 3864 Christi:
676 3793 784 3864 altera
820 3811 941 3862 manus
974 3788 1097 3860 Christi
1123 3789 1202 3860 Iesu
1225 3787 1231 3881 Ι
1257 3795 1288 3875 4,
1320 3795 1377 3863 48.
1412 3793 1571 3884 gaudeo:
1599 3793 1717 3866 codex

275 3913 442 4005 gaudebo
459 3913 484 3984 h
502 3933 604 3984 eraso
628 3907 634 4010 Ι
661 3917 691 3997 4,
711 3907 770 3986 27.
790 3909 989 4002 evangelio:
1016 3909 1064 3980 ita
1082 3930 1129 3980 ex
1148 3909 1367 4001 evangelium
1385 3921 1578 3984 correctum
1602 3910 1608 4008 Ι
1633 3917 1666 3998 2,
1684 3919 1715 4002 t,

276 4032 388 4124 quod:
417 4041 595 4104 corrector
621 4054 689 4126 qua
712 4029 718 4124 Ι
742 4031 775 4114 2,
796 4033 830 4101 9.
856 4049 1002 4100 nomen:
1030 4038 1209 4101 corrector
1227 4027 1362 4102 addidit
1379 4030 1476 4124 quod
1499 4043 1554 4103 est
1577 4034 1582 4122 Ι
1607 4035 1640 4118 2,
1658 4037 1715 4104 40.

275 4153 408 4224 codex:
436 4152 578 4224 flectat¹'
599 4149 605 4244 Ι
630 4153 663 4235 2,
693 4148 751 4220 44.
779 4147 913 4220 codex:
940 4147 1086 4218 insieme
1113 4169 1158 4218 en
1182 4147 1303 4220 littoris
1330 4150 1441 4220 erasis
1465 4144 1470 4245 Ι
1495 4153 1528 4225 2.
1548 4151 1606 4224 25.
1635 4171 1716 4222 cor-

275 4281 407 4343 rector:
433 4269 731 4366 Ephcphroditum
755 4262 761 4365 Ι
785 4273 818 4352 3,
849 4271 906 4342 42.
935 4267 1068 4338 codex:
1096 4271 1220 4360 sequo'
1247 4278 1363 4340 autem
1387 4260 1393 4364 Ι
1418 4271 1451 4352 3,
1473 4267 1530 4338 44.
1549 4267 1717 4361 600οΜ

277 4393 309 4470 3,
339 4395 396 4463 43.
423 4391 580 4484 perlecti:
615 4397 793 4460 corrector
819 4386 953 4459 addidit
979 4409 1097 4459 sumus
1121 4380 1127 4484 Ι
1152 4386 1190 4472 4,
1219 4389 1252 4462 2.
1280 4385 1304 4457 44
1331 4387 1484 4459 deletum
1510 4395 1565 4458 est
1587 4381 1592 4483 Ι
1618 4386 1651 4471 4,
1681 4389 1714 4457 8.

274 4509 364 4581 laus:
400 4519 577 4581 corrector
610 4506 744 4580 eddidit
775 4505 976 4599 disciplinae
1000 4504 1006 4598 Ι
1031 4504 1069 4592 4,
1099 4509 1156 4578 45.
1191 4505 1329 4577 videtur
1360 4506 1508 4601 primum
1529 4495 1665 4578 ¹luisse:
1693 4527 1714 4576 6

275 4628 537 4702 Machedoniam
560 4624 567 4724 Ι
593 4627 625 4714 4,
656 4623 713 4701 47.
745 4625 840 4698 Non:
877 4633 1055 4697 corrector
1089 4624 1222 4698 addidit
1248 4626 1328 4718 quia
1351 4621 1356 4720 Ι
1379 4627 1566 4698 rationem:
1595 4623 1713 4698 codex

277 4728 469 4822 orationem
494 4743 500 4844 Ι
525 4747 556 4832 4,
587 4751 644 4818 48.
673 4755 869 4817 corrector:
896 4744 1169 4838 Ephaphrodito.

224 4871 546 4962 Argumentum.
1211 4849 1216 4856 ’

276 5038 407 5112 codex:
441 4991 608 5130 preventi.

223 5158 491 5349 0844441144·
482 5277 516 5346 in
549 5274 670 5346 codice
704 5275 924 5349 desideratur
945 5267 952 5374 Ι
976 5274 1111 5346 66464οε
1154 5271 1271 5346 codex
1307 5271 1444 5346 delecto
1468 5265 1474 5371 Ι
1499 5269 1708 5366 cyrogrnffo:

1394 5394 1408 5458 l
