4220 6124
376 393 449 469 m
879 393 1058 462 suerunt
1083 395 1134 461 lu
1160 395 1343 462 nounuos

376 609 464 679 deus
495 603 684 678 mundum?
732 597 798 677 7Si
830 605 920 677 enirn
952 606 1079 678 veritas
1111 605 1168 678 dei
1201 606 1234 676 in
1269 626 1349 678 meo
1384 605 1566 678 mendacio
1600 605 1846 678 abundavitin

376 725 522 820 glorium
547 725 662 820 ipsius,
690 725 773 819 qnid
800 725 901 798 atbnc
926 737 963 797 et
988 747 1058 818 ego
1084 735 1258 820 tamquam
1284 735 1447 820 peccator
1472 725 1630 798 iudicor‘l
1678 715 1742 796 ⁸et
1766 747 1844 810 non

376 848 464 918 sient
488 843 768 939 blasphemamur
794 855 829 918 et
853 847 941 918 sicut
967 847 1059 923 aiunt
1083 867 1148 918 uos
1174 845 1314 940 quddam
1340 845 1474 930 dicere,
1501 845 1667 918 iaciamus
1693 845 1783 918 mala
1809 853 1846 918 nt

377 967 515 1039 veniant
539 967 656 1038 bona?
682 987 827 1059 quonum
854 966 1029 1038 damnatio
1054 967 1139 1038 iusta
1167 976 1230 1038 est
1281 956 1344 1012 Ν)
1364 966 1453 1053 Quid
1479 965 1579 1058 igitur
1604 966 1845 1060 praecellimus

376 1091 466 1159 eos‘l
496 1086 730 1180 Nequatpuam.
782 1087 916 1159 Canuti
949 1086 1040 1158 enim
1075 1107 1192 1158 sumus
1223 1086 1371 1158 ludaeos
1402 1096 1438 1158 et
1469 1085 1599 1158 Grecos
1632 1107 1754 1158 omnes
1779 1085 1844 1158 sub

379 1217 523 1302 peccato
550 1227 652 1292 esse,
695 1199 822 1280 ⁴⁰sicut
845 1208 1007 1302 scriptum
1034 1217 1090 1279 est
1114 1207 1193 1300 quia
1218 1225 1288 1278 non
1314 1219 1368 1278 est
1391 1207 1499 1278 iustus
1516 1205 1706 1300 quisquam,
1739 1199 1761 1244 ¹¹
1776 1227 1845 1278 non

378 1336 431 1398 est
463 1325 678 1420 intellegens,
708 1349 779 1399 non
805 1338 859 1399 est
882 1327 1060 1421 requirens
1086 1327 1205 1398 deum:
1253 1319 1278 1364 ⁴²
1296 1347 1417 1399 omnes
1449 1326 1719 1411 declinaverunt,
1747 1326 1845 1398 simul

377 1447 512 1518 inutiles
544 1447 623 1518 iacti
659 1457 751 1519 sunt:
784 1467 854 1519 non
886 1448 1021 1540 estqui
1055 1448 1155 1518 lauat
1178 1447 1323 1534 bonnm,
1350 1468 1419 1519 non
1446 1455 1634 1540 estusque
1660 1446 1707 1518 ad
1731 1469 1844 1518 unum.
1995 1469 2002 1484 ‘

378 1559 403 1606 ¹³
420 1567 644 1662 Sepulchrum
669 1577 792 1662 patens
818 1577 872 1639 est
896 1577 1010 1661 guttur
1035 1589 1173 1653 eorum,
1204 1567 1326 1660 linguis
1352 1567 1421 1639 suis
1448 1567 1570 1638 dolose
1597 1567 1756 1660 agebant,
1781 1589 1845 1638 ve-

378 1709 504 1760 nenum
531 1686 689 1782 aspidum
715 1687 779 1759 sub
806 1687 902 1760 labiis
929 1709 1064 1760 eorum:
1098 1676 1292 1781 “quormn
1319 1707 1361 1759 os
1386 1687 1628 1760 maledictione
1659 1695 1694 1759 et
1719 1687 1845 1760 amari-

378 1809 493 1883 tudine
519 1809 658 1902 plenum
683 1817 745 1878 est
797 1798 823 1844 ⁴⁵
839 1810 985 1881 veloces
1009 1808 1121 1902 pedes
1146 1829 1267 1880 corum
1294 1807 1340 1880 ad
1366 1807 1608 1880 effundendum
1634 1809 1845 1900 sanguinem,

378 1922 404 1968 ⁴⁰
421 1927 575 2002 contritio
602 1937 638 1999 et
661 1927 836 2000 infelicitas
860 1929 895 2000 in
918 1929 983 2001 niis
1000 1949 1138 2013 eorum,
1181 1919 1207 1964 ⁴⁷
1225 1939 1261 2000 et
1285 1929 1377 2000 viam
1403 1929 1498 2023 pacis
1515 1947 1585 1999 non
1601 1937 1847 2020 cognoverunt

379 2043 405 2090 ¹⁸
416 2051 493 2122 Non
519 2059 573 2120 est
597 2047 700 2118 timor
725 2047 782 2120 dei
807 2058 885 2120 ante
911 2027 1031 2120 oculos
1057 2069 1187 2120 corum.
1230 2039 1256 2086 ⁴⁹
1269 2047 1402 2120 Scimus
1428 2059 1542 2120 autem
1560 2049 1721 2142 quorum
1739 2069 1847 2142 quac-

379 2191 527 2264 cumquc
552 2169 611 2239 lex
636 2167 793 2260 loquitur,
819 2168 872 2240 bis
898 2169 1015 2262 quiin
1041 2169 1119 2261 lege
1145 2177 1223 2240 eunt
1236 2155 1403 2262 loquitur,
1430 2179 1468 2240 ut
1492 2189 1596 2240 omne
1621 2189 1662 2240 os
1688 2169 1848 2240 obstrua-

379 2303 433 2364 tur
459 2300 494 2362 ct
519 2287 675 2360 subditus
705 2287 766 2360 liat
798 2285 908 2360 omnis
941 2287 1089 2362 mundus
1114 2289 1193 2361 deo.
1244 2280 1271 2326 ¹⁰
1289 2288 1375 2374 Quia
1409 2309 1453 2360 ex
1481 2289 1645 2383 operibus
1670 2288 1757 2382 legis
1781 2310 1850 2361 non

379 2408 611 2482 iustificabitur
646 2409 759 2479 omnis
791 2429 873 2480 caro
906 2431 1023 2482 coram
1057 2408 1131 2480 illo:
1165 2429 1228 2503 per
1258 2409 1372 2500 legem
1405 2409 1494 2480 enim
1528 2407 1675 2501 cognitio
1708 2409 1849 2502 peccati.

256 2551 258 2556 ·
380 2523 403 2568 ²¹
423 2529 520 2600 Nunc
545 2536 660 2598 eutem
685 2525 767 2600 sinc¹
786 2529 866 2622 lege
891 2530 1015 2602 iustitia
1041 2529 1098 2602 dei
1124 2527 1337 2600 manifestata
1364 2529 1434 2612 est,
1460 2529 1639 2600 iustificata
1665 2530 1790 2622 alege
1816 2539 1851 2602 et

381 2647 574 2743 prophetis,
616 2637 643 2684 ³
659 2645 782 2721 iustitia
808 2659 923 2722 antem
949 2651 1007 2722 dei
1032 2669 1095 2744 per
1120 2648 1225 2721 fidem
1251 2647 1326 2720 lesu
1353 2645 1489 2734 Christi,
1515 2669 1620 2744 super
1646 2650 1852 2743 omnesqui

381 2769 534 2840 credunt
586 2765 662 2836 Non
689 2767 779 2839 enim
806 2779 861 2840 est
884 2768 1068 2841 distinctio:
1112 2760 1139 2806 Β
1156 2789 1277 2840 omncs
1304 2768 1394 2840 enim
1420 2779 1651 2862 peccaverunt
1682 2779 1718 2841 et
1749 2780 1852 2863 egent

381 2887 526 2982 glorim
558 2884 631 2970 dei,
681 2875 708 2924 ²⁶
723 2887 889 2960 iustificati
923 2889 1027 2981 gratis
1060 2910 1123 2982 per
1155 2889 1299 2982 gratim
1330 2889 1455 2982 ipsius,
1491 2911 1553 2984 per
1579 2890 1850 2983 redemptionem

383 3029 473 3102 quae
504 3016 558 3077 est
591 3005 628 3076 in
667 3007 800 3079 Christo
832 3009 925 3094 lesu,
974 2999 1117 3104 ”quem
1150 3010 1330 3104 proposuit
1362 3009 1452 3082 deus
1483 3009 1756 3104 propitiationem
1786 3031 1851 3103 per

381 3128 494 3201 fidem.
512 3127 548 3198 in
572 3126 738 3220 sangnine
763 3127 886 3223 ipsius,
920 3127 967 3200 ed
1000 3129 1234 3200 ostensionem
1261 3129 1407 3202 iustitiae
1433 3151 1533 3216 suae,
1560 3139 1703 3224 propter
1727 3131 1850 3202 remis-

382 3249 513 3321 sionem
540 3245 820 3340 praecedentium
846 3247 1047 3320 delictorum
1089 3241 1117 3288 ²⁶
1132 3249 1166 3319 in
1192 3249 1436 3321 sustentatione
1463 3249 1528 3336 dei,
1556 3249 1601 3323 ad
1619 3250 1850 3322 ostensionem

381 3370 526 3443 iustitiae
544 3367 618 3438 eius
642 3365 677 3436 in
702 3367 771 3439 boc
794 3378 962 3461 tempore,
988 3379 1025 3441 ut
1042 3369 1085 3440 sit
1109 3369 1188 3464 ipse
1210 3369 1321 3452 iustus
1347 3379 1382 3442 et
1405 3369 1590 3443 instilicuns
1616 3391 1695 3442 eum
1722 3369 1779 3463 qui
1804 3391 1850 3441 cx

382 3491 455 3564 lide
479 3497 533 3561 cst
556 3487 644 3558 lceu.
686 3477 773 3534 Μ’)
791 3488 854 3560 Ubi
880 3499 935 3561 est
960 3511 1046 3582 ergo
1072 3489 1230 3584 donabo
1258 3493 1341 3562 tua‘l
1373 3491 1515 3563 exclusa
1542 3500 1604 3562 est.
1656 3491 1723 3561 Per
1747 3511 1849 3583 qnam

384 3611 522 3705 legem?
548 3608 740 3680 indorum?
766 3629 845 3694 non,
872 3609 937 3682 scd
962 3631 1026 3704 per
1050 3611 1166 3704 legem
1191 3609 1283 3684 fidei.
1335 3601 1362 3650 ¹⁸
1377 3611 1591 3684 Arbitramur
1615 3609 1850 3712 enimiustifi·

384 3731 455 3804 cari
479 3729 651 3802 bominem
678 3747 743 3822 per
767 3727 873 3800 fidem
890 3729 964 3802 sine
990 3732 1155 3826 operibus
1170 3731 1265 3826 legis.
1307 3722 1336 3770 ¹⁹
1350 3728 1405 3802 An
1429 3731 1634 3804 ludaeorum
1661 3729 1749 3803 deus
1772 3739 1848 3802 ton·

385 3854 480 3924 tum?
506 3869 618 3920 nonne
652 3857 687 3918 et
718 3849 895 3940 gentium?
929 3851 1034 3924 immo
1065 3864 1100 3925 et
1132 3851 1292 3946 gentium.
1343 3843 1371 3890 ³⁰
1387 3852 1556 3938 Quomm
1588 3851 1727 3945 qrn'dem
1761 3873 1847 3924 mus

385 3972 474 4044 deus
505 3969 562 4062 qni
591 3967 782 4040 iustilicavit
816 3963 1106 4045 circumcisionem
1140 3995 1186 4044 ex
1220 3971 1289 4044 fide
1323 3982 1358 4042 et
1393 3972 1606 4067 praeputium
1640 3993 1704 4068 per
1734 3971 1845 4044 iidem.

384 4085 407 4131 ³¹
423 4093 549 4184 Legem
575 4109 661 4181 ergo
688 4088 895 4161 destruimus
921 4113 985 4184 per
1010 4091 1137 4164 fidem?
1164 4093 1270 4179 Absit,
1298 4092 1362 4165 sed
1387 4093 1500 4186 legem
1527 4093 1713 4166 statuimus.

1039 4311 1145 4438 n.

461 4568 584 4660 'Quid
609 4591 695 4663 ergo
727 4571 881 4644 dicemus
914 4573 1086 4646 invenisse
1119 4572 1294 4648 Abraham
1321 4583 1454 4668 patrem
1481 4581 1635 4647 nostmm
1661 4571 1849 4646 secundum

386 4696 550 4768 mem?
591 4683 658 4763 ’Si
682 4691 773 4762 enim
798 4689 973 4766 Abrabam
998 4714 1045 4766 ex
1071 4694 1232 4787 opuibus
1256 4693 1453 4767 iustificatum
1478 4703 1542 4781 est,
1569 4691 1674 4766 habet
1698 4693 1850 4786 glorium,

387 4815 453 4888 sed
484 4836 556 4888 nou
586 4811 678 4908 apud
710 4811 823 4886 deum.
874 4808 995 4900 ³Qnid
1027 4813 1117 4886 enim
1150 4815 1315 4908 scriptino
1347 4815 1452 4888 dicit?
1493 4813 1644 4889 Credidit
1677 4811 1850 4886 Abrabam

387 4935 466 5021 deo,
493 4945 528 5006 et
552 4945 744 5030 reputatum
769 4945 824 5006 est
848 4935 893 5007 illi
918 4935 965 5007 ad
990 4933 1159 5008 iustitiam.
1209 4924 1279 5008 ‘ui
1304 4945 1419 5008 autem
1445 4935 1503 5028 qui
1529 4945 1691 5030 operatur
1715 4953 1851 5005 merces

386 5077 456 5128 non
488 5057 672 5150 imputatur
702 5056 889 5130 secundum
927 5056 1069 5150 gratiam
1104 5055 1169 5128 sed
1203 5056 1393 5129 secundum
1426 5056 1596 5130 debiturn:
1644 5047 1703 5126 ⁵ei
1735 5063 1850 5126 autern

308 5157 313 5164 ’
387 5175 445 5268 qni
470 5197 540 5248 non
567 5185 737 5269 operatur,
759 5177 916 5250 credenti
944 5187 1057 5250 antem
1082 5177 1116 5247 in
1142 5197 1221 5248 eum
1247 5177 1305 5270 qui
1330 5177 1486 5250 iustificat
1503 5175 1650 5270 impium,
1677 5184 1852 5270 reputatur

966 5297 1013 5382 ΠΙ,
1041 5291 1064 5370 'l
1093 5335 1138 5349 -
1166 5297 1212 5383 lv,
1241 5299 1273 5370 5.
