4254 6130
668 341 912 408 EVANGDLIUM
940 343 1141 412 SECUNDUM
1168 339 1364 404 lDllANNEll
1697 337 1766 406 183

277 449 458 462 .----...-.
470 451 565 458 -.ω-..ω
572 449 1349 460 *W
1591 444 1764 454 *—

275 573 363 648 quos
396 549 582 646 prendistis
619 569 720 618 nunc.
773 541 796 584 ¹⁴
812 541 904 594 (Μ)
924 545 1092 620 Ascendit
1126 547 1244 618 Simon
1274 545 1396 617 Petrus
1430 553 1465 615 et
1498 545 1601 616 traxit
1633 553 1709 616 rete
1735 543 1770 614 in

275 685 401 743 terram
427 671 565 763 plenum
595 667 733 756 magnis
761 669 920 762 piscibus
947 680 1084 740 centnm
1111 667 1356 760 quinquaginta
1384 665 1509 737 tribus:
1537 675 1572 736 et
1590 686 1667 737 oum
1685 664 1770 736 tanti

276 799 403 876 essent,
439 811 508 860 non
541 795 597 858 est
630 785 782 858 scissum
816 798 904 860 rete.
959 779 985 825 ⁴²
998 781 1091 836 (Μ)
1104 787 1192 859 Dicit
1225 787 1276 858 eis
1307 787 1404 874 lesus
1437 785 1558 858 Venite
1590 785 1770 880 prandete.

277 901 379 960 (Μ)
395 911 439 1006 Et
469 930 572 980 nemo
612 904 769 977 audebat
803 907 1095 980 discumbentium
1131 910 1346 1000 interrogare
1380 927 1461 978 eum
1499 905 1549 977 Tu
1588 906 1665 998 quis
1705 907 1771 976 es‘l

279 1035 427 1106 scientes
460 1027 539 1122 quia
572 1023 734 1116 dominus
773 1039 884 1099 esset.
937 1019 963 1064 ⁴³
976 1020 1071 1074 W)
1089 1029 1131 1100 Et
1162 1028 1256 1100 venit
1288 1028 1385 1098 lesus
1419 1035 1455 1098 et
1486 1025 1620 1120 accepit
1644 1047 1773 1122 panem

280 1163 314 1226 et
340 1153 399 1225 dat
425 1150 485 1236 eis,
512 1155 547 1217 et
574 1145 705 1240 piscem
733 1147 906 1218 similiter.
959 1135 985 1184 ¹*
998 1138 1097 1194 Μ)
1116 1146 1190 1221 Hoc
1222 1149 1291 1220 iam
1325 1147 1426 1220 tertio
1458 1149 1693 1220 manifestatus
1720 1157 1773 1220 est

280 1277 375 1346 lesus
403 1267 578 1362 discipulis
606 1287 683 1336 cum
716 1269 977 1342 resurrexisset
1012 1270 1211 1342 amortuis.
1264 1261 1292 1306 ⁴⁵
1304 1268 1388 1340 Cum
1423 1289 1509 1362 ergo
1542 1268 1773 1364 prandissent,

281 1384 368 1442 (ω)
383 1389 464 1463 dicit
490 1383 618 1458 Simoni
642 1383 747 1458 Petro
778 1388 879 1461 lesus
907 1390 1027 1460 Simon
1051 1389 1220 1476 lobannis,
1249 1390 1361 1481 diligis
1386 1409 1445 1460 me
1471 1389 1548 1483 plus
1573 1391 1651 1462 his‘?
1686 1389 1775 1462 Dicit

282 1515 314 1612 ei
348 1512 460 1584 Etiam
493 1505 648 1590 domine,
680 1514 715 1576 tu
752 1509 824 1580 scis
860 1510 942 1604 qnia
976 1531 1057 1581 amo
1091 1519 1136 1582 te.
1188 1511 1277 1582 Dicit
1311 1511 1343 1581 ei
1375 1509 1484 1582 Pasce
1517 1532 1628 1605 agnos
1662 1532 1773 1584 meos.
1868 1571 1871 1581 .

283 1625 309 1670 ¹⁶
322 1623 422 1675 (Μ’)
436 1629 523 1700 Dicit
549 1626 582 1698 ei
607 1625 729 1697 iterum
759 1629 881 1701 Simon
907 1629 1078 1716 Iohannis
1106 1629 1219 1726 diligis
1246 1633 1332 1702 me‘l
1359 1627 1416 1702 Ait
1432 1629 1477 1700 illi
1494 1631 1604 1702 Etiam
1622 1631 1773 1718 domine,

285 1767 319 1825 lu
346 1753 415 1824 scis
441 1749 521 1844 quia
548 1767 628 1817 amo
656 1755 699 1816 te.
745 1739 837 1798 (Μ)
855 1749 945 1822 Dicit
972 1752 1004 1822 ei
1030 1751 1141 1822 Pasce
1168 1772 1280 1844 agnos
1306 1771 1416 1822 meos.
1469 1742 1496 1786 ¹⁷
1508 1743 1609 1798 Μ)
1622 1751 1712 1824 Dicit
1741 1754 1773 1825 ei

284 1875 385 1946 tertio
413 1871 531 1942 Simon
566 1865 743 1952 iohannis,
771 1889 869 1942 amas
896 1872 980 1940 me‘l
1015 1871 1242 1944 Contristetus
1277 1878 1332 1942 est
1364 1869 1486 1941 Petrus
1520 1873 1601 1965 quia
1627 1873 1714 1946 dixit
1740 1875 1773 1946 ei

286 1994 386 2066 tertio
413 1990 520 2061 Amas
553 1989 636 2058 me‘?
671 1985 752 2058 dicit
782 1989 815 2059 ei
848 1989 1014 2076 Domine,
1047 2001 1084 2064 tu
1111 1992 1227 2066 omnia
1253 1990 1330 2076 soie,
1358 1999 1394 2060 tu
1421 1991 1489 2061 scis
1515 1992 1594 2084 quia
1621 2015 1701 2064 amo
1727 2004 1772 2067 te.

285 2104 375 2161 (Μ)
388 2109 476 2182 Dicit
501 2109 532 2180 ei
559 2107 669 2178 Pasce
687 2128 783 2190 ,oves
810 2129 918 2182 meas.
971 2102 1114 2160 ¹⁸⁶³²¹⁰l
1133 2111 1246 2182 Amen
1273 2131 1376 2182 amen
1402 2110 1482 2183 dico
1509 2111 1579 2198 tibi,
1607 2135 1686 2184 cum
1713 2135 1772 2188 es·

286 2255 344 2304 ses
371 2231 489 2315 iunior,
517 2229 683 2322 cingebas
711 2238 744 2299 te
771 2237 806 2299 et
833 2231 1036 2304 ambtdabas
1062 2229 1125 2304 ubi
1146 2233 1311 2306 volebas:
1346 2253 1425 2303 cum
1460 2240 1577 2304 autem
1604 2237 1771 2322 senueris,

286 2351 457 2425 extendes
487 2373 611 2422 manus
644 2358 737 2434 tuas,
773 2359 807 2420 et
834 2351 919 2422 alius
945 2361 979 2424 te
1012 2353 1125 2448 cinget
1151 2362 1187 2424 et
1213 2352 1318 2426 ducet
1352 2373 1421 2446 quo
1448 2373 1518 2422 non
1544 2351 1607 2424 vis.
1660 2348 1772 2428 19Ηοιι

286 2483 399 2545 autem
427 2471 513 2542 dixit
538 2468 733 2564 significans
760 2492 829 2562 qua
854 2482 967 2544 morte
994 2473 1238 2546 clarificaturus
1266 2483 1360 2545 esset
1385 2471 1500 2544 deum.
1533 2471 1578 2544 Et
1600 2473 1668 2547 boc
1692 2497 1770 2548 cum

286 2595 449 2677 dixisset,
482 2591 564 2662 dicit
597 2590 630 2661 ei
663 2591 819 2682 Sequere
845 2614 912 2662 me.
965 2585 1204 2666 ”Conversus
1238 2593 1360 2666 Pet-rus
1384 2591 1471 2666 vidit
1495 2593 1590 2664 illum
1618 2595 1770 2691 discipu-

285 2719 354 2788 lum
382 2733 484 2808 quem
512 2711 676 2804 diligebat
701 2711 798 2782 lesus
826 2721 1040 2804 sequentem,
1068 2714 1127 2806 qui
1153 2723 1188 2784 et
1213 2713 1372 2786 recubuit
1397 2715 1432 2784 in
1458 2733 1547 2785 cena
1573 2736 1679 2810 super
1704 2739 1770 2811 pe·

286 2847 361 2907 clus
388 2835 462 2904 eius
496 2841 531 2902 et
565 2830 653 2902 dixit
683 2832 846 2917 Domine,
883 2831 958 2924 quis
994 2842 1048 2903 est
1078 2834 1136 2925 qui
1171 2833 1275 2906 tradit
1300 2837 1362 2906 te?
1405 2825 1428 2872 ²⁴
1448 2833 1546 2904 Hunc
1578 2856 1663 2928 ergo
1678 2829 1769 2908 'cum

284 2955 430 3028 vidisset
462 2951 600 3037 Petrus,
636 2949 719 3022 dicit
751 2953 830 3024 lesu
863 2951 1026 3036 Domine,
1060 2951 1116 3022 hio
1150 2961 1266 3024 autem
1299 2954 1408 3048 quid?
1460 2944 1487 2990 ¹³
1502 2953 1590 3024 Dicit
1617 2957 1649 3026 ei
1674 2956 1769 3028 lesus

285 3077 341 3146 Sic
367 3097 446 3146 eum
471 3073 553 3145 volo
581 3091 723 3143 manere
750 3071 865 3145 donec
891 3071 1036 3156 veniam,
1064 3071 1147 3162 quid
1165 3071 1209 3144 ad
1237 3076 1298 3144 tel
1325 3083 1361 3146 tu
1379 3094 1435 3144 me
1454 3093 1613 3165 sequere.
1645 3068 1768 3146 ”Exi-

287 3196 333 3268 vit
358 3216 445 3287 ergo
472 3213 588 3264 sermo
622 3193 687 3264 iste
714 3193 747 3263 in
774 3194 896 3263 fratres
930 3191 1010 3284 quia
1042 3189 1230 3285 discipulus
1257 3193 1313 3266 ille
1338 3215 1408 3264 non
1433 3193 1586 3264 moritur.
1630 3193 1672 3262 Et
1697 3214 1768 3264 non

285 3314 371 3386 dixit
387 3313 428 3385 'ei
454 3314 549 3385 lesus
575 3313 652 3384 Non
678 3313 830 3397 moritur,
858 3309 922 3382 sed
949 3311 1005 3383 Sic
1030 3331 1110 3382 eum
1136 3311 1218 3384 volo
1245 3333 1388 3386 manere
1414 3309 1528 3384 donec
1544 3311 1656 3396 venio,
1685 3311 1767 3405 quid

287 3435 332 3508 ad
358 3436 416 3506 te‘l
459 3422 485 3471 ²⁵
498 3431 560 3504 Hic
588 3442 640 3504 est
667 3431 855 3527 discipulus
882 3433 940 3524 qui
968 3429 1196 3502 testimoninm
1222 3432 1382 3524 perbibet
1409 3431 1455 3503 de
1482 3431 1534 3502 his
1569 3442 1605 3502 et
1630 3431 1767 3526 scripsit

285 3555 381 3640 hacc,
410 3564 445 3625 et
471 3553 597 3625 scimus
624 3553 704 3647 quia
729 3575 851 3626 verum
878 3561 932 3624 est
957 3552 1185 3624 testimonium
1212 3551 1296 3625 eins.
1347 3543 1375 3588 ¹⁵
1388 3553 1473 3624 Sunt
1498 3561 1612 3624 autem
1640 3551 1767 3624 etalio

286 3675 390 3744 multa
417 3695 506 3767 quae
532 3675 612 3747 lecit
637 3675 742 3760 lesus,
770 3695 862 3768 quae
888 3673 917 3744 si
943 3671 1134 3744 scribantur
1158 3693 1223 3767 per
1249 3673 1396 3766 singula,
1431 3695 1498 3746 nec
1531 3673 1645 3768 ipsum
1672 3672 1765 3744 arbi·
1870 3661 1875 3674 ’

285 3804 358 3866 tror
383 3795 548 3867 muudum
575 3816 702 3890 capere
729 3817 793 3868 eos
820 3793 877 3888 qui
903 3791 1079 3866 scribendi
1105 3803 1184 3866 sunt
1209 3793 1326 3866 libros.
1379 3791 1499 3866 Amen.

936 3944 1109 4008 EXPLICIT
