4220 6124
761 330 944 398 EPISTULA
969 331 1021 396 bn
1048 333 1232 398 EPHESIOS
1666 333 1739 406 309

260 552 295 614 et
320 543 354 613 in
380 541 538 614 omnibus
562 539 674 612 nobis.
724 527 799 584 '‘¹³“
817 536 1003 629 Unicuique
1030 549 1146 610 autem
1179 547 1335 609 nostrum
1361 537 1442 610 data
1468 549 1522 610 est
1547 539 1656 632 gratia
1681 563 1741 613 ss-

262 663 410 734 cundum
443 681 640 734 mensuram
675 656 871 729 donationis
904 655 1033 728 Christi.
1087 649 1265 750 8Propter
1299 657 1393 750 quod
1425 656 1507 728 dicit
1537 655 1741 732 Ascendens

261 783 295 853 in
321 784 425 853 altum
451 780 621 874 captivam
648 775 747 850 duxit
772 775 1015 871 captivitatem,
1043 776 1140 849 dedit
1166 777 1259 848 dona
1282 777 1487 848 hominibus.
1529 768 1659 863 ⁹Qu0d
1677 802 1740 852 au-

262 912 333 972 tem
351 900 513 986 ascendit,
540 898 624 992 quid
649 905 703 970 est
727 897 792 968 nisi
810 895 907 991 quod
933 905 968 967 ει
994 895 1176 970 descendit
1203 892 1257 968 'in
1274 895 1451 968 inferiores
1468 907 1586 990 partes
1605 903 1740 971 terrae?

262 1013 288 1058 ⁴⁰
306 1021 372 1106 Qui
398 1019 585 1104 descendit,
613 1019 690 1112 ipse
717 1027 771 1088 εει
796 1026 832 1088 ει
857 1017 915 1110 qui
933 1018 1090 1089 ascendit
1107 1039 1213 1112 super
1230 1037 1352 1088 omnes
1370 1017 1495 1101 caelos,
1522 1027 1559 1088 ut
1584 1017 1742 1110 impleret

263 1139 387 1212 omnia.
439 1132 461 1177 ⁴⁴
477 1139 519 1210 Et
543 1138 619 1232 ipse
646 1137 741 1211 dedit
766 1137 939 1231 quosdam
966 1137 1110 1230 quidem
1136 1133 1354 1232 'prophetas
1382 1135 1553 1229 quosdam
1579 1128 1740 1229 'quidem

264 1261 459 1354 apostolos,
493 1259 579 1332 alios
606 1253 875 1351 'evangelistas
908 1256 994 1328 alios
1029 1269 1145 1330 autem
1176 1266 1337 1351 pastores
1370 1265 1406 1328 et
1432 1256 1609 1356 doctores,
1653 1248 1680 1294 ⁴²
1696 1257 1742 1328 ad

263 1381 593 1453 consummationem
620 1389 827 1463 sanctorum,
854 1377 889 1446 in
915 1397 1005 1470 opus
1031 1377 1217 1461 ministerii,
1243 1377 1278 1446 in
1303 1374 1578 1448 aedificationem
1612 1397 1759 1470 corpo-¹

263 1502 310 1573 ris
344 1499 481 1585 Christi,
529 1489 555 1536 ¹³
572 1497 686 1568 donec
719 1518 923 1568 occuramus
955 1517 1078 1568 omnes
1113 1498 1147 1569 in
1179 1497 1346 1568 unitatem
1376 1494 1458 1568 fidei
1492 1505 1528 1566 et
1559 1498 1742 1590 agnitionis

263 1621 321 1692 lilii
352 1620 426 1705 dei,
452 1619 487 1690 in
521 1619 631 1690 virum
664 1617 872 1710 perlectum,
906 1617 940 1687 in
971 1613 1170 1689 mensuram
1203 1617 1326 1689 aetatis
1359 1615 1577 1710 plenitudinis
1603 1616 1740 1703 Christi,

262 1729 289 1778 ⁴*
304 1750 342 1811 ut
367 1741 435 1811 iam
461 1759 532 1810 non
558 1739 664 1808 simus
690 1736 822 1830 parvuli
847 1737 1050 1808 fluctuantes
1077 1747 1113 1809 et
1139 1719 1418 1808 circumferamur
1442 1737 1535 1808 omni
1551 1746 1656 1808 vento
1674 1736 1741 1808 do-

264 1861 393 1936 ctrinae
424 1860 459 1930 in
488 1857 639 1950 nequitia
679 1855 873 1941 bominum,
910 1856 945 1926 in
980 1857 1104 1929 astutia
1137 1851 1203 1929 'ad
1236 1857 1562 1928 circumventionem
1596 1857 1740 1942 erroris,

264 1974 290 2018 ⁴⁶
307 1981 487 2053 veritatem
515 1987 630 2050 autem
657 1977 819 2048 iacientes
844 1975 880 2046 in
906 1975 1047 2048 caritate
1074 1999 1271 2050 crescamus
1296 1977 1332 2048 in
1356 1977 1414 2047 illo
1440 1997 1505 2070 per
1531 1976 1655 2061 omnia,
1683 1965 1757 2068 qui'

266 2111 321 2174 est
346 2108 456 2193 caput,
485 2097 652 2184 Christus,
696 2087 722 2134 ⁴⁶
738 2116 783 2166 ex
812 2117 881 2188 quo
908 2105 1017 2168 totum
1043 2119 1169 2192 corpus
1196 2107 1400 2191 conpactum
1427 2106 1464 2167 st
1489 2115 1660 2167 conexum
1678 2117 1743 2188 per

265 2241 405 2294 omnem
431 2219 619 2290 iuncturam
654 2215 973 2289 subministrationis
999 2218 1188 2290 secundum
1222 2218 1459 2312 operationem
1485 2216 1520 2286 in
1545 2236 1742 2286 mensuram

265 2339 531 2431 uniuscuiusque
557 2337 704 2410 membri
730 2345 951 2428 augmentum
980 2339 1136 2432 corporis
1161 2339 1240 2410 lacit
1265 2339 1299 2409 in
1325 2334 1680 2422 aedificationemsui
1708 2335 1742 2406 in

265 2461 416 2532 caritate.
468 2445 556 2506 ΠΜ)
569 2459 645 2530 Ηοε
669 2455 770 2549 igitur
797 2454 876 2528 dico
902 2466 937 2527 et
968 2457 1134 2530 testificor
1166 2458 1200 2528 in
1226 2457 1385 2542 domino,
1412 2431 1542 2526 utiam
1567 2443 1638 2525 non
1664 2475 1741 2524 am-

130 2627 132 2632 r
265 2581 389 2654 buletis
415 2579 503 2651 sicut
528 2587 650 2670 gentes
677 2576 853 2648 ambulant
877 2575 912 2646 in
937 2577 1088 2649 vanitate
1114 2599 1236 2650 sensus
1262 2579 1329 2663 sui,
1382 2567 1408 2612 ⁴⁸
1425 2574 1577 2646 tenebris
1610 2573 1740 2646 obscu-

266 2711 376 2774 ratum
403 2699 572 2771 habentes
597 2698 813 2782 intellectum,
840 2697 975 2768 alienati
1001 2719 1023 2768 a
1047 2699 1118 2771 vita
1143 2697 1209 2784 dei,
1235 2720 1298 2792 per
1323 2696 1549 2790 ignorantiam
1575 2717 1664 2789 quae
1690 2703 1744 2766 est

266 2823 301 2892 in
325 2821 398 2906 illis,
423 2827 566 2914 propter
592 2817 791 2890 caecitatem
818 2817 933 2888 cordis
959 2819 1128 2912 ipsorum,
1173 2811 1199 2856 ⁴⁹
1215 2817 1272 2911 qui
1298 2817 1525 2912 desperantes
1552 2824 1662 2887 semet
1687 2816 1743 2909 ip-

268 2963 328 3013 sos
352 2939 567 3012 tradiderunt
591 2937 808 3031 inpudicitiae
833 2937 867 3006 in
894 2938 1132 3032 operationem
1158 2937 1378 3009 inmunditiae
1405 2937 1516 3007 omnis
1538 2936 1573 3006 in
1591 2935 1741 3007 avaritia.

267 3051 294 3098 ¹⁰
308 3049 355 3106 (Π)
374 3061 443 3130 Vos
476 3066 590 3131 autem
622 3079 692 3129 non
723 3058 769 3127 ita
802 3055 968 3129 didicistis
1003 3057 1186 3142 Christum,
1229 3047 1252 3094 ²¹
1273 3057 1302 3128 si
1335 3067 1451 3126 tamen
1481 3056 1574 3126 illum
1601 3055 1743 3127 audistis

269 3189 305 3250 et
330 3178 465 3271 inipso
493 3178 608 3251 edocti
633 3175 716 3248 estis
743 3174 829 3246 sicut
855 3183 909 3244 est
932 3175 1059 3247 veritas
1086 3177 1120 3247 in
1145 3177 1238 3262 lesu,
1277 3169 1304 3214 Ὦ
1321 3177 1499 3268 deponere
1524 3195 1590 3247 vos
1616 3195 1743 3246 secun-

268 3299 352 3370 dum
377 3297 552 3391 pristinam
579 3295 879 3369 conversationem
904 3293 1060 3366 veterem
1087 3297 1270 3382 bominem,
1298 3296 1355 3390 qui
1373 3295 1601 3389 corrumpitur
1618 3315 1744 3367 secun-

269 3419 351 3491 dum
378 3417 552 3490 desideria
579 3416 723 3488 erroris:
766 3405 1018 3486 ”renovamini
1045 3427 1160 3489 autem
1188 3416 1308 3511 spiritu
1333 3416 1456 3486 mentis
1481 3425 1635 3500 vestrae,
1669 3403 1744 3486 ”ct

267 3539 397 3613 induite
428 3559 557 3609 novum
590 3534 763 3608 hominem
796 3534 854 3628 qui
888 3535 1078 3610 secundum
1112 3535 1217 3609 deum
1253 3545 1389 3608 creatus
1422 3545 1475 3608 cst
1500 3527 1683 3606 iniustitia
1710 3543 1744 3605 et

268 3659 448 3732 sanctitate
485 3657 664 3729 veritatis'
705 3647 733 3694 5
748 3656 894 3748 Propter
934 3656 1029 3750 quod
1062 3658 1279 3752 deponentes
1318 3649 1536 3728 mendacium
1568 3654 1742 3749 loquimini

267 3770 448 3853 veritatem
469 3776 700 3870 unusquisque
718 3799 797 3848 cum
813 3775 974 3868 proximo
993 3799 1072 3877 suc,
1100 3777 1262 3872 quoniam
1280 3799 1398 3850 sumus
1414 3777 1560 3849 invicem
1577 3763 1743 3847 membra.
1823 3801 1828 3806 ·

267 3889 561 3972 ²⁰⁰⁸)1mscimini
587 3908 623 3969 et
647 3899 752 3970 nolite
778 3917 944 3992 peccare:
973 3899 1035 3969 sol·
1050 3921 1120 3970 non
1148 3898 1286 3970 occidat
1312 3919 1419 3992 super
1443 3897 1652 3970 iracundiam
1677 3915 1741 3967 ve-

269 4031 385 4092 stram.
435 4013 462 4060 ²²
478 4019 591 4091 Nolite
616 4019 730 4090 locum
758 4018 844 4090 dure
871 4017 1021 4090 diabulo.
1072 4009 1179 4103 ”Qui
1204 4019 1390 4104 furabatur,
1418 4019 1487 4090 iam
1512 4037 1581 4093 non
1603 4018 1741 4100 iuretur,

270 4141 381 4231 magis
420 4149 535 4212 autem
569 4139 704 4211 laboret
739 4139 918 4232 operando
952 4139 1111 4211 manibus
1151 4138 1246 4230 quod
1278 4138 1408 4210 bonum
1441 4147 1511 4224 est,
1545 4131 1592 4209 ut*
1616 4137 1744 4208 habeat

270 4259 363 4330 unde
403 4259 529 4330 tribuat
561 4259 807 4330 necessitatem
841 4261 992 4352 patienti.
1044 4251 1070 4299 ²⁰
1088 4247 1135 4306 (¹⁰³
1152 4258 1271 4330 Omnis
1305 4255 1433 4331 sermo
1454 4259 1565 4330 malus
1600 4279 1647 4328 ex
1679 4277 1741 4328 ore

268 4389 387 4451 vostro
413 4399 483 4449 non
516 4377 694 4470 procedat,
721 4377 786 4450 scd
813 4379 842 4450 si
869 4382 946 4473 quis
971 4381 1085 4452 bonus
1111 4379 1158 4451 ad
1185 4379 1460 4451 aedificationem
1488 4375 1738 4472 oportunitatis,
1837 4473 1840 4479 Ι

270 4509 307 4572 ut
333 4497 393 4570 det
418 4499 563 4590 gratiam
590 4492 831 4570 audientibus
867 4493 948 4571 30Ει
972 4501 1078 4572 nolite
1104 4500 1308 4572 contristare
1326 4501 1480 4594 spiritum
1499 4508 1656 4570 sanctum
1674 4497 1741 4580 dei,

270 4622 400 4712 inquo
428 4619 552 4711 signati
578 4617 663 4689 estis
696 4619 729 4690 in
756 4618 813 4690 die
846 4620 1104 4714 redemptionis.
1156 4612 1179 4658 ³¹
1200 4620 1318 4691 Omnis
1352 4615 1545 4693 amaritudo
1572 4627 1607 4690 et
1631 4619 1682 4688 ira
1709 4627 1744 4688 et

270 4738 458 4832 indignatio
489 4747 525 4808 et
557 4737 687 4809 clamor
719 4749 754 4809 et
788 4739 1001 4833 blasphemia
1036 4741 1171 4812 tollatur
1198 4763 1218 4812 a
1244 4741 1346 4813 vobis
1374 4763 1452 4811 cum
1479 4739 1570 4812 omni
1598 4738 1742 4810 malitia:

269 4853 296 4900 ³²
313 4869 427 4932 estote
453 4867 568 4930 autem
595 4857 739 4929 invicem
766 4859 917 4951 benigni,
945 4861 1199 4946 misericordes,
1227 4861 1397 4936 donantes
1423 4861 1569 4932 invicem
1590 4853 1683 4931 'sicut
1708 4867 1744 4930 et

270 4983 358 5056 deus
381 4982 417 5068 jn
445 4979 578 5052 Christo
605 4977 747 5050 donavit
769 4979 880 5052 nobis.

657 5101 660 5108 '
875 5101 925 5186 lv,
955 5095 977 5176 7
1007 5141 1052 5154 -
1082 5103 1155 5176 32:
