<?xml version="1.0" encoding="UTF-8"?>
<!DOCTYPE html PUBLIC "-//W3C//DTD XHTML 1.0 Transitional//EN"
    "http://www.w3.org/TR/xhtml1/DTD/xhtml1-transitional.dtd">
<html xmlns="http://www.w3.org/1999/xhtml" xml:lang="en" lang="en">
 <head>
  <title>
</title>
<meta http-equiv="Content-Type" content="text/html;charset=utf-8" />
  <meta name='ocr-system' content='tesseract 3.04.00' />
  <meta name='ocr-capabilities' content='ocr_page ocr_carea ocr_par ocr_line ocrx_word'/>
</head>
<body>
  <div class='ocr_page' id='page_1' title='image "./novumtestamentu02tiscgoog_0196.png"; bbox 0 0 4254 6130; ppageno 0'>
   <div class='ocr_carea' id='block_1_1' title="bbox 404 1181 1634 1260">
    <p class='ocr_par' dir='ltr' id='par_1_1' title="bbox 404 1181 1634 1260">
     <span class='ocr_line' id='line_1_1' title="bbox 404 1181 1634 1260; baseline -0.001 -4"><span class='ocrx_word' id='word_1_1' title='bbox 404 1183 610 1258; x_wconf 84' lang='lat' dir='ltr'>INCIPIUNT</span> <span class='ocrx_word' id='word_1_2' title='bbox 638 1181 849 1254; x_wconf 85' lang='lat' dir='ltr'>CAPITULA</span> <span class='ocrx_word' id='word_1_3' title='bbox 875 1182 1119 1258; x_wconf 86' lang='lat' dir='ltr'>LECTIONUM</span> <span class='ocrx_word' id='word_1_4' title='bbox 1145 1186 1374 1260; x_wconf 87' lang='lat' dir='ltr'><strong>SECUNDUM</strong></span> <span class='ocrx_word' id='word_1_5' title='bbox 1399 1181 1634 1256; x_wconf 83' lang='lat' dir='ltr'>IOHANNEM.</span> 
     </span>
    </p>
   </div>
   <div class='ocr_carea' id='block_1_2' title="bbox 280 1422 1811 1878">
    <p class='ocr_par' dir='ltr' id='par_1_2' title="bbox 386 1422 1749 1522">
     <span class='ocr_line' id='line_1_2' title="bbox 386 1422 1749 1522; baseline -0.001 -25"><span class='ocrx_word' id='word_1_6' title='bbox 386 1429 410 1498; x_wconf 91' lang='lat' dir='ltr'>I.</span> <span class='ocrx_word' id='word_1_7' title='bbox 437 1427 473 1496; x_wconf 91' lang='lat' dir='ltr'>Iu</span> <span class='ocrx_word' id='word_1_8' title='bbox 498 1425 661 1519; x_wconf 83' lang='lat' dir='ltr'>prineIpio</span> <span class='ocrx_word' id='word_1_9' title='bbox 678 1423 825 1496; x_wconf 90' lang='lat' dir='ltr'>verbum</span> <span class='ocrx_word' id='word_1_10' title='bbox 849 1422 936 1496; x_wconf 86' lang='lat' dir='ltr'>deus</span> <span class='ocrx_word' id='word_1_11' title='bbox 962 1425 1055 1519; x_wconf 90' lang='lat' dir='ltr'>apud</span> <span class='ocrx_word' id='word_1_12' title='bbox 1078 1425 1190 1514; x_wconf 89' lang='lat' dir='ltr'>deum,</span> <span class='ocrx_word' id='word_1_13' title='bbox 1217 1448 1406 1522; x_wconf 87' lang='lat' dir='ltr'>perquem</span> <span class='ocrx_word' id='word_1_14' title='bbox 1424 1425 1512 1496; x_wconf 86' lang='lat' dir='ltr'>Iaota</span> <span class='ocrx_word' id='word_1_15' title='bbox 1534 1423 1749 1512; x_wconf 89' lang='lat' dir='ltr'>suntomnia‚</span> 
     </span>
    </p>

    <p class='ocr_par' dir='ltr' id='par_1_3' title="bbox 280 1543 1752 1760">
     <span class='ocr_line' id='line_1_3' title="bbox 280 1543 1752 1642; baseline -0.002 -23"><span class='ocrx_word' id='word_1_16' title='bbox 280 1573 283 1580; x_wconf 73' lang='grc'>’</span> <span class='ocrx_word' id='word_1_17' title='bbox 436 1555 471 1618; x_wconf 89' lang='lat' dir='ltr'>et</span> <span class='ocrx_word' id='word_1_18' title='bbox 496 1545 663 1618; x_wconf 87' lang='lat' dir='ltr'>Iohannes</span> <span class='ocrx_word' id='word_1_19' title='bbox 696 1545 822 1617; x_wconf 90' lang='lat' dir='ltr'>missus</span> <span class='ocrx_word' id='word_1_20' title='bbox 857 1544 1004 1616; x_wconf 80' lang='lat' dir='ltr'>refertur·</span> <span class='ocrx_word' id='word_1_21' title='bbox 1033 1555 1110 1618; x_wconf 87' lang='lat' dir='ltr'>ante</span> <span class='ocrx_word' id='word_1_22' title='bbox 1145 1567 1241 1634; x_wconf 87' lang='lat' dir='ltr'>eum,</span> <span class='ocrx_word' id='word_1_23' title='bbox 1275 1549 1332 1642; x_wconf 92' lang='lat' dir='ltr'>qui</span> <span class='ocrx_word' id='word_1_24' title='bbox 1366 1543 1572 1638; x_wconf 76' lang='lat' dir='ltr'>recipientes</span> <span class='ocrx_word' id='word_1_25' title='bbox 1604 1565 1643 1616; x_wconf 88' lang='lat' dir='ltr'>se</span> <span class='ocrx_word' id='word_1_26' title='bbox 1674 1545 1752 1616; x_wconf 86' lang='lat' dir='ltr'>Iaoit</span> 
     </span>
     <span class='ocr_line' id='line_1_4' title="bbox 435 1664 994 1760; baseline -0.004 -22"><span class='ocrx_word' id='word_1_27' title='bbox 435 1667 521 1738; x_wconf 85' lang='lat' dir='ltr'>filios</span> <span class='ocrx_word' id='word_1_28' title='bbox 547 1666 604 1739; x_wconf 90' lang='lat' dir='ltr'>dei</span> <span class='ocrx_word' id='word_1_29' title='bbox 628 1685 691 1760; x_wconf 84' lang='lat' dir='ltr'>per</span> <span class='ocrx_word' id='word_1_30' title='bbox 716 1664 861 1758; x_wconf 80' lang='lat' dir='ltr'>grabam</span> <span class='ocrx_word' id='word_1_31' title='bbox 886 1685 994 1736; x_wconf 89' lang='lat' dir='ltr'>suam.</span> 
     </span>
    </p>

    <p class='ocr_par' dir='ltr' id='par_1_4' title="bbox 371 1783 1811 1878">
     <span class='ocr_line' id='line_1_5' title="bbox 371 1783 1811 1878; baseline 0.003 -22"><span class='ocrx_word' id='word_1_32' title='bbox 371 1787 406 1857; x_wconf 92' lang='lat' dir='ltr'>II.</span> <span class='ocrx_word' id='word_1_33' title='bbox 433 1785 719 1878; x_wconf 79' lang='lat' dir='ltr'>Interrogantibus</span> <span class='ocrx_word' id='word_1_34' title='bbox 744 1783 879 1857; x_wconf 86' lang='lat' dir='ltr'>Iudaeis</span> <span class='ocrx_word' id='word_1_35' title='bbox 895 1783 1063 1856; x_wconf 88' lang='lat' dir='ltr'>Iohannes</span> <span class='ocrx_word' id='word_1_36' title='bbox 1088 1797 1192 1878; x_wconf 88' lang='lat' dir='ltr'>negat</span> <span class='ocrx_word' id='word_1_37' title='bbox 1218 1809 1257 1860; x_wconf 91' lang='lat' dir='ltr'>se</span> <span class='ocrx_word' id='word_1_38' title='bbox 1283 1808 1364 1860; x_wconf 91' lang='lat' dir='ltr'>esse</span> <span class='ocrx_word' id='word_1_39' title='bbox 1383 1784 1560 1872; x_wconf 82' lang='lat' dir='ltr'>Christum,</span> <span class='ocrx_word' id='word_1_40' title='bbox 1588 1785 1651 1858; x_wconf 88' lang='lat' dir='ltr'>sed</span> <span class='ocrx_word' id='word_1_41' title='bbox 1669 1788 1750 1860; x_wconf 90' lang='lat' dir='ltr'>mis-</span> <span class='ocrx_word' id='word_1_42' title='bbox 1807 1863 1811 1876; x_wconf 55' lang='grc'><strong>,</strong></span> 
     </span>
    </p>
   </div>
   <div class='ocr_carea' id='block_1_3' title="bbox 436 1904 1895 1998">
    <p class='ocr_par' dir='ltr' id='par_1_5' title="bbox 436 1904 1895 1998">
     <span class='ocr_line' id='line_1_6' title="bbox 436 1904 1895 1998; baseline 0.003 -22"><span class='ocrx_word' id='word_1_43' title='bbox 436 1929 511 1977; x_wconf 88' lang='lat' dir='ltr'>snm</span> <span class='ocrx_word' id='word_1_44' title='bbox 538 1927 577 1976; x_wconf 88' lang='lat' dir='ltr'>se</span> <span class='ocrx_word' id='word_1_45' title='bbox 603 1913 682 1976; x_wconf 86' lang='lat' dir='ltr'>ante</span> <span class='ocrx_word' id='word_1_46' title='bbox 715 1904 807 1976; x_wconf 94' lang='lat' dir='ltr'>iIInm</span> <span class='ocrx_word' id='word_1_47' title='bbox 842 1925 1035 1998; x_wconf 87' lang='lat' dir='ltr'>vocemque</span> <span class='ocrx_word' id='word_1_48' title='bbox 1066 1925 1146 1976; x_wconf 86' lang='lat' dir='ltr'>esse</span> <span class='ocrx_word' id='word_1_49' title='bbox 1179 1907 1366 1994; x_wconf 80' lang='lat' dir='ltr'>damantis</span> <span class='ocrx_word' id='word_1_50' title='bbox 1388 1905 1423 1976; x_wconf 92' lang='lat' dir='ltr'>in</span> <span class='ocrx_word' id='word_1_51' title='bbox 1457 1905 1597 1978; x_wconf 88' lang='lat' dir='ltr'>deserto</span> <span class='ocrx_word' id='word_1_52' title='bbox 1627 1927 1749 1980; x_wconf 84' lang='lat' dir='ltr'>secun-</span> <span class='ocrx_word' id='word_1_53' title='bbox 1891 1917 1895 1924; x_wconf 87' lang='lat'>&#39;</span> 
     </span>
    </p>
   </div>
   <div class='ocr_carea' id='block_1_4' title="bbox 319 2025 1841 5241">
    <p class='ocr_par' dir='ltr' id='par_1_6' title="bbox 435 2025 1752 2360">
     <span class='ocr_line' id='line_1_7' title="bbox 435 2025 1749 2121; baseline 0.003 -24"><span class='ocrx_word' id='word_1_54' title='bbox 435 2025 517 2097; x_wconf 90' lang='lat' dir='ltr'>dum</span> <span class='ocrx_word' id='word_1_55' title='bbox 544 2025 679 2097; x_wconf 86' lang='lat' dir='ltr'>Esaiam</span> <span class='ocrx_word' id='word_1_56' title='bbox 706 2025 872 2110; x_wconf 82' lang='lat' dir='ltr'>enuntiat3</span> <span class='ocrx_word' id='word_1_57' title='bbox 899 2025 1010 2118; x_wconf 91' lang='lat' dir='ltr'>ipsum</span> <span class='ocrx_word' id='word_1_58' title='bbox 1036 2046 1121 2098; x_wconf 85' lang='lat' dir='ltr'>vero</span> <span class='ocrx_word' id='word_1_59' title='bbox 1154 2026 1277 2098; x_wconf 83' lang='lat' dir='ltr'>Iatetm</span> <span class='ocrx_word' id='word_1_60' title='bbox 1308 2047 1440 2120; x_wconf 86' lang='lat' dir='ltr'>agnum</span> <span class='ocrx_word' id='word_1_61' title='bbox 1469 2025 1641 2098; x_wconf 85' lang='lat' dir='ltr'>tollentem</span> <span class='ocrx_word' id='word_1_62' title='bbox 1666 2050 1749 2121; x_wconf 90' lang='lat' dir='ltr'>peo-</span> 
     </span>
     <span class='ocr_line' id='line_1_8' title="bbox 436 2144 1752 2242; baseline 0.001 -23"><span class='ocrx_word' id='word_1_63' title='bbox 436 2155 513 2219; x_wconf 86' lang='lat' dir='ltr'>oata</span> <span class='ocrx_word' id='word_1_64' title='bbox 544 2144 661 2217; x_wconf 92' lang='lat' dir='ltr'>mnndi</span> <span class='ocrx_word' id='word_1_65' title='bbox 693 2155 728 2217; x_wconf 85' lang='lat' dir='ltr'>at</span> <span class='ocrx_word' id='word_1_66' title='bbox 759 2146 987 2240; x_wconf 78' lang='lat' dir='ltr'>baptizantem</span> <span class='ocrx_word' id='word_1_67' title='bbox 1022 2146 1055 2216; x_wconf 91' lang='lat' dir='ltr'>in</span> <span class='ocrx_word' id='word_1_68' title='bbox 1088 2145 1206 2240; x_wconf 83' lang='lat' dir='ltr'>spiritu</span> <span class='ocrx_word' id='word_1_69' title='bbox 1239 2157 1376 2231; x_wconf 85' lang='lat' dir='ltr'>saneto,</span> <span class='ocrx_word' id='word_1_70' title='bbox 1413 2165 1458 2216; x_wconf 89' lang='lat' dir='ltr'>so</span> <span class='ocrx_word' id='word_1_71' title='bbox 1491 2144 1585 2240; x_wconf 86' lang='lat' dir='ltr'>quod</span> <span class='ocrx_word' id='word_1_72' title='bbox 1609 2146 1683 2242; x_wconf 87' lang='lat' dir='ltr'>ipse</span> <span class='ocrx_word' id='word_1_73' title='bbox 1709 2149 1752 2222; x_wconf 92' lang='lat' dir='ltr'>sit</span> 
     </span>
     <span class='ocr_line' id='line_1_9' title="bbox 435 2285 694 2360; baseline -0.012 -22"><span class='ocrx_word' id='word_1_74' title='bbox 435 2289 539 2360; x_wconf 90' lang='lat' dir='ltr'>snpra</span> <span class='ocrx_word' id='word_1_75' title='bbox 565 2285 694 2336; x_wconf 91' lang='lat' dir='ltr'>omnes.</span> 
     </span>
    </p>

    <p class='ocr_par' dir='ltr' id='par_1_7' title="bbox 363 2383 1751 2820">
     <span class='ocr_line' id='line_1_10' title="bbox 363 2383 1751 2480; baseline 0.002 -22"><span class='ocrx_word' id='word_1_76' title='bbox 363 2387 410 2458; x_wconf 88' lang='grc' dir='ltr'>ΠΙ.</span> <span class='ocrx_word' id='word_1_77' title='bbox 436 2387 490 2458; x_wconf 86' lang='lat' dir='ltr'>Ex</span> <span class='ocrx_word' id='word_1_78' title='bbox 524 2386 660 2459; x_wconf 90' lang='lat' dir='ltr'>dnobus</span> <span class='ocrx_word' id='word_1_79' title='bbox 694 2385 850 2458; x_wconf 88' lang='lat' dir='ltr'>Iohannis</span> <span class='ocrx_word' id='word_1_80' title='bbox 880 2385 1052 2480; x_wconf 81' lang='lat' dir='ltr'>discipulis</span> <span class='ocrx_word' id='word_1_81' title='bbox 1085 2385 1142 2479; x_wconf 91' lang='lat' dir='ltr'>qui</span> <span class='ocrx_word' id='word_1_82' title='bbox 1169 2385 1278 2456; x_wconf 89' lang='lat' dir='ltr'>seouti</span> <span class='ocrx_word' id='word_1_83' title='bbox 1302 2386 1441 2456; x_wconf 80' lang='lat' dir='ltr'>buerant</span> <span class='ocrx_word' id='word_1_84' title='bbox 1466 2383 1639 2458; x_wconf 90' lang='lat' dir='ltr'>dominnm</span> <span class='ocrx_word' id='word_1_85' title='bbox 1665 2410 1751 2462; x_wconf 92' lang='lat' dir='ltr'>unus</span> 
     </span>
     <span class='ocr_line' id='line_1_11' title="bbox 436 2501 1749 2610; baseline 0.001 -32"><span class='ocrx_word' id='word_1_86' title='bbox 436 2505 593 2610; x_wconf 83' lang='lat' dir='ltr'>Andreas</span> <span class='ocrx_word' id='word_1_87' title='bbox 627 2505 770 2578; x_wconf 84' lang='lat' dir='ltr'>adduxit</span> <span class='ocrx_word' id='word_1_88' title='bbox 802 2507 941 2578; x_wconf 85' lang='lat' dir='ltr'>fratrem</span> <span class='ocrx_word' id='word_1_89' title='bbox 974 2528 1087 2592; x_wconf 88' lang='lat' dir='ltr'>snum,</span> <span class='ocrx_word' id='word_1_90' title='bbox 1120 2506 1178 2599; x_wconf 89' lang='lat' dir='ltr'>qni</span> <span class='ocrx_word' id='word_1_91' title='bbox 1203 2505 1324 2576; x_wconf 84' lang='lat' dir='ltr'>Petrus</span> <span class='ocrx_word' id='word_1_92' title='bbox 1350 2503 1397 2574; x_wconf 91' lang='lat' dir='ltr'>ub</span> <span class='ocrx_word' id='word_1_93' title='bbox 1423 2501 1500 2596; x_wconf 92' lang='lat' dir='ltr'>ipso</span> <span class='ocrx_word' id='word_1_94' title='bbox 1524 2517 1749 2604; x_wconf 83' lang='lat' dir='ltr'>nuncupatus:</span> 
     </span>
     <span class='ocr_line' id='line_1_12' title="bbox 437 2622 1749 2722; baseline 0.003 -24"><span class='ocrx_word' id='word_1_95' title='bbox 437 2627 609 2722; x_wconf 87' lang='lat' dir='ltr'>Philippus</span> <span class='ocrx_word' id='word_1_96' title='bbox 635 2647 774 2720; x_wconf 91' lang='lat' dir='ltr'>quoque</span> <span class='ocrx_word' id='word_1_97' title='bbox 798 2636 943 2698; x_wconf 86' lang='lat' dir='ltr'>vocatus</span> <span class='ocrx_word' id='word_1_98' title='bbox 966 2625 1191 2699; x_wconf 88' lang='lat' dir='ltr'>Nathanabeii</span> <span class='ocrx_word' id='word_1_99' title='bbox 1215 2622 1358 2706; x_wconf 84' lang='lat' dir='ltr'>indicat,</span> <span class='ocrx_word' id='word_1_100' title='bbox 1386 2623 1445 2716; x_wconf 92' lang='lat' dir='ltr'>qui</span> <span class='ocrx_word' id='word_1_101' title='bbox 1470 2647 1554 2700; x_wconf 84' lang='lat' dir='ltr'>mox</span> <span class='ocrx_word' id='word_1_102' title='bbox 1578 2628 1664 2700; x_wconf 86' lang='lat' dir='ltr'>inter</span> <span class='ocrx_word' id='word_1_103' title='bbox 1689 2651 1749 2702; x_wconf 89' lang='lat' dir='ltr'>oe·</span> 
     </span>
     <span class='ocr_line' id='line_1_13' title="bbox 437 2745 1036 2820; baseline -0.003 0"><span class='ocrx_word' id='word_1_104' title='bbox 437 2762 508 2820; x_wconf 90' lang='lat' dir='ltr'>tera</span> <span class='ocrx_word' id='word_1_105' title='bbox 534 2769 614 2820; x_wconf 90' lang='lat' dir='ltr'>enm</span> <span class='ocrx_word' id='word_1_106' title='bbox 640 2745 696 2818; x_wconf 90' lang='lat' dir='ltr'>dei</span> <span class='ocrx_word' id='word_1_107' title='bbox 721 2745 823 2818; x_wconf 86' lang='lat' dir='ltr'>filium</span> <span class='ocrx_word' id='word_1_108' title='bbox 849 2745 1036 2820; x_wconf 85' lang='lat' dir='ltr'>confitetur.</span> 
     </span>
    </p>

    <p class='ocr_par' dir='ltr' id='par_1_8' title="bbox 349 2863 1750 3083">
     <span class='ocr_line' id='line_1_14' title="bbox 349 2863 1750 2965; baseline 0.003 -27"><span class='ocrx_word' id='word_1_109' title='bbox 349 2869 411 2939; x_wconf 95' lang='lat' dir='ltr'>IIII.</span> <span class='ocrx_word' id='word_1_110' title='bbox 437 2869 473 2939; x_wconf 92' lang='lat' dir='ltr'>Iu</span> <span class='ocrx_word' id='word_1_111' title='bbox 498 2866 622 2960; x_wconf 90' lang='lat' dir='ltr'>nuptiis</span> <span class='ocrx_word' id='word_1_112' title='bbox 649 2886 774 2960; x_wconf 87' lang='lat' dir='ltr'>aquam</span> <span class='ocrx_word' id='word_1_113' title='bbox 801 2867 968 2938; x_wconf 88' lang='lat' dir='ltr'>convertit</span> <span class='ocrx_word' id='word_1_114' title='bbox 992 2868 1026 2938; x_wconf 90' lang='lat' dir='ltr'>in</span> <span class='ocrx_word' id='word_1_115' title='bbox 1051 2867 1181 2938; x_wconf 89' lang='lat' dir='ltr'>vinum:</span> <span class='ocrx_word' id='word_1_116' title='bbox 1209 2884 1278 2960; x_wconf 86' lang='lat' dir='ltr'>qno</span> <span class='ocrx_word' id='word_1_117' title='bbox 1304 2863 1396 2942; x_wconf 82' lang='lat' dir='ltr'>Iaeto</span> <span class='ocrx_word' id='word_1_118' title='bbox 1423 2870 1639 2960; x_wconf 86' lang='lat' dir='ltr'>oognosoitur</span> <span class='ocrx_word' id='word_1_119' title='bbox 1656 2871 1750 2965; x_wconf 93' lang='lat' dir='ltr'>quod</span> 
     </span>
     <span class='ocr_line' id='line_1_15' title="bbox 436 2979 1679 3083; baseline 0.001 -22"><span class='ocrx_word' id='word_1_120' title='bbox 436 2989 494 3061; x_wconf 93' lang='lat' dir='ltr'>ubi</span> <span class='ocrx_word' id='word_1_121' title='bbox 518 2988 594 3082; x_wconf 89' lang='lat' dir='ltr'>ipse</span> <span class='ocrx_word' id='word_1_122' title='bbox 619 2986 718 3058; x_wconf 82' lang='lat' dir='ltr'>fuerit</span> <span class='ocrx_word' id='word_1_123' title='bbox 742 2987 899 3060; x_wconf 84' lang='lat' dir='ltr'>invitatus</span> <span class='ocrx_word' id='word_1_124' title='bbox 923 2987 1038 3060; x_wconf 86' lang='lat' dir='ltr'>vinnm</span> <span class='ocrx_word' id='word_1_125' title='bbox 1064 3005 1210 3058; x_wconf 86' lang='lat' dir='ltr'>neeesse</span> <span class='ocrx_word' id='word_1_126' title='bbox 1235 2983 1278 3054; x_wconf 89' lang='lat' dir='ltr'>sit</span> <span class='ocrx_word' id='word_1_127' title='bbox 1303 2979 1455 3057; x_wconf 82' lang='lat' dir='ltr'>deficere</span> <span class='ocrx_word' id='word_1_128' title='bbox 1480 2990 1679 3083; x_wconf 77' lang='lat' dir='ltr'>nuptiarum,</span> 
     </span>
    </p>

    <p class='ocr_par' dir='ltr' id='par_1_9' title="bbox 375 3100 1748 3203">
     <span class='ocr_line' id='line_1_16' title="bbox 375 3100 1748 3203; baseline 0.003 -25"><span class='ocrx_word' id='word_1_129' title='bbox 375 3111 408 3178; x_wconf 83' lang='lat' dir='ltr'>V.</span> <span class='ocrx_word' id='word_1_130' title='bbox 435 3107 686 3203; x_wconf 87' lang='lat' dir='ltr'>Propinquante</span> <span class='ocrx_word' id='word_1_131' title='bbox 711 3107 841 3200; x_wconf 87' lang='lat' dir='ltr'>paseha</span> <span class='ocrx_word' id='word_1_132' title='bbox 866 3107 1070 3179; x_wconf 87' lang='lat' dir='ltr'>Indaeorum</span> <span class='ocrx_word' id='word_1_133' title='bbox 1096 3103 1175 3176; x_wconf 88' lang='lat' dir='ltr'>eioit</span> <span class='ocrx_word' id='word_1_134' title='bbox 1198 3100 1391 3176; x_wconf 86' lang='lat' dir='ltr'>vendentes</span> <span class='ocrx_word' id='word_1_135' title='bbox 1417 3127 1438 3176; x_wconf 90' lang='lat' dir='ltr'>e</span> <span class='ocrx_word' id='word_1_136' title='bbox 1464 3111 1605 3203; x_wconf 84' lang='lat' dir='ltr'>templo,</span> <span class='ocrx_word' id='word_1_137' title='bbox 1637 3121 1672 3182; x_wconf 90' lang='lat' dir='ltr'>et</span> <span class='ocrx_word' id='word_1_138' title='bbox 1695 3111 1748 3182; x_wconf 94' lang='lat' dir='ltr'>in-</span> 
     </span>
    </p>

    <p class='ocr_par' dir='ltr' id='par_1_10' title="bbox 380 3219 1747 3442">
     <span class='ocr_line' id='line_1_17' title="bbox 380 3219 1747 3322; baseline 0.003 -24"><span class='ocrx_word' id='word_1_139' title='bbox 380 3261 382 3264; x_wconf 96' lang='lat'>·</span> <span class='ocrx_word' id='word_1_140' title='bbox 436 3227 687 3322; x_wconf 85' lang='lat' dir='ltr'>terrogantibus</span> <span class='ocrx_word' id='word_1_141' title='bbox 719 3226 813 3319; x_wconf 88' lang='lat' dir='ltr'>quod</span> <span class='ocrx_word' id='word_1_142' title='bbox 838 3225 971 3318; x_wconf 88' lang='lat' dir='ltr'>signum</span> <span class='ocrx_word' id='word_1_143' title='bbox 997 3225 1112 3309; x_wconf 87' lang='lat' dir='ltr'>daret,</span> <span class='ocrx_word' id='word_1_144' title='bbox 1139 3219 1296 3295; x_wconf 88' lang='lat' dir='ltr'>solvendi</span> <span class='ocrx_word' id='word_1_145' title='bbox 1321 3222 1493 3318; x_wconf 88' lang='lat' dir='ltr'>templum</span> <span class='ocrx_word' id='word_1_146' title='bbox 1511 3238 1547 3300; x_wconf 88' lang='lat' dir='ltr'>et</span> <span class='ocrx_word' id='word_1_147' title='bbox 1577 3229 1610 3300; x_wconf 93' lang='lat' dir='ltr'>in</span> <span class='ocrx_word' id='word_1_148' title='bbox 1636 3229 1747 3302; x_wconf 87' lang='lat' dir='ltr'>triduo</span> 
     </span>
     <span class='ocr_line' id='line_1_18' title="bbox 437 3329 961 3442; baseline -0.008 -22"><span class='ocrx_word' id='word_1_149' title='bbox 437 3329 609 3420; x_wconf 74' lang='lat' dir='ltr'>enoitandi</span> <span class='ocrx_word' id='word_1_150' title='bbox 634 3346 832 3442; x_wconf 76' lang='lat' dir='ltr'>mysterium</span> <span class='ocrx_word' id='word_1_151' title='bbox 858 3345 961 3440; x_wconf 90' lang='lat' dir='ltr'>ponit.</span> 
     </span>
    </p>

    <p class='ocr_par' dir='ltr' id='par_1_11' title="bbox 363 3462 1746 3800">
     <span class='ocr_line' id='line_1_19' title="bbox 363 3462 1746 3558; baseline 0.001 -20"><span class='ocrx_word' id='word_1_152' title='bbox 363 3467 412 3538; x_wconf 85' lang='lat' dir='ltr'>VI.</span> <span class='ocrx_word' id='word_1_153' title='bbox 438 3468 628 3540; x_wconf 88' lang='lat' dir='ltr'>Nioodemo</span> <span class='ocrx_word' id='word_1_154' title='bbox 661 3467 748 3540; x_wconf 87' lang='lat' dir='ltr'>inter</span> <span class='ocrx_word' id='word_1_155' title='bbox 778 3465 882 3538; x_wconf 91' lang='lat' dir='ltr'>multa</span> <span class='ocrx_word' id='word_1_156' title='bbox 915 3465 995 3538; x_wconf 83' lang='lat' dir='ltr'>dicit</span> <span class='ocrx_word' id='word_1_157' title='bbox 1031 3464 1094 3536; x_wconf 91' lang='lat' dir='ltr'>nisi</span> <span class='ocrx_word' id='word_1_158' title='bbox 1129 3472 1266 3536; x_wconf 87' lang='lat' dir='ltr'>renatus</span> <span class='ocrx_word' id='word_1_159' title='bbox 1299 3462 1333 3533; x_wconf 94' lang='lat' dir='ltr'>in</span> <span class='ocrx_word' id='word_1_160' title='bbox 1362 3483 1506 3558; x_wconf 84' lang='lat' dir='ltr'>regnum</span> <span class='ocrx_word' id='word_1_161' title='bbox 1539 3465 1596 3538; x_wconf 88' lang='lat' dir='ltr'>dei</span> <span class='ocrx_word' id='word_1_162' title='bbox 1622 3469 1746 3540; x_wconf 87' lang='lat' dir='ltr'>intrare</span> 
     </span>
     <span class='ocr_line' id='line_1_20' title="bbox 437 3581 1744 3682; baseline 0.002 -24"><span class='ocrx_word' id='word_1_163' title='bbox 437 3609 506 3660; x_wconf 93' lang='lat' dir='ltr'>non</span> <span class='ocrx_word' id='word_1_164' title='bbox 531 3608 650 3682; x_wconf 85' lang='lat' dir='ltr'>posse,</span> <span class='ocrx_word' id='word_1_165' title='bbox 683 3589 739 3660; x_wconf 82' lang='lat' dir='ltr'>vel</span> <span class='ocrx_word' id='word_1_166' title='bbox 770 3586 865 3680; x_wconf 90' lang='lat' dir='ltr'>quod</span> <span class='ocrx_word' id='word_1_167' title='bbox 888 3605 959 3657; x_wconf 91' lang='lat' dir='ltr'>non</span> <span class='ocrx_word' id='word_1_168' title='bbox 982 3582 1134 3658; x_wconf 84' lang='lat' dir='ltr'>iudinare</span> <span class='ocrx_word' id='word_1_169' title='bbox 1166 3582 1230 3654; x_wconf 91' lang='lat' dir='ltr'>sed</span> <span class='ocrx_word' id='word_1_170' title='bbox 1255 3581 1390 3654; x_wconf 86' lang='lat' dir='ltr'>salvare</span> <span class='ocrx_word' id='word_1_171' title='bbox 1416 3585 1547 3658; x_wconf 83' lang='lat' dir='ltr'>venerit</span> <span class='ocrx_word' id='word_1_172' title='bbox 1573 3587 1744 3674; x_wconf 90' lang='lat' dir='ltr'>mundum,</span> 
     </span>
     <span class='ocr_line' id='line_1_21' title="bbox 437 3703 1434 3800; baseline -0.003 -22"><span class='ocrx_word' id='word_1_173' title='bbox 437 3717 471 3778; x_wconf 87' lang='lat' dir='ltr'>et</span> <span class='ocrx_word' id='word_1_174' title='bbox 497 3705 702 3778; x_wconf 78' lang='lat' dir='ltr'>manifestari</span> <span class='ocrx_word' id='word_1_175' title='bbox 728 3707 807 3778; x_wconf 89' lang='lat' dir='ltr'>dioit</span> <span class='ocrx_word' id='word_1_176' title='bbox 833 3727 941 3800; x_wconf 88' lang='lat' dir='ltr'>opera</span> <span class='ocrx_word' id='word_1_177' title='bbox 967 3705 1114 3799; x_wconf 87' lang='lat' dir='ltr'>quaein</span> <span class='ocrx_word' id='word_1_178' title='bbox 1139 3703 1208 3776; x_wconf 87' lang='lat' dir='ltr'>deo</span> <span class='ocrx_word' id='word_1_179' title='bbox 1234 3711 1321 3776; x_wconf 88' lang='lat' dir='ltr'>sunt·</span> <span class='ocrx_word' id='word_1_180' title='bbox 1335 3703 1434 3777; x_wconf 87' lang='lat' dir='ltr'>Iacta.</span> 
     </span>
    </p>

    <p class='ocr_par' dir='ltr' id='par_1_12' title="bbox 350 3822 1745 4282">
     <span class='ocr_line' id='line_1_22' title="bbox 350 3822 1745 3922; baseline 0.002 -24"><span class='ocrx_word' id='word_1_181' title='bbox 350 3828 413 3898; x_wconf 90' lang='lat' dir='ltr'>VII.</span> <span class='ocrx_word' id='word_1_182' title='bbox 439 3827 578 3900; x_wconf 90' lang='lat' dir='ltr'>Iohanni</span> <span class='ocrx_word' id='word_1_183' title='bbox 610 3828 644 3898; x_wconf 90' lang='lat' dir='ltr'>iu</span> <span class='ocrx_word' id='word_1_184' title='bbox 675 3826 797 3900; x_wconf 83' lang='lat' dir='ltr'>Aenon</span> <span class='ocrx_word' id='word_1_185' title='bbox 826 3825 1008 3922; x_wconf 82' lang='lat' dir='ltr'>baptizanti</span> <span class='ocrx_word' id='word_1_186' title='bbox 1040 3822 1160 3896; x_wconf 89' lang='lat' dir='ltr'>dieitur</span> <span class='ocrx_word' id='word_1_187' title='bbox 1190 3824 1302 3896; x_wconf 86' lang='lat' dir='ltr'>Iesum</span> <span class='ocrx_word' id='word_1_188' title='bbox 1331 3823 1522 3918; x_wconf 81' lang='lat' dir='ltr'>bapIIzare:</span> <span class='ocrx_word' id='word_1_189' title='bbox 1556 3847 1658 3918; x_wconf 87' lang='lat' dir='ltr'>quem</span> <span class='ocrx_word' id='word_1_190' title='bbox 1690 3828 1745 3901; x_wconf 92' lang='lat' dir='ltr'>iIIe</span> 
     </span>
     <span class='ocr_line' id='line_1_23' title="bbox 437 3943 1745 4042; baseline 0.002 -24"><span class='ocrx_word' id='word_1_191' title='bbox 437 3968 601 4042; x_wconf 88' lang='lat' dir='ltr'>sponsum</span> <span class='ocrx_word' id='word_1_192' title='bbox 628 3969 707 4020; x_wconf 87' lang='lat' dir='ltr'>asse</span> <span class='ocrx_word' id='word_1_193' title='bbox 733 3957 768 4020; x_wconf 87' lang='lat' dir='ltr'>et</span> <span class='ocrx_word' id='word_1_194' title='bbox 793 3957 955 4042; x_wconf 86' lang='lat' dir='ltr'>oportere</span> <span class='ocrx_word' id='word_1_195' title='bbox 980 3965 1147 4030; x_wconf 82' lang='lat' dir='ltr'>creseere,</span> <span class='ocrx_word' id='word_1_196' title='bbox 1174 3967 1212 4018; x_wconf 90' lang='lat' dir='ltr'>se</span> <span class='ocrx_word' id='word_1_197' title='bbox 1238 3951 1352 4016; x_wconf 85' lang='lat' dir='ltr'>autem</span> <span class='ocrx_word' id='word_1_198' title='bbox 1377 3943 1490 4030; x_wconf 80' lang='lat' dir='ltr'>mium,</span> <span class='ocrx_word' id='word_1_199' title='bbox 1515 3943 1674 4040; x_wconf 89' lang='lat' dir='ltr'>illumque</span> <span class='ocrx_word' id='word_1_200' title='bbox 1700 3948 1745 4021; x_wconf 92' lang='lat' dir='ltr'>de</span> 
     </span>
     <span class='ocr_line' id='line_1_24' title="bbox 437 4061 1744 4163; baseline 0.002 -24"><span class='ocrx_word' id='word_1_201' title='bbox 437 4089 571 4140; x_wconf 88' lang='lat' dir='ltr'>sursum</span> <span class='ocrx_word' id='word_1_202' title='bbox 599 4076 633 4138; x_wconf 88' lang='lat' dir='ltr'>et</span> <span class='ocrx_word' id='word_1_203' title='bbox 658 4090 762 4163; x_wconf 89' lang='lat' dir='ltr'>snpra</span> <span class='ocrx_word' id='word_1_204' title='bbox 788 4089 909 4139; x_wconf 89' lang='lat' dir='ltr'>omnes</span> <span class='ocrx_word' id='word_1_205' title='bbox 935 4087 1031 4152; x_wconf 90' lang='lat' dir='ltr'>esse,</span> <span class='ocrx_word' id='word_1_206' title='bbox 1058 4065 1325 4158; x_wconf 84' lang='lat' dir='ltr'>credentemque</span> <span class='ocrx_word' id='word_1_207' title='bbox 1356 4061 1390 4134; x_wconf 92' lang='lat' dir='ltr'>in</span> <span class='ocrx_word' id='word_1_208' title='bbox 1421 4085 1500 4136; x_wconf 91' lang='lat' dir='ltr'>eum</span> <span class='ocrx_word' id='word_1_209' title='bbox 1531 4064 1659 4140; x_wconf 85' lang='lat' dir='ltr'>babere</span> <span class='ocrx_word' id='word_1_210' title='bbox 1691 4070 1744 4141; x_wconf 89' lang='lat' dir='ltr'>vi·</span> 
     </span>
     <span class='ocr_line' id='line_1_25' title="bbox 437 4184 1678 4282; baseline -0.001 -23"><span class='ocrx_word' id='word_1_211' title='bbox 437 4197 506 4259; x_wconf 88' lang='lat' dir='ltr'>tam</span> <span class='ocrx_word' id='word_1_212' title='bbox 533 4195 717 4274; x_wconf 85' lang='lat' dir='ltr'>aeternam,</span> <span class='ocrx_word' id='word_1_213' title='bbox 745 4209 849 4282; x_wconf 87' lang='lat' dir='ltr'>super</span> <span class='ocrx_word' id='word_1_214' title='bbox 874 4187 1080 4260; x_wconf 82' lang='lat' dir='ltr'>incredulum</span> <span class='ocrx_word' id='word_1_215' title='bbox 1107 4206 1191 4258; x_wconf 85' lang='lat' dir='ltr'>vero</span> <span class='ocrx_word' id='word_1_216' title='bbox 1217 4185 1303 4256; x_wconf 90' lang='lat' dir='ltr'>iram</span> <span class='ocrx_word' id='word_1_217' title='bbox 1328 4203 1468 4256; x_wconf 86' lang='lat' dir='ltr'>manere</span> <span class='ocrx_word' id='word_1_218' title='bbox 1494 4184 1678 4258; x_wconf 79' lang='lat' dir='ltr'>confirmat.</span> 
     </span>
    </p>

    <p class='ocr_par' dir='ltr' id='par_1_13' title="bbox 336 4304 1745 4620">
     <span class='ocr_line' id='line_1_26' title="bbox 336 4304 1745 4400; baseline 0.001 -22"><span class='ocrx_word' id='word_1_219' title='bbox 336 4307 412 4378; x_wconf 87' lang='lat' dir='ltr'>VIII.</span> <span class='ocrx_word' id='word_1_220' title='bbox 438 4305 541 4400; x_wconf 84' lang='lat' dir='ltr'>Apud</span> <span class='ocrx_word' id='word_1_221' title='bbox 580 4319 721 4400; x_wconf 85' lang='lat' dir='ltr'>putenm</span> <span class='ocrx_word' id='word_1_222' title='bbox 760 4308 863 4380; x_wconf 90' lang='lat' dir='ltr'>Iaoob</span> <span class='ocrx_word' id='word_1_223' title='bbox 902 4307 1032 4380; x_wconf 88' lang='lat' dir='ltr'>mulieri</span> <span class='ocrx_word' id='word_1_224' title='bbox 1070 4304 1302 4378; x_wconf 83' lang='lat' dir='ltr'>Samaritanae</span> <span class='ocrx_word' id='word_1_225' title='bbox 1334 4305 1566 4376; x_wconf 82' lang='lat' dir='ltr'>manifestatus</span> <span class='ocrx_word' id='word_1_226' title='bbox 1601 4306 1745 4400; x_wconf 85' lang='lat' dir='ltr'>pIanma</span> 
     </span>
     <span class='ocr_line' id='line_1_27' title="bbox 437 4423 1743 4530; baseline 0 -32"><span class='ocrx_word' id='word_1_227' title='bbox 437 4427 580 4521; x_wconf 80' lang='lat' dir='ltr'>mystioe</span> <span class='ocrx_word' id='word_1_228' title='bbox 607 4430 762 4522; x_wconf 87' lang='lat' dir='ltr'>quuitur,</span> <span class='ocrx_word' id='word_1_229' title='bbox 789 4439 824 4500; x_wconf 88' lang='lat' dir='ltr'>ot</span> <span class='ocrx_word' id='word_1_230' title='bbox 849 4429 943 4500; x_wconf 84' lang='lat' dir='ltr'>muIti</span> <span class='ocrx_word' id='word_1_231' title='bbox 968 4425 1257 4530; x_wconf 82' lang='lat' dir='ltr'>Samaritanorum</span> <span class='ocrx_word' id='word_1_232' title='bbox 1283 4423 1427 4498; x_wconf 84' lang='lat' dir='ltr'>eredunt</span> <span class='ocrx_word' id='word_1_233' title='bbox 1451 4425 1485 4496; x_wconf 94' lang='lat' dir='ltr'>in</span> <span class='ocrx_word' id='word_1_234' title='bbox 1509 4445 1598 4512; x_wconf 88' lang='lat' dir='ltr'>enm,</span> <span class='ocrx_word' id='word_1_235' title='bbox 1625 4425 1743 4498; x_wconf 85' lang='lat' dir='ltr'>dieen-</span> 
     </span>
     <span class='ocr_line' id='line_1_28' title="bbox 438 4543 1094 4620; baseline -0.002 -2"><span class='ocrx_word' id='word_1_236' title='bbox 438 4557 490 4618; x_wconf 89' lang='lat' dir='ltr'>tes</span> <span class='ocrx_word' id='word_1_237' title='bbox 516 4547 577 4618; x_wconf 84' lang='lat' dir='ltr'>Hin</span> <span class='ocrx_word' id='word_1_238' title='bbox 602 4557 657 4620; x_wconf 88' lang='lat' dir='ltr'>est</span> <span class='ocrx_word' id='word_1_239' title='bbox 680 4569 765 4620; x_wconf 88' lang='lat' dir='ltr'>vere</span> <span class='ocrx_word' id='word_1_240' title='bbox 792 4547 943 4620; x_wconf 88' lang='lat' dir='ltr'>salvator</span> <span class='ocrx_word' id='word_1_241' title='bbox 969 4543 1094 4620; x_wconf 92' lang='lat' dir='ltr'>mundi.</span> 
     </span>
    </p>

    <p class='ocr_par' dir='ltr' id='par_1_14' title="bbox 319 4664 1744 4989">
     <span class='ocr_line' id='line_1_29' title="bbox 319 4664 1743 4761; baseline -0.004 -19"><span class='ocrx_word' id='word_1_242' title='bbox 319 4669 408 4742; x_wconf 84' lang='lat' dir='ltr'>VIIII.</span> <span class='ocrx_word' id='word_1_243' title='bbox 435 4668 555 4761; x_wconf 83' lang='lat' dir='ltr'>Reguli</span> <span class='ocrx_word' id='word_1_244' title='bbox 579 4667 756 4740; x_wconf 87' lang='lat' dir='ltr'>cniusdam</span> <span class='ocrx_word' id='word_1_245' title='bbox 782 4667 868 4738; x_wconf 86' lang='lat' dir='ltr'>inus</span> <span class='ocrx_word' id='word_1_246' title='bbox 895 4675 1057 4760; x_wconf 79' lang='lat' dir='ltr'>egrotans</span> <span class='ocrx_word' id='word_1_247' title='bbox 1082 4666 1232 4742; x_wconf 86' lang='lat' dir='ltr'>absentis</span> <span class='ocrx_word' id='word_1_248' title='bbox 1259 4664 1387 4738; x_wconf 90' lang='lat' dir='ltr'>domini</span> <span class='ocrx_word' id='word_1_249' title='bbox 1411 4685 1500 4738; x_wconf 84' lang='lat' dir='ltr'>voce</span> <span class='ocrx_word' id='word_1_250' title='bbox 1526 4674 1663 4737; x_wconf 88' lang='lat' dir='ltr'>sanatur</span> <span class='ocrx_word' id='word_1_251' title='bbox 1688 4665 1743 4738; x_wconf 92' lang='lat' dir='ltr'>di-</span> 
     </span>
     <span class='ocr_line' id='line_1_30' title="bbox 437 4784 1744 4882; baseline -0.002 -22"><span class='ocrx_word' id='word_1_252' title='bbox 437 4789 543 4860; x_wconf 87' lang='lat' dir='ltr'>centis</span> <span class='ocrx_word' id='word_1_253' title='bbox 568 4788 657 4882; x_wconf 86' lang='lat' dir='ltr'>patri</span> <span class='ocrx_word' id='word_1_254' title='bbox 689 4789 762 4860; x_wconf 88' lang='lat' dir='ltr'>eius</span> <span class='ocrx_word' id='word_1_255' title='bbox 792 4786 906 4872; x_wconf 86' lang='lat' dir='ltr'>Vade,</span> <span class='ocrx_word' id='word_1_256' title='bbox 945 4785 1042 4860; x_wconf 83' lang='lat' dir='ltr'>fitius·</span> <span class='ocrx_word' id='word_1_257' title='bbox 1056 4797 1132 4860; x_wconf 82' lang='lat' dir='ltr'>mus</span> <span class='ocrx_word' id='word_1_258' title='bbox 1163 4785 1257 4858; x_wconf 88' lang='lat' dir='ltr'>vivit:</span> <span class='ocrx_word' id='word_1_259' title='bbox 1293 4785 1438 4858; x_wconf 85' lang='lat' dir='ltr'>credidit</span> <span class='ocrx_word' id='word_1_260' title='bbox 1462 4784 1537 4878; x_wconf 88' lang='lat' dir='ltr'>ipse</span> <span class='ocrx_word' id='word_1_261' title='bbox 1562 4795 1597 4856; x_wconf 86' lang='lat' dir='ltr'>et</span> <span class='ocrx_word' id='word_1_262' title='bbox 1621 4784 1744 4858; x_wconf 89' lang='lat' dir='ltr'>domus</span> 
     </span>
     <span class='ocr_line' id='line_1_31' title="bbox 436 4909 1513 4989; baseline 0.001 -9"><span class='ocrx_word' id='word_1_263' title='bbox 436 4909 510 4980; x_wconf 91' lang='lat' dir='ltr'>eius</span> <span class='ocrx_word' id='word_1_264' title='bbox 536 4917 616 4980; x_wconf 84' lang='lat' dir='ltr'>tota.</span> <span class='ocrx_word' id='word_1_265' title='bbox 945 4979 950 4989; x_wconf 83' lang='grc'>,</span> <span class='ocrx_word' id='word_1_266' title='bbox 1401 4923 1404 4930; x_wconf 89' lang='grc'><strong>’</strong></span> <span class='ocrx_word' id='word_1_267' title='bbox 1511 4926 1513 4934; x_wconf 86' lang='grc'><strong>’</strong></span> 
     </span>
    </p>

    <p class='ocr_par' dir='ltr' id='par_1_15' title="bbox 370 5023 1744 5120">
     <span class='ocr_line' id='line_1_32' title="bbox 370 5023 1744 5120; baseline -0.002 -19"><span class='ocrx_word' id='word_1_268' title='bbox 370 5029 409 5102; x_wconf 90' lang='lat' dir='ltr'>X.</span> <span class='ocrx_word' id='word_1_269' title='bbox 436 5029 615 5100; x_wconf 85' lang='lat' dir='ltr'>Hominem</span> <span class='ocrx_word' id='word_1_270' title='bbox 641 5027 800 5100; x_wconf 85' lang='lat' dir='ltr'>XXXVIII</span> <span class='ocrx_word' id='word_1_271' title='bbox 833 5046 941 5098; x_wconf 91' lang='lat' dir='ltr'>annos</span> <span class='ocrx_word' id='word_1_272' title='bbox 974 5027 1007 5098; x_wconf 94' lang='lat' dir='ltr'>in</span> <span class='ocrx_word' id='word_1_273' title='bbox 1040 5025 1230 5102; x_wconf 78' lang='lat' dir='ltr'>infirmitate</span> <span class='ocrx_word' id='word_1_274' title='bbox 1261 5044 1324 5094; x_wconf 89' lang='lat' dir='ltr'>sua</span> <span class='ocrx_word' id='word_1_275' title='bbox 1357 5023 1516 5098; x_wconf 80' lang='lat' dir='ltr'>dicendo</span> <span class='ocrx_word' id='word_1_276' title='bbox 1531 5027 1640 5120; x_wconf 82' lang='lat' dir='ltr'>Surge</span> <span class='ocrx_word' id='word_1_277' title='bbox 1665 5027 1744 5098; x_wconf 88' lang='lat' dir='ltr'>toIIe</span> 
     </span>
    </p>

    <p class='ocr_par' dir='ltr' id='par_1_16' title="bbox 356 5129 1841 5241">
     <span class='ocr_line' id='line_1_33' title="bbox 356 5129 1841 5241; baseline -0.003 -21"><span class='ocrx_word' id='word_1_278' title='bbox 356 5225 359 5232; x_wconf 66' lang='grc'><strong>,</strong></span> <span class='ocrx_word' id='word_1_279' title='bbox 436 5149 630 5241; x_wconf 78' lang='lat' dir='ltr'>grabattum</span> <span class='ocrx_word' id='word_1_280' title='bbox 657 5159 750 5227; x_wconf 76' lang='lat' dir='ltr'>amm</span> <span class='ocrx_word' id='word_1_281' title='bbox 776 5157 811 5220; x_wconf 91' lang='lat' dir='ltr'>et</span> <span class='ocrx_word' id='word_1_282' title='bbox 838 5147 983 5233; x_wconf 74' lang='lat' dir='ltr'>ambula</span> <span class='ocrx_word' id='word_1_283' title='bbox 1010 5147 1044 5218; x_wconf 92' lang='lat' dir='ltr'>in</span> <span class='ocrx_word' id='word_1_284' title='bbox 1069 5145 1215 5220; x_wconf 85' lang='lat' dir='ltr'>sabbato</span> <span class='ocrx_word' id='word_1_285' title='bbox 1242 5152 1353 5230; x_wconf 85' lang='lat' dir='ltr'>norat,</span> <span class='ocrx_word' id='word_1_286' title='bbox 1381 5129 1559 5238; x_wconf 71' lang='lat' dir='ltr'>aspasiam</span> <span class='ocrx_word' id='word_1_287' title='bbox 1586 5169 1625 5218; x_wconf 86' lang='lat' dir='ltr'>ss</span> <span class='ocrx_word' id='word_1_288' title='bbox 1651 5147 1743 5240; x_wconf 88' lang='lat' dir='ltr'>quod</span> <span class='ocrx_word' id='word_1_289' title='bbox 1837 5203 1841 5216; x_wconf 83' lang='lat'>‚</span> 
     </span>
    </p>
   </div>
   <div class='ocr_carea' id='block_1_5' title="bbox 438 5269 1572 5455">
    <p class='ocr_par' dir='ltr' id='par_1_17' title="bbox 438 5269 1572 5455">
     <span class='ocr_line' id='line_1_34' title="bbox 438 5269 1572 5358; baseline -0.012 -16"><span class='ocrx_word' id='word_1_290' title='bbox 438 5279 512 5342; x_wconf 85' lang='lat' dir='ltr'>erat</span> <span class='ocrx_word' id='word_1_291' title='bbox 538 5269 665 5342; x_wconf 82' lang='lat' dir='ltr'>taciens</span> <span class='ocrx_word' id='word_1_292' title='bbox 692 5269 769 5342; x_wconf 91' lang='lat' dir='ltr'>deo.</span> <span class='ocrx_word' id='word_1_293' title='bbox 1409 5318 1414 5327; x_wconf 79' lang='grc'>,</span> <span class='ocrx_word' id='word_1_294' title='bbox 1567 5343 1572 5358; x_wconf 46' lang='lat'>,</span> 
     </span>
     <span class='ocr_line' id='line_1_35' title="bbox 1399 5387 1444 5455; baseline -0.022 0"><span class='ocrx_word' id='word_1_295' title='bbox 1399 5387 1444 5455; x_wconf 81' lang='lat' dir='ltr'>ta</span> 
     </span>
    </p>
   </div>
   <div class='ocr_carea' id='block_1_6' title="bbox 0 0 2132 6130">
    <p class='ocr_par' dir='ltr' id='par_1_18' title="bbox 0 0 2132 6130">
     <span class='ocr_line' id='line_1_36' title="bbox 0 0 2132 6130; baseline 0 3"><span class='ocrx_word' id='word_1_296' title='bbox 0 0 2132 6130; x_wconf 95' lang='lat' dir='ltr'> </span> 
     </span>
    </p>
   </div>
  </div>
 </body>
</html>
