4146 6120
623 1431 770 1502 ttctrtr
797 1429 999 1501 EPISTULA
1027 1429 1086 1498 ΑΙ)
1113 1429 1538 1502 THESSALONICENSES
1562 1431 1597 1499 lh

466 1866 522 1920 '⁴¹'
537 1875 669 1980 Pauus
695 1921 730 1981 a
755 1911 912 1982 sumanus
943 1919 979 1980 a
1004 1909 1202 1980 Timotheus
1235 1911 1403 1982 menatae
1437 1909 1846 1982 rummonoennumn

382 2031 450 2104 deo
477 2041 575 2124 patro
600 2040 718 2102 nostro
745 2041 780 2102 et
805 2030 945 2102 domimo
977 2030 1055 2100 iesu
1080 2031 1223 2101 Christo.
1274 2024 1414 2102 'Gratia
1440 2031 1542 2104 vobis
1574 2041 1610 2101 et
1634 2052 1706 2124 pax
1731 2051 1752 2102 a
1777 2029 1846 2102 deo

381 2163 479 2245 patre
505 2161 623 2222 nostro
650 2163 685 2222 et
710 2151 850 2222 domino
876 2151 953 2224 lesu
979 2150 1120 2224 munao.
1163 2142 1323 2222 ³Gratias
1348 2174 1453 2244 agore
1471 2152 1641 2223 debemus
1667 2151 1736 2223 deo
1753 2171 1846 2220 scm-

382 2295 445 2366 per
471 2272 670 2366 pronubis,
698 2274 829 2356 fratres,
856 2272 901 2342 ita
927 2281 963 2341 ut
988 2271 1129 2363 dignum
1158 2281 1219 2354 est,
1247 2273 1407 2364 quoniam
1435 2271 1663 2366 supercrescit
1679 2270 1766 2342 fides
1782 2290 1847 2340 vc-

382 2403 452 2463 stra
479 2401 514 2462 et
539 2392 693 2464 abundat
718 2392 842 2464 caritas
869 2391 1129 2484 uniuscuiusque
1155 2399 1307 2462 vestrum
1341 2392 1375 2462 im
1406 2393 1569 2476 invicem,
1619 2382 1695 2462 ‘ita
1721 2399 1758 2461 ut
1781 2411 1848 2461 nos

270 2513 273 2518 '
382 2512 446 2604 ipsi
471 2512 505 2582 in
536 2513 638 2583 vohis
671 2511 857 2604 gloriemur
888 2511 920 2581 in
954 2511 1108 2582 ecclesiis
1139 2509 1195 2580 dei
1230 2531 1294 2604 pro
1328 2513 1488 2606 patientia
1518 2523 1635 2584 uestra
1660 2521 1695 2582 et
1719 2510 1787 2582 tide
1811 2510 1848 2579 in

383 2632 541 2702 omnibus
567 2631 862 2725 persecutionibus
887 2632 1011 2702 vestris
1037 2639 1072 2700 et
1088 2629 1357 2703 tribulationibus
1382 2653 1469 2726 quas
1486 2632 1656 2706 sustinetis
1696 2623 1756 2701 ⁸in
1780 2651 1847 2700 ex-

383 2752 533 2844 emplum
558 2751 635 2821 iusti
660 2750 774 2822 iudicii
800 2750 870 2834 dei,
898 2761 934 2822 ut
958 2750 1051 2843 digni
1077 2749 1270 2822 habeamini
1295 2771 1404 2845 regno
1431 2753 1501 2838 dei,
1536 2773 1601 2846 pro
1627 2774 1697 2844 quo
1723 2759 1757 2821 et
1781 2773 1848 2844 pa-

385 2871 504 2955 timini;
546 2863 607 2942 ⁶si
633 2882 747 2942 tamea
778 2872 903 2942 iustum
937 2881 991 2941 est
1028 2871 1120 2964 apud
1152 2871 1256 2942 deum
1289 2874 1480 2945 retribuere
1511 2873 1761 2944 tribulationem
1791 2869 1849 2942 his

383 2991 440 3083 qui
466 3013 531 3062 vos
556 2992 716 3063 tribulant
755 2983 821 3062 ⁷ot
845 2991 946 3060 vobis
972 2991 1030 3083 qui
1055 2991 1258 3062 tribulamini
1286 2995 1439 3086 requiem
1472 2992 1652 3064 nobiscmn
1684 2991 1719 3062 in
1744 3012 1848 3062 reve-

383 3227 494 3301 dantis
519 3231 703 3304 undictam
731 3233 782 3305 his
808 3233 865 3326 qui
892 3251 961 3302 nom
987 3243 1156 3303 noverant
1181 3233 1286 3304 deum
1313 3243 1348 3304 et
1364 3235 1422 3327 qui
1438 3255 1508 3304 non
1526 3232 1714 3304 oboediunt
1738 3253 1848 3304 evan-

382 3353 472 3444 gelio
499 3351 628 3423 domini
661 3355 767 3424 nostri
798 3353 875 3424 lesu
906 3353 1044 3438 Christi3
1087 3345 1173 3446 'qui
1204 3375 1337 3448 poenas
1371 3354 1500 3427 dabunt
1531 3353 1565 3422 in
1590 3353 1758 3424 interitum
1785 3375 1847 3423 ae-

383 3483 497 3544 ternas
523 3495 544 3543 a
569 3474 656 3544 facie
682 3473 810 3546 domini
837 3483 872 3545 et
897 3495 917 3544 a
943 3473 1052 3566 gioria
1077 3473 1209 3544 virtutis
1235 3475 1325 3558 eius,
1369 3467 1397 3512 ¹⁰
1413 3495 1490 3546 oum
1512 3474 1645 3544 venerit
1665 3469 1847 3565 glorificari

383 3592 416 3662 in
441 3594 567 3664 sancus
593 3594 663 3664 suis
689 3603 725 3664 et
750 3593 959 3666 admirabilis
985 3593 1057 3664 heri
1083 3593 1116 3664 in
1142 3593 1301 3666 omnbus
1326 3595 1384 3687 qui
1410 3593 1637 3678 crediderumt
1664 3593 1742 3686 quia
1767 3613 1847 3662 cro-

383 3710 490 3783 ditum
516 3722 569 3782 est
594 3714 823 3786 testimonium
855 3723 1010 3786 nostrum
1041 3734 1148 3806 super
1178 3735 1244 3786 vos
1276 3715 1310 3785 ia
1336 3715 1393 3786 die
1427 3715 1492 3786 illo.
1543 3705 1565 3748 ⁴⁴
1585 3715 1621 3783 ln
1647 3735 1716 3805 quo
1742 3713 1847 3783 etiam

384 3853 524 3904 oramus
558 3855 696 3928 semper
730 3857 794 3928 pro
827 3834 944 3918 vobis,
978 3843 1015 3903 ut
1040 3831 1199 3926 dignetur
1223 3855 1289 3904 vos
1314 3835 1495 3906 vocatione
1522 3855 1584 3904 sua
1610 3833 1696 3905 deus
1722 3843 1756 3904 et
1781 3833 1846 3902 im-

382 3955 475 4045 pleat
501 3975 640 4024 omnem
666 3955 876 4026 voluntatem
901 3953 1061 4024 bonitatis
1087 3965 1122 4024 ot
1149 3975 1238 4047 opus
1263 3953 1344 4024 fidei
1371 3957 1404 4024 ia
1429 3955 1569 4038 virtute,
1619 3945 1694 4024 ⁴²ut
1723 3951 1848 4024 clarih-

383 4084 479 4144 cetur
502 4095 629 4145 nomen
654 4075 783 4146 domini
810 4069 904 4144 'lesu
930 4073 1050 4144 Christi
1075 4073 1109 4142 in
1133 4073 1234 4145 vobis
1260 4085 1295 4144 et
1320 4096 1384 4146 vos
1409 4076 1443 4145 in
1468 4074 1525 4145 itto
1551 4072 1739 4144 secundum
1765 4095 1849 4165 gra-

383 4195 463 4266 tiam
491 4193 548 4266 dei
573 4196 677 4266 nostri
705 4205 740 4266 et
766 4192 892 4266 domini
918 4193 994 4264 lesu
1021 4191 1148 4262 Christi.

1101 4468 1135 4537 ll.

463 4667 522 4724 ω)
536 4675 710 4770 Rogamus
736 4687 850 4748 antem
885 4696 963 4758 vos,
996 4674 1132 4758 fratres,
1165 4695 1229 4768 per
1261 4671 1444 4746 adventum
1477 4673 1606 4746 domini
1639 4673 1748 4742 nostri
1772 4672 1851 4744 lesu

385 4798 505 4869 Christi
541 4807 576 4868 et
606 4807 744 4870 nostrae
770 4793 1047 4888 congregationis
1078 4793 1113 4864 iu
1145 4793 1272 4888 ipsum,
1315 4787 1382 4865 'ut
1406 4814 1476 4864 aon
1502 4794 1569 4864 cito
1595 4793 1801 4866 moveamini
1829 4817 1852 4864 a

385 4929 500 4992 vostro
525 4939 628 4990 sensu
655 4939 767 5011 nequo
793 4916 995 4999 terreamini,
1021 4935 1133 5008 noque
1158 4914 1401 5010 perspiritum
1426 4935 1539 5008 neque
1565 4935 1629 5008 per
1654 4935 1852 4986 sermonem

384 5061 495 5132 neque
521 5061 585 5132 per
610 5039 790 5132 epistulam
817 5047 991 5130 tamqrram
1016 5056 1080 5130 per
1104 5057 1187 5118 nos,
1220 5034 1318 5128 quasi
1350 5036 1451 5108 instet
1476 5035 1552 5106 dies
1577 5033 1715 5106 domimi.
1766 5025 1851 5106 ³Ne

384 5159 460 5252 qens
486 5181 549 5230 vos
583 5159 726 5232 sodutm
757 5159 825 5230 utto
859 5155 981 5240 modo,
1009 5157 1170 5247 quoniam
1202 5157 1265 5228 nisi
1290 5157 1421 5229 venerit
1447 5156 1615 5228 discessio
1641 5155 1787 5248 primum
1814 5165 1853 5226 et

988 5275 1009 5356 l,
1041 5278 1053 5343 t
1086 5275 1197 5358 -ΙΙ,
1225 5279 1257 5344 3.
