4254 6130
367 391 462 480 ,tts
693 365 874 461 emirum
900 349 1111 460 unomouuu
1138 397 1336 460 snoouuuu
1363 393 1555 460 romuuuu

420 605 560 678 XXXVI.
587 605 810 699 Diligentibus
843 627 882 677 se
914 605 1087 699 discipulis
1123 604 1353 698 mandataque
1387 604 1601 676 servantibus
1641 605 1852 698 paracletum

505 761 508 768 ·
590 725 751 819 promittit
777 747 798 796 a
824 736 922 819 patre
947 726 1146 799 mittendum
1179 744 1444 818 mansurumque
1479 745 1556 795 cum
1591 723 1641 795 eis
1671 723 1704 794 iu
1737 733 1853 795 aeter-

591 867 680 931 num,
708 865 817 937 seque
844 867 966 939 pacem
994 845 1078 919 dare
1105 847 1155 918 eis
1180 865 1372 940 pacemque
1398 843 1589 937 relinquere
1614 843 1800 937 pollicetur.

407 967 560 1038 XXXVll.
588 965 633 1036 Se
658 967 769 1060 ipsum
796 965 899 1038 vitem
926 976 961 1037 et
985 975 1120 1062 patrem
1147 965 1331 1058 agricolam
1356 964 1474 1036 dicens
1496 963 1751 1058 discipulosque
1776 965 1852 1058 pal-

589 1086 696 1172 mites,
723 1085 796 1158 sine
822 1106 861 1156 se
886 1086 966 1158 nibil
992 1107 1054 1158 eos
1079 1089 1196 1159 lacere
1221 1105 1327 1180 posse
1353 1093 1508 1156 testatur:
1542 1093 1578 1156 et
1610 1085 1723 1156 mrdtis
1754 1085 1850 1156 locu-

589 1205 716 1277 tionum
749 1205 862 1277 modis
894 1207 1057 1278 alternam
1090 1205 1141 1279 eis
1173 1205 1388 1278 dilectionem
1423 1205 1581 1288 inculcat,
1609 1204 1703 1276 cuius
1729 1204 1850 1276 merito
1976 1215 1983 1230 ·

589 1333 733 1418 possent
758 1325 1001 1420 quodcumque
1026 1327 1183 1421 petierint
1207 1327 1387 1418 inpetrare.

395 1443 562 1517 XXXVlll.
588 1444 742 1516 Eandem
768 1445 984 1518 dilectionem
1003 1447 1177 1519 instantius
1199 1443 1453 1524 commendans,
1481 1445 1767 1556 contemnendum
1785 1445 1850 1517 do-

593 1573 648 1636 cet
673 1564 790 1637 odium
816 1566 942 1651 mundi,
969 1566 1173 1662 praedicens
1198 1565 1310 1660 qualia
1334 1587 1399 1660 pro
1426 1565 1498 1636 eius
1523 1565 1660 1637 nomine
1678 1569 1743 1637 sint
1768 1587 1850 1660 pas-

591 1684 668 1769 suri,
696 1694 731 1756 et
756 1686 969 1780 arguendum
995 1687 1159 1760 mundum
1185 1709 1206 1758 a
1230 1686 1405 1780 paracleto
1432 1683 1478 1756 dc
1503 1693 1647 1779 peccato
1665 1684 1711 1757 de
1729 1685 1850 1758 iustitia

454 1845 459 1854 ·
558 1814 626 1894 ,et
651 1803 697 1876 de
722 1805 848 1878 iudicio
873 1805 1075 1878 manifestat.

424 1926 565 1997 XXXlX.
592 1925 762 1997 Modicum
789 1937 824 1997 et
848 1925 1035 2001 videndum
1061 1947 1100 1997 se
1126 1925 1207 1997 dicit
1232 1925 1276 1996 ab
1303 1927 1368 2010 eis,
1403 1935 1438 1996 et
1471 1925 1592 1996 iterum
1618 1925 1791 2010 modicum
1818 1935 1853 1996 at

592 2066 660 2117 uon
676 2043 880 2118 videndum:
908 2045 953 2117 de
971 2067 1040 2140 quo
1058 2046 1301 2140 quaerentibus
1319 2045 1490 2141 discipulis
1509 2045 1758 2117 similitudinem
1776 2067 1851 2117 mu-

591 2165 682 2236 lieris
707 2175 787 2259 post
811 2175 947 2259 partum
973 2166 1125 2239 tristitiae
1150 2185 1236 2259 prae
1254 2165 1382 2258 gaudio
1406 2187 1475 2238 nou
1492 2165 1737 2238 reminiscentis
1753 2165 1852 2238 indu-

593 2285 651 2356 cit:
678 2305 767 2378 quos
792 2295 827 2357 et
852 2307 874 2357 a
899 2295 997 2380 patre
1024 2286 1132 2358 amari
1158 2285 1352 2378 significans
1377 2285 1579 2358 corroborat
1604 2307 1644 2358 se
1666 2287 1851 2372 relicturos,

593 2405 710 2476 dicens
735 2406 772 2476 ln
797 2406 926 2478 mundo
958 2427 1155 2500 pressuram
1181 2405 1369 2492 habebitis,
1402 2406 1466 2479 sed
1493 2405 1667 2491 confidite,
1695 2429 1762 2500 ego
1787 2407 1853 2479 vici

593 2525 765 2598 mundum.

502 2647 567 2716 XL.
593 2643 648 2717 Ad
673 2654 805 2740 patrem
832 2646 878 2718 de
914 2645 1153 2718 clarificatione
1180 2665 1242 2717 sua
1274 2645 1419 2739 loquens
1451 2645 1635 2740 discipulos
1660 2647 1794 2741 prolixa
1819 2657 1853 2718 et

593 2765 790 2838 multimoda
807 2768 1047 2860 prosecutione
1066 2765 1292 2851 commendat,
1309 2767 1471 2860 passione
1487 2766 1640 2860 protinus
1662 2765 1852 2838 inminente.

490 2887 568 2956 XLl.
596 2882 797 2957 Traditionis
821 2909 862 2960 ac
886 2888 1056 2984 passionis
1082 2887 1155 2959 eius
1180 2885 1422 2980 perordinem
1451 2895 1550 2980 gesta
1574 2895 1762 2959 narrantur.

471 3005 564 3076 del.
590 3005 859 3080 Resurrectionis
877 3011 1027 3082 similiter
1043 3005 1268 3079 manifestatio
1286 3005 1486 3094 declaratur,
1506 3029 1573 3101 qua
1589 3005 1694 3080 Maria
1710 3006 1853 3100 Magda-

596 3126 673 3196 lerte
699 3124 801 3200 Petro
828 3138 864 3200 et
889 3129 1028 3203 lobanni
1053 3127 1182 3200 nuntiat
1207 3125 1376 3196 sublatum
1403 3148 1529 3221 corpus
1555 3125 1601 3199 de
1617 3137 1852 3212 monumento;

595 3245 718 3338 quibus
744 3250 999 3321 occurentibus
1026 3269 1068 3322 ac
1093 3243 1241 3319 reversis
1266 3245 1340 3339 ipsa
1366 3257 1446 3340 post
1471 3247 1658 3340 angelicam
1689 3246 1853 3319 visionem

593 3365 702 3437 visum
729 3389 749 3439 a
775 3389 815 3440 se
841 3369 1014 3441 dominum
1041 3367 1224 3441 aestimans
1250 3363 1479 3452 hortulanum,
1512 3387 1581 3460 quo
1607 3389 1692 3438 mox
1718 3366 1853 3460 cognito

593 3485 727 3558 iubetur
752 3487 925 3583 discipulis
950 3489 1114 3561 nuntiare.

460 3607 564 3676 XLlll.
594 3605 676 3676 Cum
701 3607 793 3680 iores
820 3619 936 3680 essent
961 3609 1115 3694 clausae,
1148 3605 1289 3677 veniens
1323 3604 1369 3676 ad
1399 3606 1584 3703 discipulos
1609 3626 1732 3702 pacem
1757 3605 1855 3677 infert

593 3725 749 3799 manibus
773 3727 949 3822 lateraque
974 3737 1172 3812 monstrato,
1200 3725 1322 3818 quibus
1347 3723 1560 3798 mandatione
1593 3725 1757 3820 significat
1781 3725 1852 3820 spi-

591 3844 688 3916 ritum
721 3857 892 3920 sanctum:
926 3849 1006 3920 item
1039 3858 1119 3944 post
1151 3845 1226 3918 dies
1258 3855 1337 3918 octo
1371 3843 1523 3916 Thomas
1554 3847 1764 3941 inspectione
1797 3847 1853 3919 vel

593 3975 685 4038 tactu
716 3967 829 4039 lateris
861 3991 903 4040 ac
934 3945 1094 4042 manuum
1128 3965 1361 4050 confirmatur,
1395 3964 1538 4038 audiens
1568 3967 1663 4038 Beati
1694 3967 1750 4060 qui
1784 3987 1853 4038 non

592 4085 748 4158 viderunt
774 4097 808 4159 et
833 4087 1059 4162 credidemnt.

432 4200 568 4274 XLllll.
595 4207 785 4279 Manifestat
810 4227 850 4278 se
875 4209 996 4280 iterum
1030 4207 1076 4281 ad
1108 4225 1203 4276 mare
1236 4205 1424 4277 Tiberiadis
1456 4214 1588 4299 septem
1622 4206 1794 4300 discipulis
1820 4208 1853 4278 in

593 4336 733 4420 captura
758 4326 899 4421 piscium
926 4339 1059 4402 ceumm
1086 4327 1326 4420 quinquaginta
1358 4325 1473 4410 trium,
1506 4347 1582 4398 cum
1609 4328 1853 4400 resurrexisset

480 4483 486 4492 ·
593 4448 790 4520 amoduis.

473 4563 566 4634 XLV.
594 4565 707 4660 Usque
733 4567 832 4639 tertio
860 4566 939 4639 dicit
956 4569 1057 4640 Petro
1075 4565 1181 4640 Amas
1207 4568 1289 4639 mel
1315 4567 1395 4659 quia
1420 4575 1472 4636 ter
1489 4585 1567 4638 eum
1594 4575 1791 4659 negaverat,
1819 4575 1853 4637 et

594 4687 785 4778 pascendas
812 4707 896 4758 oves
922 4709 1033 4782 acque
1059 4687 1157 4760 tertio
1184 4685 1438 4770 commendans,
1466 4687 1666 4759 extensione
1692 4705 1853 4756 manuum

594 4806 759 4900 significat
784 4807 814 4878 ei
842 4808 936 4900 quod
962 4809 1072 4881 crucis
1099 4817 1209 4879 morte
1235 4809 1323 4878 loret
1348 4805 1509 4899 martyrio
1537 4803 1763 4878 coronandus.

773 4924 996 4988 EXPLlClUNT
1030 4921 1213 4990 obstruuut
1245 4923 1466 4990 LEG'l’lONllld.

973 5191 1273 5202 -u——n--n—-n—-u—
