4220 6124
871 379 1051 446 ornanum
1076 379 1336 466 unnrnnsms

1082 620 1132 692 ΠΙ.

447 814 624 896 *llllluius
650 824 700 894 rei
726 825 836 917 gratia
863 845 930 918 ego
957 823 1081 897 Paulus
1107 823 1239 898 ‘vinctus
1265 826 1386 900 Christi
1411 828 1488 899 lesu
1511 833 1578 920 pro
1603 825 1704 897 vohis
1730 826 1841 919 genti-

372 945 454 1030 hus,
497 940 557 1017 ’si
582 953 698 1016 mmen
724 925 865 1016 audistis
892 945 1185 1040 dispensationem
1211 948 1351 1040 gratiae
1368 947 1426 1020 dei
1451 941 1557 1040 quae'
1574 945 1655 1017 data
1680 956 1735 1018 est
1760 947 1842 1018 mihi

371 1066 406 1136 in
429 1064 546 1150 vobis,
589 1056 781 1158 ³quoniam
808 1064 998 1137 secundum
1024 1067 1269 1139 revelationem
1294 1076 1413 1138 notum
1439 1066 1521 1138 mihi
1553 1067 1678 1138 lactum
1705 1075 1759 1137 est
1784 1087 1842 1138 sa-

372 1193 592 1270 cramentum,
620 1185 707 1257 sicut
732 1207 836 1279 supra
862 1186 983 1280 scripsi
1008 1187 1042 1256 in
1068 1187 1182 1272 brevi,
1226 1175 1355 1280 ‘prout
1379 1187 1524 1280 potestis
1553 1188 1708 1280 legentes
1743 1186 1843 1257 intel-

371 1304 489 1396 legere
514 1305 732 1399 prudentiam
758 1327 873 1377 meam
898 1307 934 1376 in
958 1307 1124 1400 mysterio
1151 1305 1288 1392 Christi,
1331 1297 1457 1400 ⁵quod
1474 1307 1547 1380 aliis
1565 1307 1843 1400 generationibus

372 1445 441 1496 non
467 1435 522 1497 est
547 1426 697 1519 agnitum
723 1425 798 1498 filiis
822 1425 1009 1512 hominum,
1037 1427 1135 1498 sicuti
1160 1447 1249 1498 nunc
1274 1427 1462 1510 revelatum
1489 1436 1543 1498 est
1559 1428 1685 1500 sanctis
1702 1436 1842 1520 aposto-

371 1545 413 1616 lis
440 1543 513 1616 eius
540 1555 575 1616 et
599 1547 777 1641 prophetis
803 1546 838 1616 in
863 1547 997 1641 spiritu,
1041 1539 1152 1618 ⁶esse
1178 1556 1301 1640 gentes
1327 1547 1521 1620 coheredes
1548 1557 1583 1619 et
1609 1567 1844 1640 concorpora-

372 1665 423 1736 les
450 1675 486 1736 et
511 1667 761 1761 conparticipes
786 1666 1023 1760 promissionis
1048 1667 1083 1737 in
1109 1667 1242 1739 Christo
1269 1667 1346 1740 lesu
1372 1689 1436 1761 per
1461 1668 1686 1761 evangehum,
1722 1657 1845 1738 7cuius

372 1786 481 1857 lactus
513 1809 588 1858 sum
622 1785 774 1858 minister
807 1787 995 1860 secundum
1028 1786 1157 1859 donum
1190 1787 1321 1880 gratim
1353 1787 1426 1874 dei,
1460 1809 1552 1882 qnae
1578 1787 1660 1860 data
1686 1796 1739 1858 est
1764 1786 1846 1858 mihi

374 1905 565 1978 secundum
592 1907 829 2000 operationem
860 1907 993 1980 virtutis
1024 1906 1107 1979 eius.
1158 1899 1268 1980 8hlihi
1300 1908 1452 1980 omnium
1484 1917 1679 1980 sanctorum
1706 1907 1844 2004 minimo

375 2026 469 2098 data.
494 2039 548 2098 est
588 2027 697 2119 gratia
734 2027 840 2114 haec,
880 2029 915 2100 in
953 2027 1113 2120 gentihus
1155 2027 1392 2120 evangehzare
1424 2027 1679 2122 investigabiles
1713 2027 1846 2100 divitias

375 2146 510 2232 Christi,
553 2138 615 2218 let
648 2147 848 2222 inluminare
880 2169 1002 2220 omnes
1037 2169 1126 2242 quae
1159 2149 1201 2220 sit
1227 2147 1437 2242 dispensatio
1464 2149 1669 2220 sacramenti
1695 2149 1845 2220 abscon-

375 2267 435 2340 diti
462 2289 483 2338 a
509 2267 655 2338 saeculis
680 2267 715 2338 in
741 2267 810 2340 deo
837 2269 895 2362 qui
921 2267 1036 2340 omnia
1061 2269 1207 2355 creavit3
1251 2260 1277 2304 ⁴⁰
1293 2279 1331 2340 ut
1355 2269 1546 2340 innotescat
1576 2268 1786 2362 principibus
1812 2277 1848 2338 et

374 2387 602 2482 potestatibus
627 2388 662 2457 in
687 2387 893 2460 caelestibus
918 2410 982 2482 per
1009 2387 1188 2460 ecclesiam
1215 2387 1427 2461 multiformis
1453 2387 1621 2483 sapientia
1647 2387 1714 2474 dei,
1748 2380 1770 2424 ¹⁴
1791 2409 1846 2460 se-

376 2507 526 2580 cundum
559 2507 832 2602 praefinitionem
866 2510 1082 2580 saeculorum
1115 2515 1219 2601 quam
1251 2508 1331 2580 lecit
1361 2508 1396 2580 in
1430 2508 1564 2580 Christo
1597 2507 1674 2580 lesu
1706 2507 1846 2580 domino

375 2637 510 2713 nostro;
555 2620 580 2664 ⁴²
596 2627 630 2698 in
657 2647 726 2722 quo
752 2626 920 2700 hahemus
946 2628 1106 2701 fiduciam
1124 2636 1159 2700 et
1176 2649 1355 2700 accessum
1380 2628 1415 2699 in
1440 2627 1646 2700 confidentia
1662 2649 1727 2723 per
1743 2627 1847 2701 fidem

377 2749 460 2819 eius.
510 2739 537 2784 ⁴³
554 2736 604 2796 (¹⁰³
616 2747 762 2842 Propter
793 2747 888 2840 quod
921 2755 1004 2842 peto
1039 2770 1084 2820 ne
1117 2747 1283 2820 deficiatis
1315 2749 1350 2820 in
1375 2748 1646 2820 tribulationibus
1671 2749 1759 2822 meis
1783 2769 1847 2843 pro

376 2867 493 2954 vobis,
529 2889 618 2960 quae
653 2877 708 2940 est
739 2867 849 2960 gloria
877 2876 1003 2938 vestra.
1054 2859 1080 2904 ⁴⁴
1093 2857 1137 2916 (¹¹)
1155 2869 1261 2941 Huius
1293 2869 1344 2940 rei
1370 2870 1478 2962 gratia
1502 2867 1605 2940 fiecto
1632 2891 1745 2961 genua
1770 2891 1848 2942 mea

379 2988 425 3062 ad
451 2997 584 3082 patrem
611 2987 737 3061 domini
764 2987 872 3058 nostri
896 2969 974 3059 lesu
1000 2987 1136 3074 Christi,
1179 2979 1206 3025 ⁴⁵
1218 3009 1265 3060 ex
1290 3010 1360 3082 quo
1379 2989 1489 3060 omnis
1511 2989 1698 3082 paternitas
1715 2991 1750 3060 in
1766 3011 1848 3060 cao-

376 3109 417 3180 lis
443 3108 537 3180 etin
563 3116 654 3180 terra
679 3107 886 3192 nominatur,
932 3098 959 3143 ¹⁶
975 3117 1012 3178 ut
1037 3108 1098 3180 det
1121 3107 1223 3180 vohis
1249 3109 1439 3182 secundum
1465 3109 1601 3182 divitias
1617 3110 1749 3202 gloriae
1766 3131 1850 3180 suae

376 3229 501 3301 virtrne
533 3227 758 3301 conroborari
795 3221 858 3322 per
895 3228 1048 3321 spiritum
1082 3229 1155 3300 eius
1187 3229 1222 3298 in
1254 3230 1414 3302 interiore
1446 3229 1600 3314 homine,
1655 3223 1681 3266 ⁴⁷
1696 3229 1850 3300 hahitare

380 3351 549 3422 Christum
574 3369 638 3442 per
663 3347 769 3420 fidem
795 3347 830 3418 in
856 3347 1020 3420 cordibus
1045 3349 1188 3434 vestris,
1226 3340 1258 3446 ,¹⁸
1273 3349 1309 3422 in
1335 3351 1477 3422 cnrimte
1502 3349 1644 3422 radicati
1662 3348 1849 3432 attondeo,

379 3481 416 3542 ut
439 3469 581 3567 possitis
607 3468 913 3563 conpraehendere
939 3491 1017 3540 cum
1044 3469 1204 3542 omnihus
1229 3471 1356 3542 sanctis
1382 3489 1474 3563 quae
1492 3469 1534 3540 sit
1554 3469 1696 3542 latitudo
1723 3479 1758 3540 et
1774 3469 1850 3540 lon-

379 3588 499 3684 gitudo
526 3598 562 3660 et
587 3589 774 3662 sublimitas
800 3599 836 3662 et
860 3589 1084 3684 profundum,
1127 3582 1154 3628 ⁴⁹
1170 3589 1259 3661 edre
1285 3591 1389 3663 etiam
1407 3590 1720 3684 supereminentem
1738 3591 1851 3662 scien-

379 3711 448 3782 tiae
475 3709 662 3804 caritatem,
677 3709 806 3796 Christi,
833 3718 871 3782 ut
894 3709 1103 3804 impleamini
1128 3710 1162 3780 in
1189 3730 1328 3782 omnem
1353 3710 1597 3804 plenitudinem
1616 3710 1682 3782 dei.
1707 3702 1734 3748 ²⁰
1751 3699 1799 3757 (ι’)
1811 3711 1853 3782 Εἰ

335 3858 340 3870 *
381 3839 496 3902 autem
522 3830 580 3923 qui
606 3839 730 3926 potens
764 3839 818 3902 est
848 3829 963 3916 omnia
993 3831 1110 3902 lacere
1141 3828 1461 3924 superabundanter
1493 3813 1597 3924 quam
1622 3830 1770 3924 petimus
1795 3840 1853 3902 aut

382 3943 625 4044 'intellegimus
651 3949 841 4024 secundum
858 3950 1017 4024 virtutem
1044 3945 1153 4044 'quae
1170 3961 1333 4045 operatur
1356 3951 1390 4022 in
1407 3950 1524 4037 nobis,
1574 3943 1597 3988 ²⁴
1612 3951 1677 4045 ipsi
1694 3951 1802 4044 gloria
1818 3951 1853 4022 in

382 4071 528 4144 ecclesia
546 4080 580 4142 et
595 4069 630 4142 in
648 4070 780 4143 Christo
796 4072 873 4144 lesu
890 4072 925 4144 in
942 4091 1064 4144 omnes
1081 4071 1321 4164 generationes
1338 4071 1486 4144 saecrdis
1503 4071 1727 4158 saeoulomm,
1742 4093 1852 4146 amen.
1903 4107 1907 4116 ·

1091 4345 1141 4418 lv.

458 4543 532 4600 “¹⁸³
547 4554 704 4626 Obsecro
738 4555 854 4648 itaque
880 4576 946 4626 vos
977 4576 1045 4648 ego
1077 4553 1210 4627 vinctus
1244 4551 1444 4625 indomino
1476 4562 1514 4625 ut
1545 4553 1650 4647 digne
1676 4553 1855 4626 ambuletis

381 4675 563 4776 vocatione
590 4697 658 4768 qna
683 4676 797 4748 vocati
823 4676 922 4760 estis,
965 4667 1074 4747 ’curn
1101 4674 1193 4746 omni
1218 4661 1404 4746 humilitate
1430 4681 1465 4743 et
1481 4673 1751 4758 mansuetudine,
1778 4695 1855 4744 cum

381 4795 576 4889 patientia,¹
596 4797 838 4889 subportantes
873 4795 1017 4867 invicem
1050 4795 1085 4866 in
1117 4794 1273 4880 caritate,
1323 4787 1486 4866 ³solliciti
1518 4815 1662 4868 servare
1694 4792 1856 4864 unitatem

383 4917 519 5010 spiritus
553 4917 588 4987 in
618 4916 752 4988 vinculo
785 4916 890 5010 pacis.
943 4904 1082 4988 ‘Unum
1114 4937 1241 5009 corpus
1273 4924 1308 4986 et
1339 4935 1427 4986 unus
1452 4913 1605 5007 spiritus,
1633 4915 1718 4986 sicut
1743 4914 1858 4986 vocati
1900 4929 1907 4938 ·

383 5037 466 5108 estis
491 5036 526 5106 in
551 5059 619 5110 una
646 5057 710 5132 spe
736 5035 925 5108 vocationis
941 5046 1109 5128 vestrae·
1149 5024 1224 5081 ⁵⁰⁴)
1239 5034 1331 5106 Unus
1349 5034 1517 5120 domiuus,
1544 5057 1611 5108 una
1628 5035 1726 5120 fides,
1752 5055 1857 5106 unum

382 5157 568 5250 baptisma,
612 5147 729 5231 “unus
756 5156 843 5228 deus
871 5165 906 5227 et
931 5165 1030 5250 pater
1057 5157 1217 5240 omnium,
1245 5155 1303 5248 qui
1330 5177 1434 5252 super
1460 5177 1581 5230 omnes
1609 5165 1644 5229 et
1660 5178 1724 5254 per
1741 5155 1856 5227 omnia

961 5277 1009 5354 lll.
1041 5279 1053 5346 l
1091 5318 1135 5330 -
1164 5278 1213 5360 lv,
1243 5277 1275 5346 6.
