4146 6120
539 1637 810 1762 ⁴Apocalypsis
835 1665 913 1738 lesu
940 1665 1070 1751 Christi,
1098 1687 1204 1758 quam
1222 1664 1319 1738 dedit
1344 1659 1406 1738 'illi
1429 1667 1527 1750 deus,
1554 1667 1668 1758 palam
1695 1669 1811 1739 lacere
1829 1688 1897 1738 scr-

313 1776 316 1788 ’
420 1791 471 1860 vis
497 1789 569 1862 suis
596 1807 687 1879 quue
714 1795 854 1878 oportet
879 1784 954 1858 fieri
980 1785 1058 1868 cito,
1087 1795 1122 1856 ct
1147 1783 1353 1877 significavit
1378 1785 1516 1856 mittens
1542 1805 1607 1878 per
1623 1789 1785 1878 angelum
1807 1808 1897 1858 suum

419 1929 523 1980 servo
551 1927 615 1978 suo
641 1905 796 1990 Iohanni,
840 1895 929 1994 'qui
955 1903 1188 1978 testimonium
1213 1903 1387 1998 perhibuit
1413 1904 1523 1978 verbo
1542 1904 1602 1976 dei
1619 1915 1655 1976 et
1672 1887 1899 1978 testimonium

419 2029 498 2100 lesu
524 2026 655 2110 Christi,
683 2044 926 2118 quaecumque
952 2023 1046 2098 vidit.
1101 2016 1259 2096 ³Beatus
1285 2023 1343 2115 qui
1369 2023 1453 2115 legit
1479 2025 1598 2117 etqui
1630 2025 1773 2096 audiunt
1799 2025 1899 2096 verba

418 2144 622 2240 prophetiae
653 2145 754 2220 huius
787 2153 822 2216 et
858 2151 998 2216 servant
1032 2163 1075 2214 ca
1108 2161 1199 2234 quae
1232 2142 1349 2214 inille
1375 2143 1503 2237 scripta
1528 2153 1622 2214 sunt:
1650 2153 1790 2237 tempus
1816 2143 1899 2214 enim

343 2255 349 2268 ’
418 2285 530 2357 prope
558 2274 620 2338 est.
672 2257 863 2338 ‘lobannis
889 2270 1025 2354 septem
1052 2261 1209 2333 ecclesiis
1235 2283 1327 2354 qnae
1354 2263 1493 2334 suntin
1523 2261 1616 2335 Asia.
1662 2263 1780 2336 Gratia
1807 2261 1900 2334 vobis

418 2394 454 2458 el
481 2404 552 2476 pax
579 2382 623 2456 ab
651 2405 696 2454 en
724 2383 782 2478 qui
809 2389 863 2454 est
888 2389 923 2450 et
948 2380 1007 2472 qui
1033 2389 1110 2453 erat
1135 2390 1170 2452 ct
1196 2381 1254 2472 qui
1279 2391 1444 2454 venturus
1471 2391 1534 2467 est,
1562 2389 1598 2452 et
1623 2405 1646 2454 a
1671 2391 1810 2477 septem
1835 2381 1900 2476 spi-

418 2502 539 2574 ritibus
563 2501 622 2594 qui
653 2501 687 2576 iu
714 2508 904 2592 conspectu
929 2499 1042 2571 throni
1075 2499 1150 2572 eius
1177 2509 1271 2584 sunt,
1322 2493 1390 2572 iet
1416 2503 1461 2576 ab
1487 2503 1565 2573 lesu
1591 2502 1741 2588 Christo,
1769 2501 1831 2594 qui
1854 2509 1902 2571 est

420 2621 517 2694 tastis
549 2619 677 2704 fidelis,
714 2617 964 2710 primogenitus
999 2627 1215 2690 mortuorum
1250 2629 1285 2690 ct
1320 2621 1483 2714 princeps
1514 2642 1637 2715 regum
1664 2633 1790 2693 terrae.
1843 2618 1901 2703 Qui

419 2738 542 2812 dilexit
566 2759 631 2812 nos
658 2747 694 2810 et
725 2737 809 2810 lavit
840 2759 907 2810 nos
941 2759 963 2810 a
996 2737 1148 2830 peccatis
1180 2739 1310 2810 nostris
1343 2740 1378 2810 in
1410 2741 1577 2832 sangnine
1611 2761 1694 2825 suo,
1737 2733 1807 2811 “et
1831 2738 1903 2810 lccit

418 2868 576 2934 nostrum
595 2877 768 2950 reguum,
800 2856 1006 2930 sacerdotes
1043 2857 1113 2930 deo
1148 2865 1183 2926 et
1215 2859 1304 2950 patri
1330 2881 1411 2945 suo,
1437 2861 1504 2954 ipsi
1530 2859 1641 2952 gloria
1666 2869 1702 2930 et
1725 2859 1902 2952 imperium

419 2979 453 3053 in
478 2977 618 3052 saecula
645 2976 882 3060 sacculorum,
911 2997 1023 3050 umen.
1076 2967 1198 3048 7Ecce
1223 2977 1318 3048 venit
1343 2999 1422 3050 cum
1439 2979 1598 3062 nubibus,
1627 2988 1662 3049 et
1678 2977 1814 3052 videbit
1830 2999 1901 3048 cum

420 3096 533 3172 omnis
559 3097 680 3172 oculus
706 3095 825 3186 etqui
850 3115 931 3168 eum
958 3091 1202 3190 'pupucerunt
1230 3089 1285 3166 'et
1309 3097 1474 3192 plangent
1499 3119 1538 3170 se
1564 3119 1770 3192 supereum
1789 3117 1904 3170 omnes

420 3217 529 3292 tribus
562 3226 685 3291 terrae.
736 3214 865 3299 Etiam,
900 3235 1011 3289 amen.
1064 3209 1170 3307 ⁸llgo
1205 3235 1282 3286 sum
1316 3205 1414 3290 det
1441 3215 1490 3303 dl,
1525 3217 1727 3311 principium
1760 3228 1799 3289 et
1823 3216 1903 3296 finis,

421 3335 502 3410 dicit
527 3335 690 3412 dominus
716 3333 815 3418 deus,
843 3335 900 3426 qui
928 3343 983 3406 est
1009 3343 1044 3406 et
1070 3334 1129 3426 qui
1155 3343 1232 3406 erat
1257 3345 1293 3406 et
1319 3337 1378 3428 qui
1403 3347 1569 3412 venturus
1587 3348 1650 3420 est,
1678 3336 1903 3431 omnipotens.

420 3447 526 3548 ”Ego
553 3448 749 3539 'lobannis
785 3453 890 3526 trater
919 3464 1036 3528 vester
1070 3461 1106 3528 cl
1139 3454 1314 3547 particeps
1347 3455 1382 3526 in
1413 3455 1634 3528 tribulatione
1668 3464 1703 3525 ct
1736 3477 1848 3547 regno
1873 3461 1904 3523 ct

420 3575 585 3668 patientia
611 3575 646 3648 in
670 3574 757 3658 lesu,
784 3572 831 3647 lui
857 3573 891 3646 in
938 3573 1050 3646 insula
1077 3593 1169 3664 quac
1187 3573 1381 3667 appellatur
1397 3575 1572 3660 Patbmcs,
1600 3583 1745 3668 proptor
1761 3575 1903 3646 verbum

421 3694 479 3768 dei
504 3704 541 3768 et
566 3692 800 3768 testimonium
825 3692 913 3766 lesu.
966 3683 992 3730 ¹⁰
1008 3692 1069 3764 Fui
1094 3692 1129 3764 in
1155 3693 1276 3786 spiritu
1301 3694 1532 3770 indominica
1550 3693 1617 3779 die,
1644 3703 1680 3766 ct
1697 3693 1816 3766 audiri
1831 3699 1905 3786 port

422 3835 478 3886 me
504 3835 631 3886 vocem
656 3832 821 3904 magnam
846 3820 1024 3904 tamquam
1051 3803 1174 3884 'tubae
1216 3804 1240 3849 ⁴¹
1260 3811 1406 3886 dicentis
1442 3812 1546 3900 Quod
1577 3813 1696 3897 vides·
1727 3813 1844 3886 scribe
1875 3811 1905 3880 in

421 3935 528 4018 libro,
564 3941 600 4006 et
624 3931 731 4004 mitte
746 3939 881 4024 septem
908 3930 1078 4015 ecclesiis,
1105 3931 1281 4024 Ephesum
1307 3943 1342 4004 et
1367 3935 1552 4027 Zmpmam
1579 3943 1615 4006 et
1640 3933 1850 4025 Pergamum
1875 3939 1905 4000 ct

422 4051 620 4146 Thyatiram
647 4061 683 4123 ct
709 4051 828 4126 Sardis
854 4059 891 4124 ct
915 4048 1186 4144 Philadelphiam
1214 4060 1250 4122 et
1274 4052 1483 4126 Laodiciam.
1517 4045 1544 4094 ⁴²
1554 4053 1597 4124 Et
1614 4073 1808 4124 conversus
1835 4071 1905 4122 sum

421 4181 458 4242 ut
482 4169 640 4242 viderem
673 4191 799 4243 vocem
831 4190 923 4262 quae
956 4170 1164 4261 loquebatur
1195 4191 1351 4242 mecum:
1384 4181 1420 4242 ct
1453 4193 1645 4243 conversus
1674 4171 1758 4254 viui,
1774 4181 1905 4266 septem

421 4289 633 4362 candelabra
660 4311 782 4374 aurea,
827 4281 853 4326 ¹³
870 4299 905 4360 et
930 4290 966 4362 in
991 4289 1110 4362 medio
1138 4284 1445 4365 'candelabrorum
1472 4290 1618 4362 similem
1645 4285 1768 4362 'lilium
1795 4289 1905 4362 homi-

420 4411 483 4494 nis,
510 4409 673 4482 vestitum
699 4407 870 4502 poderem
897 4418 933 4479 ct
958 4409 1193 4501 praecinctum
1220 4409 1266 4482 ad
1292 4409 1462 4481 mamillas
1479 4431 1605 4492 zonam
1623 4431 1781 4496 auream;
1810 4399 1906 4479 ⁴‘ca-

421 4539 483 4622 put
509 4537 625 4601 autem
652 4523 707 4598 ‘et
733 4527 845 4620 capilli
879 4536 978 4598 erant
1009 4527 1147 4600 candidi
1178 4537 1354 4623 tamquam
1386 4530 1465 4602 lana
1492 4529 1588 4614 alba,
1617 4525 1815 4622 'tamquam
1840 4528 1905 4608 nix,

420 4659 455 4719 et
482 4649 571 4720 oculi
598 4649 673 4719 eius
698 4648 793 4720 velut
817 4645 958 4718 llamma
984 4646 1087 4738 ignis,
1132 4637 1207 4718 ⁴³et
1233 4645 1345 4741 pedes
1373 4647 1449 4718 eius
1476 4648 1606 4720 similes
1633 4647 1824 4732 orichalco,
1860 4646 1905 4715 si-

421 4777 478 4839 eut
504 4769 538 4839 in
566 4768 702 4840 camino
730 4765 879 4850 ardenti,
907 4775 942 4836 et
967 4787 1042 4836 vox
1068 4767 1156 4838 illius
1188 4777 1365 4858 tamquam
1397 4787 1470 4838 vox
1505 4789 1672 4861 aquarum
1705 4768 1905 4841 multarum3

419 4879 493 4958 ⁴⁶et
518 4887 672 4960 habebat
698 4887 732 4956 in
758 4886 906 4958 dextera
931 4905 994 4956 sua
1022 4885 1127 4960 stillas
1154 4895 1297 4978 septem,
1326 4886 1432 4958 etde
1460 4906 1522 4957 ore
1549 4887 1625 4958 eius
1651 4885 1786 4978 gladius
1813 4893 1905 4956 utra-

420 5027 489 5098 que
515 5017 613 5099 parte
641 5015 762 5078 acutus
788 5005 943 5089 exiebat,
978 5015 1013 5074 et
1038 5005 1143 5077 lacics
1170 5005 1246 5076 cius
1281 5005 1368 5076 sicut
1403 5007 1455 5076 sol
1487 5006 1578 5077 lucet
1610 5007 1645 5077 in
1678 5005 1802 5075 virtute
1836 5023 1905 5073 sua.

420 5118 445 5162 ¹⁷
462 5125 503 5196 Et
530 5148 608 5196 cum
645 5125 807 5196 vidissem
843 5146 939 5201 eum.
976 5123 1085 5194 cecidi
1123 5122 1167 5193 ad
1203 5123 1315 5215 pedes
1350 5125 1423 5195 eius
1458 5136 1633 5217 tamquam
1665 5131 1839 5193 mortuus:
1875 5129 1903 5188 et

1047 5243 1067 5324 l,
1101 5247 1112 5309 l
1153 5281 1193 5292 —-
1230 5238 1284 5314 ⁴7.
1709 5247 1716 5258 ‘
