4102 6128
317 389 364 466 42
700 389 939 456 ssvuuouuluu
966 392 1179 456 SECUNDUM'
1192 390 1396 458 ulmus

251 556 253 566 Ι
317 598 406 674 inde.
459 587 585 644 ΝΜ)
602 595 644 690 llt
675 615 758 668 ecce
776 616 880 696 'unus
913 595 1085 668 accedam
1120 597 1166 668 ait
1197 597 1241 672 illi
1274 597 1435 690 Magister
1460 597 1569 683 bone,
1596 599 1679 692 quid
1704 602 1789 674 boui
1925 597 1936 624 '

318 720 439 792 faciam
465 726 503 790 ut
527 715 675 790 habeam
701 716 805 788 vitam
832 718 1033 788 aetemam‘l
1085 709 1110 752 Π
1125 717 1191 802 Qui
1216 717 1303 790 dixit
1336 718 1368 790 ei
1395 717 1485 804 Quid
1510 739 1567 790 me
1589 719 1786 816 interrogas

318 841 364 914 de
389 839 509 912 houo‘l
535 859 622 908 unus
649 839 702 909 e'st
732 837 844 908 bonus
870 833 974 906 deus:
1001 835 1030 906 si
1065 829 1180 908 autem
1212 838 1265 910 vis
1298 837 1343 910 ad
1376 839 1481 910 vitam
1507 837 1656 930 ingredi,
1683 863 1787 914 sorva
1821 893 1822 896 ,

318 960 488 1034 mandata
539 948 565 994 ¹⁸
579 957 667 1030 Dicit
696 955 741 1026 illi
768 955 889 1040 Quae?
924 956 1018 1028 lesus
1045 966 1159 1028 autem
1194 955 1280 1030 dixit
1312 958 1389 1030 Non
1422 957 1643 1032 homicidium
1668 963 1786 1046 facies,

317 1101 387 1152 non
413 1076 630 1160 adulterabis,
657 1096 726 1147 non
751 1073 857 1146 iacies
882 1075 1014 1162 fumum,
1041 1098 1113 1149 non
1136 1077 1257 1150 salsum
1284 1063 1513 1152 testimonium
1539 1079 1645 1166 dices,
1681 1073 1708 1119 ¹⁹
1721 1081 1787 1154 ho-

319 1213 404 1274 dora
429 1207 562 1292 patrem
589 1205 624 1268 et
644 1205 798 1279 matrem,
827 1203 861 1266 et
878 1195 1001 1288 diliges
1018 1197 1213 1289 proximum
1231 1207 1326 1270 tuum
1343 1199 1482 1272 sicutte
1499 1199 1621 1292 ipsum.
1655 1193 1682 1239 ¹⁰
1698 1201 1787 1274 Dicit

232 1321 234 1328 ’
318 1320 363 1390 illi
388 1317 592 1390 adulescens
618 1315 741 1386 Omnia
767 1315 854 1388 haec
869 1313 1064 1388 custodivi:
1092 1316 1175 1410 quid
1195 1317 1308 1390 adhuc
1325 1318 1407 1390 milui
1423 1318 1548 1392 deest‘l
1587 1311 1610 1358 ²¹
1627 1309 1788 1394 “milit

317 1438 361 1510 illi
387 1437 480 1510 lesus
506 1437 542 1508 Si
566 1435 620 1508 vis
645 1436 818 1530 perfectus
845 1455 933 1520 esse,
959 1434 1052 1506 vade
1077 1437 1192 1510 vende
1218 1459 1308 1532 quae
1333 1439 1445 1512 habes
1479 1449 1514 1510 et
1548 1439 1595 1512 da
1619 1441 1784 1534 pauperi-

317 1558 394 1643 hus,
421 1567 457 1628 et
482 1555 626 1630 habebis
653 1555 851 1628 thesaurum
877 1556 911 1626 in
937 1555 1052 1642 caelo,
1086 1566 1121 1628 et
1152 1558 1232 1628 veni
1264 1579 1412 1651 sequere
1438 1579 1505 1632 ms.
1556 1550 1583 1596 ¹²
1596 1551 1687 1608 ‘⁴⁹⁵²’
1702 1561 1784 1634 Cum

271 1687 274 1699 '
318 1677 471 1752 audisset
495 1685 610 1748 autom
636 1675 842 1749 adolescens
868 1675 1022 1762 verbum,
1050 1675 1132 1748 abiit
1158 1676 1276 1748 tristis:
1312 1687 1386 1750 erat
1419 1678 1509 1750 enim
1536 1679 1670 1752 habens
1696 1683 1784 1754 mul-

318 1811 372 1874 tas
398 1797 651 1894 possessiones.
702 1787 729 1834 ²³
745 1795 841 1868 lesus
868 1805 982 1868 autem
1008 1795 1094 1868 dixit
1119 1795 1293 1890 discipulis
1327 1797 1398 1880 suis
1434 1797 1545 1870 Amen
1578 1799 1658 1872 dico
1684 1802 1784 1874 vobis

318 1920 397 2014 quin
423 1918 521 1992 dives
548 1915 683 1990 difficile
709 1916 903 1990 intrabit-in
928 1937 1037 2010 regno
1064 1917 1248 1989 caelorum.
1302 1905 1329 1954 ²*
1344 1918 1386 1990 Et
1410 1917 1533 1990 iterum
1567 1919 1646 1992 dico
1671 1921 1783 2009 vobis,

317 2040 447 2112 facilius
472 2047 526 2110 est
552 2037 720 2110 camelum
751 2059 816 2131 per
849 2037 1003 2110 foramen
1029 2059 1112 2110 acus
1137 2036 1280 2108 transire
1307 2059 1410 2131 quam
1436 2037 1576 2110 divitem
1599 2023 1727 2112 intrare
1752 2041 1786 2112 in

318 2181 462 2254 regnum
489 2157 672 2229 caelorum.
724 2149 750 2194 ¹⁵
768 2155 899 2229 Auditis
931 2167 1045 2230 autem
1079 2157 1131 2230 bis
1166 2157 1321 2251 discipuli
1361 2157 1575 2232 mirabantur
1610 2153 1783 2234 'dicentes

320 2279 404 2367 Quis
431 2300 515 2371 ergo
542 2277 666 2372 poterit
691 2277 807 2348 salvus
834 2280 936 2348 esse?
987 2269 1204 2372 ¹⁸Aspiciens
1230 2287 1344 2350 autem
1370 2279 1465 2352 lesus
1492 2278 1579 2352 dixit
1599 2279 1662 2351 illis
1679 2279 1783 2374 Apud

259 2481 262 2488 ,
319 2401 476 2473 homines
510 2398 577 2469 hoc
610 2397 807 2492 inpossibile
839 2407 908 2482 est,
944 2397 1038 2492 apud
1070 2398 1175 2470 deum
1209 2408 1322 2470 autem
1351 2398 1464 2470 omnia
1490 2400 1664 2494 possibilia
1694 2410 1780 2472 sunt

317 2513 343 2558 '¹
360 2521 454 2592 Tunc
479 2517 693 2611 respondens
718 2517 839 2590 Petrus
866 2517 952 2589 dixit
977 2519 1009 2590 ei
1034 2518 1124 2590 Ecce
1150 2539 1214 2589 nos
1241 2518 1437 2610 reliquimus
1465 2520 1579 2592 omnia
1614 2530 1648 2592 et
1674 2522 1784 2593 secuti

319 2663 437 2714 sumus
463 2649 514 2710 te:
541 2637 624 2732 quid
649 2659 734 2729 ergo
761 2639 825 2708 erit
857 2638 984 2713 nobis‘l
1023 2628 1049 2674 ¹⁸
1062 2627 1164 2686 ‘mm’
1185 2637 1281 2710 lesus
1314 2647 1430 2712 autem
1464 2639 1551 2710 dixit
1584 2639 1646 2710 illis
1672 2639 1783 2712 Amen

319 2761 398 2832 dico
423 2759 524 2854 voltis
550 2757 645 2850 quod
670 2780 736 2830 vos
760 2758 818 2852 qui
843 2759 952 2830 secuti
977 2758 1061 2830 estis
1088 2779 1154 2842 me,
1181 2758 1215 2828 in
1241 2760 1521 2850 regeneratione,
1548 2781 1626 2830 oum
1653 2760 1785 2833 sederit

318 2880 405 2954 filus
431 2879 576 2952 hominis
603 2879 636 2948 in
663 2879 749 2952 sede
774 2879 961 2950 maiestatis
987 2899 1082 2962 suae,
1110 2869 1204 2924 “ml
1217 2877 1383 2950 sedebitis
1409 2889 1444 2950 et
1470 2901 1534 2952 vos
1554 2881 1783 2974 supersedeo

318 2999 502 3074 duodecim
529 2998 716 3074 iudicantes
743 2999 925 3072 duodecim
940 2999 1060 3074 ,tribus
1087 2996 1222 3069 lsrahel.
1274 2990 1301 3036 ²⁰
1314 2989 1403 3047 (Μ
1420 3001 1462 3072 Et
1494 3000 1604 3072 omnis
1639 3001 1697 3094 qui
1724 3023 1782 3074 re·

317 3121 412 3213 liquit
437 3118 578 3192 domum
603 3121 660 3192 vel
684 3121 807 3192 fratres
834 3129 893 3200 aut
918 3139 1057 3192 sorores
1085 3129 1142 3190 aut
1167 3095 1301 3212 patrem
1337 3128 1396 3191 aut
1428 3129 1572 3192 matrem
1605 3132 1665 3192 aut
1692 3144 1782 3194 uxo-

318 3261 392 3312 rem
418 3249 476 3322 aut
501 3239 588 3312 filios
615 3249 673 3313 aut
698 3262 802 3334 agros
839 3249 980 3334 propter
1011 3259 1138 3312 nomen
1171 3261 1303 3324 meum,
1339 3241 1533 3335 centuplum
1569 3241 1714 3336 accipiet
1748 3253 1784 3314 et

318 3363 421 3434 vitam
455 3371 630 3432 aeternam
663 3360 861 3454 possidebit.
914 3351 940 3396 ³⁰
953 3351 1043 3408 (Μ)
1060 3360 1152 3432 Multi
1185 3369 1298 3433 autem
1333 3370 1432 3434 erunt
1464 3361 1565 3454 primi
1596 3363 1782 3449 novissimi,

318 3492 353 3553 et
378 3481 551 3552 novissimi
578 3481 685 3575 primi.

1014 3755 1083 3826 XX.

393 3953 518 4008 'lm'
536 3963 651 4036 Simile
669 3973 722 4034 est
739 3963 828 4040 euim
846 3983 989 4054 regnum
1007 3962 1181 4034 caelorum
1198 3959 1326 4032 homini
1350 3961 1437 4054 patri
1455 3961 1606 4044 familias,
1626 3960 1685 4054 qui
1702 3959 1785 4032 exiit

317 4083 427 4176 primo
445 4103 545 4154 mane
563 4083 759 4156 conducere
777 4081 954 4176 operarios
971 4083 1006 4153 in
1018 4081 1153 4154 vineam
1171 4102 1279 4152 suam.
1312 4073 1572 4155 ‘eonvenrione
1597 4089 1711 4152 autem
1729 4081 1782 4152 ln·

317 4212 372 4276 ota
389 4225 468 4276 cum
491 4204 657 4298 operariis
685 4225 731 4276 ox
756 4202 897 4276 denario
923 4202 1045 4274 diurno
1072 4201 1162 4273 misit
1183 4222 1246 4276 eos
1269 4202 1302 4274 in
1326 4202 1470 4274 vineam.
1522 4194 1593 4272 ³Et
1619 4221 1783 4294 egressos

317 4323 407 4396 circa
433 4323 555 4396 horam
582 4325 714 4398 tertiam
740 4323 824 4396 vidit
849 4323 934 4396 alios
960 4333 1089 4396 euntes
1115 4323 1149 4394 in
1174 4323 1249 4394 loro
1277 4304 1418 4406 otiosos,
1452 4312 1514 4394 ‘et
1539 4323 1602 4394 illis
1628 4321 1717 4394 dixit
1736 4322 1784 4394 lto

317 4453 352 4516 et
376 4465 442 4516 vos
468 4444 502 4514 in'
526 4444 663 4517 vineam
688 4466 812 4530 meam,
840 4454 875 4514 et
900 4443 995 4537 quod
1020 4443 1144 4518 iustum
1170 4441 1269 4516 luerit
1294 4440 1389 4516 dabo
1413 4441 1524 4514 vohis.
1566 4433 1641 4514 ⁵llli
1668 4453 1782 4516 autem

317 4563 480 4636 abierunt.
523 4564 647 4638 lterum
674 4575 788 4638 autem
815 4564 896 4636 exiit
922 4564 1012 4636 circa
1039 4575 1174 4638 sextam
1199 4573 1235 4636 et
1259 4585 1386 4636 nonam
1412 4561 1543 4648 horem,
1571 4574 1607 4636 et
1631 4565 1711 4636 lecit
1735 4564 1783 4636 si-

316 4683 447 4756 militer.
498 4675 623 4757 ⁶Circa
650 4685 865 4760 undecimam
899 4705 984 4758 vero
1019 4685 1102 4758 exiit
1133 4693 1168 4756 ct
1197 4684 1324 4756 invenit
1356 4683 1441 4757 alios
1468 4693 1616 4770 stantes,
1643 4693 1679 4756 et
1704 4683 1786 4758 dicit

317 4805 379 4875 illis
407 4804 497 4888 Quid
523 4804 579 4878 hic
605 4807 701 4880 statis
735 4815 806 4878 tota
832 4807 889 4878 die
916 4805 1041 4878 otiosi?
1091 4797 1242 4898 'dimne
1276 4803 1308 4876 ei
1342 4805 1430 4890 Quia
1463 4826 1567 4878 nemo
1602 4827 1665 4876 nos
1699 4825 1783 4876 oon-
1837 4837 1841 4846 ·

318 4923 424 4996 duxit.
464 4925 551 4998 Dicit
576 4927 639 5000 illis
665 4929 712 5000 lte
739 4937 774 4999 et
799 4949 865 4998 vos
891 4925 925 4998 in
950 4925 1095 4998 vineam.
1147 4913 1263 4996 ⁸Cum
1289 4945 1370 4996 sero
1398 4935 1511 5000 autem
1535 4927 1661 4998 factum
1680 4931 1783 5004 esset,

318 5043 400 5118 dicit
425 5045 583 5120 dominus
609 5049 729 5120 vineae
755 5045 968 5140 procuratori
994 5066 1059 5118 suo
1085 5044 1179 5116 Vooa
1205 5045 1384 5138 operarios
1411 5057 1446 5118 et
1471 5045 1582 5118 redde
1607 5045 1671 5116 illis
1691 5063 1783 5112 mer-

319 5165 451 5254 cedem,
479 5167 641 5260 inoipiens
666 5191 687 5242 a
712 5167 906 5242 novissimis
931 5185 1042 5258 usque
1069 5163 1114 5236 ad
1140 5163 1279 5258 primos.
1339 5157 1456 5240 ⁹Cum
1492 5165 1666 5238 venissent
1699 5181 1784 5253 ergo

833 5286 915 5371 xlx,
946 5287 991 5356 ld
1044 5322 1095 5338 —
1143 5283 1212 5372 XX,
1241 5287 1273 5356 9.
