<?xml version="1.0" encoding="UTF-8"?>
<!DOCTYPE html PUBLIC "-//W3C//DTD XHTML 1.0 Transitional//EN"
    "http://www.w3.org/TR/xhtml1/DTD/xhtml1-transitional.dtd">
<html xmlns="http://www.w3.org/1999/xhtml" xml:lang="en" lang="en">
 <head>
  <title>
</title>
<meta http-equiv="Content-Type" content="text/html;charset=utf-8" />
  <meta name='ocr-system' content='tesseract 3.04.00' />
  <meta name='ocr-capabilities' content='ocr_page ocr_carea ocr_par ocr_line ocrx_word'/>
</head>
<body>
  <div class='ocr_page' id='page_1' title='image "./novumtestamentu02tiscgoog_0069.png"; bbox 0 0 4102 6128; ppageno 0'>
   <div class='ocr_carea' id='block_1_1' title="bbox 355 409 1442 480">
    <p class='ocr_par' dir='ltr' id='par_1_1' title="bbox 355 409 1442 480">
     <span class='ocr_line' id='line_1_1' title="bbox 355 409 1442 480; baseline -0.007 0"><span class='ocrx_word' id='word_1_1' title='bbox 355 411 400 480; x_wconf 86' lang='lat' dir='ltr'>l8</span> <span class='ocrx_word' id='word_1_2' title='bbox 745 411 985 477; x_wconf 82' lang='lat' dir='ltr'><strong>EVANGELIUM</strong></span> <span class='ocrx_word' id='word_1_3' title='bbox 1011 413 1212 476; x_wconf 81' lang='lat' dir='ltr'>SECUNDUM</span> <span class='ocrx_word' id='word_1_4' title='bbox 1238 409 1442 474; x_wconf 77' lang='lat' dir='ltr'>lthTTHEtttt</span> 
     </span>
    </p>
   </div>
   <div class='ocr_carea' id='block_1_2' title="bbox 353 614 1831 1191">
    <p class='ocr_par' dir='ltr' id='par_1_2' title="bbox 353 614 1831 1191">
     <span class='ocr_line' id='line_1_2' title="bbox 353 614 1831 709; baseline -0.001 -22"><span class='ocrx_word' id='word_1_5' title='bbox 353 617 444 688; x_wconf 91' lang='lat' dir='ltr'>niam</span> <span class='ocrx_word' id='word_1_6' title='bbox 477 615 604 688; x_wconf 82' lang='lat' dir='ltr'>inlusus</span> <span class='ocrx_word' id='word_1_7' title='bbox 638 627 732 687; x_wconf 88' lang='lat' dir='ltr'>esset</span> <span class='ocrx_word' id='word_1_8' title='bbox 767 639 786 690; x_wconf 93' lang='lat' dir='ltr'>a</span> <span class='ocrx_word' id='word_1_9' title='bbox 821 617 932 709; x_wconf 90' lang='lat' dir='ltr'>magis</span> <span class='ocrx_word' id='word_1_10' title='bbox 959 617 1065 689; x_wconf 87' lang='lat' dir='ltr'>iratus</span> <span class='ocrx_word' id='word_1_11' title='bbox 1099 627 1153 688; x_wconf 87' lang='lat' dir='ltr'>est</span> <span class='ocrx_word' id='word_1_12' title='bbox 1177 615 1299 701; x_wconf 85' lang='lat' dir='ltr'>valde,</span> <span class='ocrx_word' id='word_1_13' title='bbox 1327 625 1362 686; x_wconf 90' lang='lat' dir='ltr'>et</span> <span class='ocrx_word' id='word_1_14' title='bbox 1393 616 1531 688; x_wconf 87' lang='lat' dir='ltr'>mittens</span> <span class='ocrx_word' id='word_1_15' title='bbox 1555 614 1682 687; x_wconf 89' lang='lat' dir='ltr'>occidit</span> <span class='ocrx_word' id='word_1_16' title='bbox 1708 635 1831 686; x_wconf 89' lang='lat' dir='ltr'>omnes</span> 
     </span>
     <span class='ocr_line' id='line_1_3' title="bbox 354 735 1831 830; baseline 0.001 -23"><span class='ocrx_word' id='word_1_17' title='bbox 354 757 482 830; x_wconf 89' lang='lat' dir='ltr'>pueros</span> <span class='ocrx_word' id='word_1_18' title='bbox 509 737 566 829; x_wconf 92' lang='lat' dir='ltr'>qui</span> <span class='ocrx_word' id='word_1_19' title='bbox 599 749 697 808; x_wconf 88' lang='lat' dir='ltr'>erant</span> <span class='ocrx_word' id='word_1_20' title='bbox 730 737 764 807; x_wconf 93' lang='lat' dir='ltr'>in</span> <span class='ocrx_word' id='word_1_21' title='bbox 795 737 973 807; x_wconf 84' lang='lat' dir='ltr'>Bethleem</span> <span class='ocrx_word' id='word_1_22' title='bbox 1000 749 1035 808; x_wconf 93' lang='lat' dir='ltr'>et</span> <span class='ocrx_word' id='word_1_23' title='bbox 1066 737 1100 807; x_wconf 94' lang='lat' dir='ltr'>in</span> <span class='ocrx_word' id='word_1_24' title='bbox 1134 737 1293 808; x_wconf 92' lang='lat' dir='ltr'>omnibus</span> <span class='ocrx_word' id='word_1_25' title='bbox 1319 735 1443 808; x_wconf 88' lang='lat' dir='ltr'>linibus</span> <span class='ocrx_word' id='word_1_26' title='bbox 1475 737 1563 821; x_wconf 90' lang='lat' dir='ltr'>eius,</span> <span class='ocrx_word' id='word_1_27' title='bbox 1591 759 1612 808; x_wconf 90' lang='lat' dir='ltr'>a</span> <span class='ocrx_word' id='word_1_28' title='bbox 1638 735 1769 807; x_wconf 84' lang='lat' dir='ltr'><strong>bimatu</strong></span> <span class='ocrx_word' id='word_1_29' title='bbox 1796 747 1831 808; x_wconf 87' lang='lat' dir='ltr'>at</span> 
     </span>
     <span class='ocr_line' id='line_1_4' title="bbox 354 848 1829 951; baseline 0 -25"><span class='ocrx_word' id='word_1_30' title='bbox 354 857 447 942; x_wconf 86' lang='lat' dir='ltr'>inira,</span> <span class='ocrx_word' id='word_1_31' title='bbox 475 855 664 928; x_wconf 90' lang='lat' dir='ltr'>secundum</span> <span class='ocrx_word' id='word_1_32' title='bbox 691 867 827 951; x_wconf 90' lang='lat' dir='ltr'>tempus</span> <span class='ocrx_word' id='word_1_33' title='bbox 855 857 950 950; x_wconf 91' lang='lat' dir='ltr'>qnod</span> <span class='ocrx_word' id='word_1_34' title='bbox 980 857 1191 950; x_wconf 78' lang='lat' dir='ltr'>exquisierat</span> <span class='ocrx_word' id='word_1_35' title='bbox 1218 879 1239 928; x_wconf 92' lang='lat' dir='ltr'>a</span> <span class='ocrx_word' id='word_1_36' title='bbox 1264 857 1387 949; x_wconf 88' lang='lat' dir='ltr'>magis.</span> <span class='ocrx_word' id='word_1_37' title='bbox 1439 848 1465 892; x_wconf 75' lang='lat'>⁴⁷</span> <span class='ocrx_word' id='word_1_38' title='bbox 1483 857 1578 927; x_wconf 83' lang='lat' dir='ltr'>Tunc</span> <span class='ocrx_word' id='word_1_39' title='bbox 1604 856 1829 950; x_wconf 90' lang='lat' dir='ltr'>adimpletum</span> 
     </span>
     <span class='ocr_line' id='line_1_5' title="bbox 355 969 1831 1071; baseline 0.001 -24"><span class='ocrx_word' id='word_1_40' title='bbox 355 987 408 1048; x_wconf 91' lang='lat' dir='ltr'>est</span> <span class='ocrx_word' id='word_1_41' title='bbox 439 975 547 1070; x_wconf 93' lang='lat' dir='ltr'>quod</span> <span class='ocrx_word' id='word_1_42' title='bbox 573 977 701 1048; x_wconf 91' lang='lat' dir='ltr'>dictum</span> <span class='ocrx_word' id='word_1_43' title='bbox 740 986 794 1047; x_wconf 90' lang='lat' dir='ltr'>est</span> <span class='ocrx_word' id='word_1_44' title='bbox 826 997 890 1070; x_wconf 91' lang='lat' dir='ltr'>per</span> <span class='ocrx_word' id='word_1_45' title='bbox 929 977 1135 1058; x_wconf 82' lang='lat' dir='ltr'>Hieremiam</span> <span class='ocrx_word' id='word_1_46' title='bbox 1167 977 1374 1071; x_wconf 84' lang='lat' dir='ltr'>prophetam</span> <span class='ocrx_word' id='word_1_47' title='bbox 1413 975 1583 1048; x_wconf 81' lang='lat' dir='ltr'>dicentem</span> <span class='ocrx_word' id='word_1_48' title='bbox 1640 969 1667 1015; x_wconf 80' lang='lat'>⁴⁸</span> <span class='ocrx_word' id='word_1_49' title='bbox 1683 977 1761 1048; x_wconf 83' lang='lat' dir='ltr'>Vox</span> <span class='ocrx_word' id='word_1_50' title='bbox 1797 978 1831 1048; x_wconf 94' lang='lat' dir='ltr'>in</span> 
     </span>
     <span class='ocr_line' id='line_1_6' title="bbox 354 1097 1830 1191; baseline 0 -23"><span class='ocrx_word' id='word_1_51' title='bbox 354 1099 462 1170; x_wconf 89' lang='lat' dir='ltr'>Rama</span> <span class='ocrx_word' id='word_1_52' title='bbox 489 1097 605 1169; x_wconf 88' lang='lat' dir='ltr'>audita</span> <span class='ocrx_word' id='word_1_53' title='bbox 632 1107 693 1182; x_wconf 88' lang='lat' dir='ltr'>est,</span> <span class='ocrx_word' id='word_1_54' title='bbox 722 1097 875 1190; x_wconf 82' lang='lat' dir='ltr'>ploratus</span> <span class='ocrx_word' id='word_1_55' title='bbox 902 1107 937 1168; x_wconf 89' lang='lat' dir='ltr'>et</span> <span class='ocrx_word' id='word_1_56' title='bbox 963 1099 1107 1170; x_wconf 88' lang='lat' dir='ltr'>ululatus</span> <span class='ocrx_word' id='word_1_57' title='bbox 1133 1097 1274 1168; x_wconf 89' lang='lat' dir='ltr'>multus:</span> <span class='ocrx_word' id='word_1_58' title='bbox 1301 1097 1429 1171; x_wconf 79' lang='lat' dir='ltr'>Rachel</span> <span class='ocrx_word' id='word_1_59' title='bbox 1454 1098 1595 1191; x_wconf 93' lang='lat' dir='ltr'>plorans</span> <span class='ocrx_word' id='word_1_60' title='bbox 1621 1097 1710 1168; x_wconf 88' lang='lat' dir='ltr'>filios</span> <span class='ocrx_word' id='word_1_61' title='bbox 1729 1119 1830 1182; x_wconf 80' lang='lat' dir='ltr'>suos,</span> 
     </span>
    </p>
   </div>
   <div class='ocr_carea' id='block_1_3' title="bbox 230 1208 1831 1312">
    <p class='ocr_par' dir='ltr' id='par_1_3' title="bbox 230 1208 1831 1312">
     <span class='ocr_line' id='line_1_7' title="bbox 230 1208 1831 1312; baseline 0 -24"><span class='ocrx_word' id='word_1_62' title='bbox 230 1305 238 1312; x_wconf 22' lang='lat'>⁸</span> <span class='ocrx_word' id='word_1_63' title='bbox 356 1229 392 1288; x_wconf 89' lang='lat' dir='ltr'>ct</span> <span class='ocrx_word' id='word_1_64' title='bbox 417 1218 522 1290; x_wconf 91' lang='lat' dir='ltr'>noluit</span> <span class='ocrx_word' id='word_1_65' title='bbox 548 1217 728 1302; x_wconf 81' lang='lat' dir='ltr'>consolari,</span> <span class='ocrx_word' id='word_1_66' title='bbox 756 1218 835 1310; x_wconf 92' lang='lat' dir='ltr'>quia</span> <span class='ocrx_word' id='word_1_67' title='bbox 861 1239 931 1288; x_wconf 93' lang='lat' dir='ltr'>non</span> <span class='ocrx_word' id='word_1_68' title='bbox 956 1228 1043 1290; x_wconf 91' lang='lat' dir='ltr'>sunt.</span> <span class='ocrx_word' id='word_1_69' title='bbox 1095 1208 1122 1254; x_wconf 79' lang='lat'>¹⁹</span> <span class='ocrx_word' id='word_1_70' title='bbox 1138 1219 1305 1290; x_wconf 76' lang='lat' dir='ltr'>Defuncto</span> <span class='ocrx_word' id='word_1_71' title='bbox 1333 1229 1447 1290; x_wconf 88' lang='lat' dir='ltr'>autem</span> <span class='ocrx_word' id='word_1_72' title='bbox 1472 1217 1625 1302; x_wconf 85' lang='lat' dir='ltr'>Herode,</span> <span class='ocrx_word' id='word_1_73' title='bbox 1653 1239 1737 1290; x_wconf 88' lang='lat' dir='ltr'>ecce</span> <span class='ocrx_word' id='word_1_74' title='bbox 1763 1239 1831 1312; x_wconf 89' lang='lat' dir='ltr'>ap-</span> 
     </span>
    </p>
   </div>
   <div class='ocr_carea' id='block_1_4' title="bbox 355 1329 1831 1432">
    <p class='ocr_par' dir='ltr' id='par_1_4' title="bbox 355 1329 1831 1432">
     <span class='ocr_line' id='line_1_8' title="bbox 355 1329 1831 1432; baseline -0.001 -22"><span class='ocrx_word' id='word_1_75' title='bbox 355 1339 467 1432; x_wconf 88' lang='lat' dir='ltr'>paruit</span> <span class='ocrx_word' id='word_1_76' title='bbox 493 1339 635 1430; x_wconf 83' lang='lat' dir='ltr'>angelus</span> <span class='ocrx_word' id='word_1_77' title='bbox 667 1337 796 1408; x_wconf 93' lang='lat' dir='ltr'>domini</span> <span class='ocrx_word' id='word_1_78' title='bbox 829 1339 863 1408; x_wconf 92' lang='lat' dir='ltr'>in</span> <span class='ocrx_word' id='word_1_79' title='bbox 889 1340 1020 1410; x_wconf 90' lang='lat' dir='ltr'>somnis</span> <span class='ocrx_word' id='word_1_80' title='bbox 1045 1337 1171 1431; x_wconf 88' lang='lat' dir='ltr'>loseph</span> <span class='ocrx_word' id='word_1_81' title='bbox 1197 1337 1231 1408; x_wconf 93' lang='lat' dir='ltr'>in</span> <span class='ocrx_word' id='word_1_82' title='bbox 1262 1337 1425 1432; x_wconf 78' lang='lat' dir='ltr'>Aegypto</span> <span class='ocrx_word' id='word_1_83' title='bbox 1467 1329 1496 1376; x_wconf 84' lang='lat'>¹⁰</span> <span class='ocrx_word' id='word_1_84' title='bbox 1511 1337 1631 1410; x_wconf 89' lang='lat' dir='ltr'>dicens</span> <span class='ocrx_word' id='word_1_85' title='bbox 1657 1339 1769 1430; x_wconf 82' lang='lat' dir='ltr'>Surge</span> <span class='ocrx_word' id='word_1_86' title='bbox 1796 1346 1831 1408; x_wconf 90' lang='lat' dir='ltr'>et</span> 
     </span>
    </p>
   </div>
   <div class='ocr_carea' id='block_1_5' title="bbox 262 1457 1916 2274">
    <p class='ocr_par' dir='ltr' id='par_1_5' title="bbox 262 1457 1916 2274">
     <span class='ocr_line' id='line_1_9' title="bbox 355 1457 1916 1570; baseline -0.001 -38"><span class='ocrx_word' id='word_1_87' title='bbox 355 1460 473 1552; x_wconf 87' lang='lat' dir='ltr'>accipe</span> <span class='ocrx_word' id='word_1_88' title='bbox 500 1480 644 1570; x_wconf 75' lang='lat' dir='ltr'>puerum</span> <span class='ocrx_word' id='word_1_89' title='bbox 671 1469 706 1528; x_wconf 92' lang='lat' dir='ltr'>et</span> <span class='ocrx_word' id='word_1_90' title='bbox 732 1469 876 1530; x_wconf 87' lang='lat' dir='ltr'>matrem</span> <span class='ocrx_word' id='word_1_91' title='bbox 903 1460 978 1530; x_wconf 90' lang='lat' dir='ltr'>eius</span> <span class='ocrx_word' id='word_1_92' title='bbox 1004 1469 1039 1530; x_wconf 93' lang='lat' dir='ltr'>et</span> <span class='ocrx_word' id='word_1_93' title='bbox 1064 1457 1157 1531; x_wconf 86' lang='lat' dir='ltr'>vada</span> <span class='ocrx_word' id='word_1_94' title='bbox 1183 1459 1217 1530; x_wconf 90' lang='lat' dir='ltr'>iu</span> <span class='ocrx_word' id='word_1_95' title='bbox 1244 1467 1371 1530; x_wconf 89' lang='lat' dir='ltr'>terram</span> <span class='ocrx_word' id='word_1_96' title='bbox 1395 1457 1542 1530; x_wconf 93' lang='lat' dir='ltr'>lsrabel:</span> <span class='ocrx_word' id='word_1_97' title='bbox 1576 1457 1726 1530; x_wconf 77' lang='lat' dir='ltr'>defuncti</span> <span class='ocrx_word' id='word_1_98' title='bbox 1751 1469 1854 1548; x_wconf 71' lang='lat' dir='ltr'>sunit⁸</span> <span class='ocrx_word' id='word_1_99' title='bbox 1912 1527 1916 1542; x_wconf 85' lang='grc'>,</span> 
     </span>
     <span class='ocr_line' id='line_1_10' title="bbox 355 1571 1832 1674; baseline -0.001 -23"><span class='ocrx_word' id='word_1_100' title='bbox 355 1581 444 1652; x_wconf 91' lang='lat' dir='ltr'>enim</span> <span class='ocrx_word' id='word_1_101' title='bbox 472 1579 530 1672; x_wconf 92' lang='lat' dir='ltr'>qui</span> <span class='ocrx_word' id='word_1_102' title='bbox 556 1579 769 1670; x_wconf 88' lang='lat' dir='ltr'>quaerebant</span> <span class='ocrx_word' id='word_1_103' title='bbox 801 1579 950 1650; x_wconf 90' lang='lat' dir='ltr'>animam</span> <span class='ocrx_word' id='word_1_104' title='bbox 983 1579 1090 1672; x_wconf 90' lang='lat' dir='ltr'>puen&#39;.</span> <span class='ocrx_word' id='word_1_105' title='bbox 1142 1571 1166 1618; x_wconf 76' lang='lat'>’¹</span> <span class='ocrx_word' id='word_1_106' title='bbox 1186 1579 1254 1664; x_wconf 85' lang='lat' dir='ltr'>Qui</span> <span class='ocrx_word' id='word_1_107' title='bbox 1287 1601 1434 1673; x_wconf 82' lang='lat' dir='ltr'>surgens</span> <span class='ocrx_word' id='word_1_108' title='bbox 1463 1579 1598 1674; x_wconf 89' lang='lat' dir='ltr'>accepit</span> <span class='ocrx_word' id='word_1_109' title='bbox 1623 1601 1770 1673; x_wconf 92' lang='lat' dir='ltr'>puerum</span> <span class='ocrx_word' id='word_1_110' title='bbox 1796 1590 1832 1650; x_wconf 88' lang='lat' dir='ltr'>et</span> 
     </span>
     <span class='ocr_line' id='line_1_11' title="bbox 262 1690 1829 1792; baseline 0.004 -26"><span class='ocrx_word' id='word_1_111' title='bbox 262 1751 267 1766; x_wconf 89' lang='lat'><em>.</em></span> <span class='ocrx_word' id='word_1_112' title='bbox 356 1711 499 1772; x_wconf 90' lang='lat' dir='ltr'>matrem</span> <span class='ocrx_word' id='word_1_113' title='bbox 527 1699 600 1770; x_wconf 91' lang='lat' dir='ltr'>eius</span> <span class='ocrx_word' id='word_1_114' title='bbox 626 1710 661 1770; x_wconf 92' lang='lat' dir='ltr'>et</span> <span class='ocrx_word' id='word_1_115' title='bbox 687 1699 779 1769; x_wconf 90' lang='lat' dir='ltr'>venit</span> <span class='ocrx_word' id='word_1_116' title='bbox 805 1699 837 1768; x_wconf 95' lang='lat' dir='ltr'>in</span> <span class='ocrx_word' id='word_1_117' title='bbox 864 1708 991 1770; x_wconf 88' lang='lat' dir='ltr'>terram</span> <span class='ocrx_word' id='word_1_118' title='bbox 1024 1699 1162 1772; x_wconf 91' lang='lat' dir='ltr'>lsrabcl.</span> <span class='ocrx_word' id='word_1_119' title='bbox 1217 1690 1410 1770; x_wconf 70' lang='lat' dir='ltr'>”habens</span> <span class='ocrx_word' id='word_1_120' title='bbox 1440 1708 1556 1771; x_wconf 90' lang='lat' dir='ltr'>autam</span> <span class='ocrx_word' id='word_1_121' title='bbox 1590 1700 1669 1792; x_wconf 90' lang='lat' dir='ltr'>quia</span> <span class='ocrx_word' id='word_1_122' title='bbox 1694 1699 1829 1772; x_wconf 86' lang='lat' dir='ltr'>Arche-</span> 
     </span>
     <span class='ocr_line' id='line_1_12' title="bbox 353 1799 1827 1915; baseline 0.001 -25"><span class='ocrx_word' id='word_1_123' title='bbox 353 1822 428 1892; x_wconf 92' lang='lat' dir='ltr'>laus</span> <span class='ocrx_word' id='word_1_124' title='bbox 454 1829 616 1911; x_wconf 89' lang='lat' dir='ltr'>regnaret</span> <span class='ocrx_word' id='word_1_125' title='bbox 649 1819 682 1888; x_wconf 96' lang='lat' dir='ltr'>in</span> <span class='ocrx_word' id='word_1_126' title='bbox 715 1818 841 1889; x_wconf 89' lang='lat' dir='ltr'>ludaca</span> <span class='ocrx_word' id='word_1_127' title='bbox 873 1840 937 1912; x_wconf 90' lang='lat' dir='ltr'>pro</span> <span class='ocrx_word' id='word_1_128' title='bbox 965 1819 1105 1890; x_wconf 84' lang='lat' dir='ltr'>Herode</span> <span class='ocrx_word' id='word_1_129' title='bbox 1138 1831 1238 1915; x_wconf 89' lang='lat' dir='ltr'>patre</span> <span class='ocrx_word' id='word_1_130' title='bbox 1264 1842 1344 1905; x_wconf 90' lang='lat' dir='ltr'>suo,</span> <span class='ocrx_word' id='word_1_131' title='bbox 1372 1819 1482 1890; x_wconf 89' lang='lat' dir='ltr'>timuit</span> <span class='ocrx_word' id='word_1_132' title='bbox 1506 1821 1584 1891; x_wconf 90' lang='lat' dir='ltr'>illuc</span> <span class='ocrx_word' id='word_1_133' title='bbox 1609 1821 1673 1906; x_wconf 92' lang='lat' dir='ltr'>ire,</span> <span class='ocrx_word' id='word_1_134' title='bbox 1701 1799 1745 1890; x_wconf 73' lang='lat' dir='ltr'>et&#39;</span> <span class='ocrx_word' id='word_1_135' title='bbox 1763 1819 1827 1892; x_wconf 91' lang='lat' dir='ltr'>ad-</span> 
     </span>
     <span class='ocr_line' id='line_1_13' title="bbox 355 1931 1828 2032; baseline -0.001 -20"><span class='ocrx_word' id='word_1_136' title='bbox 355 1941 502 2012; x_wconf 89' lang='lat' dir='ltr'>monitus</span> <span class='ocrx_word' id='word_1_137' title='bbox 529 1940 562 2009; x_wconf 94' lang='lat' dir='ltr'>in</span> <span class='ocrx_word' id='word_1_138' title='bbox 595 1939 725 2009; x_wconf 90' lang='lat' dir='ltr'>somnis</span> <span class='ocrx_word' id='word_1_139' title='bbox 751 1940 897 2010; x_wconf 87' lang='lat' dir='ltr'>secessit</span> <span class='ocrx_word' id='word_1_140' title='bbox 931 1939 964 2008; x_wconf 95' lang='lat' dir='ltr'>in</span> <span class='ocrx_word' id='word_1_141' title='bbox 996 1949 1114 2032; x_wconf 85' lang='lat' dir='ltr'>partes</span> <span class='ocrx_word' id='word_1_142' title='bbox 1146 1941 1327 2013; x_wconf 84' lang='lat' dir='ltr'>Galilaeae.</span> <span class='ocrx_word' id='word_1_143' title='bbox 1379 1931 1406 1978; x_wconf 78' lang='lat'>²³</span> <span class='ocrx_word' id='word_1_144' title='bbox 1422 1941 1464 2010; x_wconf 86' lang='lat' dir='ltr'>Et</span> <span class='ocrx_word' id='word_1_145' title='bbox 1494 1940 1637 2012; x_wconf 87' lang='lat' dir='ltr'>veniens</span> <span class='ocrx_word' id='word_1_146' title='bbox 1662 1939 1828 2012; x_wconf 84' lang='lat' dir='ltr'>habitavit</span> 
     </span>
     <span class='ocr_line' id='line_1_14' title="bbox 353 2058 1828 2156; baseline -0.001 -25"><span class='ocrx_word' id='word_1_147' title='bbox 353 2063 387 2131; x_wconf 91' lang='lat' dir='ltr'>in</span> <span class='ocrx_word' id='word_1_148' title='bbox 414 2061 550 2132; x_wconf 89' lang='lat' dir='ltr'>civitate</span> <span class='ocrx_word' id='word_1_149' title='bbox 578 2081 668 2152; x_wconf 90' lang='lat' dir='ltr'>quae</span> <span class='ocrx_word' id='word_1_150' title='bbox 694 2069 838 2130; x_wconf 87' lang='lat' dir='ltr'>vocatur</span> <span class='ocrx_word' id='word_1_151' title='bbox 863 2058 1051 2146; x_wconf 89' lang='lat' dir='ltr'>Nazareth;</span> <span class='ocrx_word' id='word_1_152' title='bbox 1080 2069 1116 2131; x_wconf 92' lang='lat' dir='ltr'>ut</span> <span class='ocrx_word' id='word_1_153' title='bbox 1142 2060 1387 2156; x_wconf 87' lang='lat' dir='ltr'>adimpleretur</span> <span class='ocrx_word' id='word_1_154' title='bbox 1412 2059 1507 2153; x_wconf 91' lang='lat' dir='ltr'>quod</span> <span class='ocrx_word' id='word_1_155' title='bbox 1534 2061 1661 2132; x_wconf 89' lang='lat' dir='ltr'>dictum</span> <span class='ocrx_word' id='word_1_156' title='bbox 1688 2070 1742 2132; x_wconf 91' lang='lat' dir='ltr'>est</span> <span class='ocrx_word' id='word_1_157' title='bbox 1765 2081 1828 2153; x_wconf 89' lang='lat' dir='ltr'>per</span> 
     </span>
     <span class='ocr_line' id='line_1_15' title="bbox 353 2180 1146 2274; baseline 0.004 -24"><span class='ocrx_word' id='word_1_158' title='bbox 353 2181 542 2274; x_wconf 88' lang='lat' dir='ltr'>prophetas</span> <span class='ocrx_word' id='word_1_159' title='bbox 569 2181 730 2272; x_wconf 91' lang='lat' dir='ltr'>quoniam</span> <span class='ocrx_word' id='word_1_160' title='bbox 758 2180 932 2252; x_wconf 89' lang='lat' dir='ltr'>Nazareus</span> <span class='ocrx_word' id='word_1_161' title='bbox 958 2181 1146 2252; x_wconf 89' lang='lat' dir='ltr'>vocabitur.</span> 
     </span>
    </p>
   </div>
   <div class='ocr_carea' id='block_1_6' title="bbox 1068 2455 1116 2526">
    <p class='ocr_par' dir='ltr' id='par_1_6' title="bbox 1068 2455 1116 2526">
     <span class='ocr_line' id='line_1_16' title="bbox 1068 2455 1116 2526; baseline -0.021 0"><span class='ocrx_word' id='word_1_162' title='bbox 1068 2455 1116 2526; x_wconf 93' lang='lat' dir='ltr'>lll.</span> 
     </span>
    </p>
   </div>
   <div class='ocr_carea' id='block_1_7' title="bbox 430 2651 1967 2758">
    <p class='ocr_par' dir='ltr' id='par_1_7' title="bbox 430 2651 1967 2758">
     <span class='ocr_line' id='line_1_17' title="bbox 430 2651 1967 2758; baseline 0.003 -27"><span class='ocrx_word' id='word_1_163' title='bbox 430 2658 518 2712; x_wconf 74' lang='lat' dir='ltr'>roa.)</span> <span class='ocrx_word' id='word_1_164' title='bbox 536 2665 572 2734; x_wconf 94' lang='lat' dir='ltr'>ln</span> <span class='ocrx_word' id='word_1_165' title='bbox 599 2663 722 2736; x_wconf 87' lang='lat' dir='ltr'>dicbus</span> <span class='ocrx_word' id='word_1_166' title='bbox 749 2671 864 2734; x_wconf 92' lang='lat' dir='ltr'>autem</span> <span class='ocrx_word' id='word_1_167' title='bbox 890 2663 954 2734; x_wconf 93' lang='lat' dir='ltr'>illis</span> <span class='ocrx_word' id='word_1_168' title='bbox 980 2663 1073 2734; x_wconf 92' lang='lat' dir='ltr'>venit</span> <span class='ocrx_word' id='word_1_169' title='bbox 1099 2663 1268 2734; x_wconf 90' lang='lat' dir='ltr'>lohannes</span> <span class='ocrx_word' id='word_1_170' title='bbox 1293 2662 1444 2756; x_wconf 85' lang='lat' dir='ltr'>baptista</span> <span class='ocrx_word' id='word_1_171' title='bbox 1470 2662 1676 2758; x_wconf 91' lang='lat' dir='ltr'>praedicans</span> <span class='ocrx_word' id='word_1_172' title='bbox 1702 2663 1736 2734; x_wconf 96' lang='lat' dir='ltr'>in</span> <span class='ocrx_word' id='word_1_173' title='bbox 1761 2661 1826 2734; x_wconf 89' lang='lat' dir='ltr'>de·-</span> <span class='ocrx_word' id='word_1_174' title='bbox 1962 2651 1967 2668; x_wconf 62' lang='lat'>⁸</span> 
     </span>
    </p>
   </div>
   <div class='ocr_carea' id='block_1_8' title="bbox 270 2777 1829 5166">
    <p class='ocr_par' dir='ltr' id='par_1_8' title="bbox 270 2777 1829 5166">
     <span class='ocr_line' id='line_1_18' title="bbox 355 2777 1826 2882; baseline -0.002 -25"><span class='ocrx_word' id='word_1_175' title='bbox 355 2796 449 2857; x_wconf 88' lang='lat' dir='ltr'>serto</span> <span class='ocrx_word' id='word_1_176' title='bbox 475 2785 625 2857; x_wconf 87' lang='lat' dir='ltr'>Iudaeae</span> <span class='ocrx_word' id='word_1_177' title='bbox 676 2777 744 2854; x_wconf 69' lang='lat' dir='ltr'>2et</span> <span class='ocrx_word' id='word_1_178' title='bbox 778 2782 897 2855; x_wconf 88' lang='lat' dir='ltr'>dicens</span> <span class='ocrx_word' id='word_1_179' title='bbox 924 2783 1168 2856; x_wconf 89' lang='lat' dir='ltr'>Paenitentiam</span> <span class='ocrx_word' id='word_1_180' title='bbox 1196 2784 1303 2876; x_wconf 88' lang='lat' dir='ltr'>agite:</span> <span class='ocrx_word' id='word_1_181' title='bbox 1338 2783 1626 2882; x_wconf 74' lang='lat' dir='ltr'>adpropinquavit</span> <span class='ocrx_word' id='word_1_182' title='bbox 1652 2785 1741 2856; x_wconf 88' lang='lat' dir='ltr'>enim</span> <span class='ocrx_word' id='word_1_183' title='bbox 1768 2803 1826 2854; x_wconf 92' lang='lat' dir='ltr'>re-</span> 
     </span>
     <span class='ocr_line' id='line_1_19' title="bbox 353 2894 1827 2999; baseline -0.001 -23"><span class='ocrx_word' id='word_1_184' title='bbox 353 2929 457 2998; x_wconf 87' lang='lat' dir='ltr'>gnum</span> <span class='ocrx_word' id='word_1_185' title='bbox 484 2906 669 2978; x_wconf 89' lang='lat' dir='ltr'>caelorum.</span> <span class='ocrx_word' id='word_1_186' title='bbox 721 2894 810 2950; x_wconf 45' lang='grc' dir='ltr'>ψ)</span> <span class='ocrx_word' id='word_1_187' title='bbox 827 2903 889 2974; x_wconf 89' lang='lat' dir='ltr'>Hic</span> <span class='ocrx_word' id='word_1_188' title='bbox 914 2914 970 2976; x_wconf 90' lang='lat' dir='ltr'>est</span> <span class='ocrx_word' id='word_1_189' title='bbox 995 2904 1085 2976; x_wconf 89' lang='lat' dir='ltr'>enirn</span> <span class='ocrx_word' id='word_1_190' title='bbox 1113 2905 1170 2996; x_wconf 92' lang='lat' dir='ltr'>qui</span> <span class='ocrx_word' id='word_1_191' title='bbox 1196 2903 1307 2976; x_wconf 92' lang='lat' dir='ltr'>dictus</span> <span class='ocrx_word' id='word_1_192' title='bbox 1334 2913 1388 2975; x_wconf 89' lang='lat' dir='ltr'>est</span> <span class='ocrx_word' id='word_1_193' title='bbox 1413 2905 1639 2997; x_wconf 84' lang='lat' dir='ltr'>perEsaiam</span> <span class='ocrx_word' id='word_1_194' title='bbox 1673 2903 1827 2999; x_wconf 87' lang='lat' dir='ltr'>prophe·</span> 
     </span>
     <span class='ocr_line' id='line_1_20' title="bbox 353 3023 1828 3110; baseline -0.001 -14"><span class='ocrx_word' id='word_1_195' title='bbox 353 3037 420 3098; x_wconf 91' lang='lat' dir='ltr'>tam</span> <span class='ocrx_word' id='word_1_196' title='bbox 448 3026 619 3098; x_wconf 87' lang='lat' dir='ltr'>dicentem</span> <span class='ocrx_word' id='word_1_197' title='bbox 646 3025 724 3095; x_wconf 84' lang='lat' dir='ltr'>Vox</span> <span class='ocrx_word' id='word_1_198' title='bbox 750 3023 925 3096; x_wconf 88' lang='lat' dir='ltr'>clamantis</span> <span class='ocrx_word' id='word_1_199' title='bbox 951 3025 985 3096; x_wconf 93' lang='lat' dir='ltr'>in</span> <span class='ocrx_word' id='word_1_200' title='bbox 1010 3024 1152 3096; x_wconf 89' lang='lat' dir='ltr'>deserto</span> <span class='ocrx_word' id='word_1_201' title='bbox 1179 3025 1301 3096; x_wconf 90' lang='lat' dir='ltr'>Parate</span> <span class='ocrx_word' id='word_1_202' title='bbox 1318 3025 1410 3096; x_wconf 87' lang='lat' dir='ltr'>viam</span> <span class='ocrx_word' id='word_1_203' title='bbox 1428 3025 1566 3110; x_wconf 87' lang='lat' dir='ltr'>domini,</span> <span class='ocrx_word' id='word_1_204' title='bbox 1592 3035 1705 3096; x_wconf 87' lang='lat' dir='ltr'>rectas</span> <span class='ocrx_word' id='word_1_205' title='bbox 1728 3025 1828 3096; x_wconf 82' lang='lat' dir='ltr'>facite</span> 
     </span>
     <span class='ocr_line' id='line_1_21' title="bbox 354 3134 1827 3240; baseline 0 -24"><span class='ocrx_word' id='word_1_206' title='bbox 354 3147 494 3218; x_wconf 89' lang='lat' dir='ltr'>semitas</span> <span class='ocrx_word' id='word_1_207' title='bbox 520 3147 603 3218; x_wconf 89' lang='lat' dir='ltr'>eius.</span> <span class='ocrx_word' id='word_1_208' title='bbox 655 3134 745 3192; x_wconf 58' lang='lat'>“²⁶5</span> <span class='ocrx_word' id='word_1_209' title='bbox 763 3145 840 3238; x_wconf 90' lang='lat' dir='ltr'>lpse</span> <span class='ocrx_word' id='word_1_210' title='bbox 867 3155 981 3216; x_wconf 89' lang='lat' dir='ltr'>autem</span> <span class='ocrx_word' id='word_1_211' title='bbox 1013 3145 1183 3217; x_wconf 88' lang='lat' dir='ltr'>lohannes</span> <span class='ocrx_word' id='word_1_212' title='bbox 1216 3145 1369 3217; x_wconf 89' lang='lat' dir='ltr'>babebat</span> <span class='ocrx_word' id='word_1_213' title='bbox 1399 3145 1639 3218; x_wconf 80' lang='lat' dir='ltr'>vestimentum</span> <span class='ocrx_word' id='word_1_214' title='bbox 1674 3145 1720 3218; x_wconf 93' lang='lat' dir='ltr'>de</span> <span class='ocrx_word' id='word_1_215' title='bbox 1753 3145 1827 3240; x_wconf 88' lang='lat' dir='ltr'>pilis</span> 
     </span>
     <span class='ocr_line' id='line_1_22' title="bbox 353 3265 1829 3359; baseline 0.001 -22"><span class='ocrx_word' id='word_1_216' title='bbox 353 3268 563 3340; x_wconf 87' lang='lat' dir='ltr'>camelorum</span> <span class='ocrx_word' id='word_1_217' title='bbox 591 3277 626 3338; x_wconf 89' lang='lat' dir='ltr'>et</span> <span class='ocrx_word' id='word_1_218' title='bbox 651 3287 775 3338; x_wconf 89' lang='lat' dir='ltr'>zonam</span> <span class='ocrx_word' id='word_1_219' title='bbox 801 3265 969 3359; x_wconf 89' lang='lat' dir='ltr'>pelliciam</span> <span class='ocrx_word' id='word_1_220' title='bbox 996 3266 1087 3338; x_wconf 88' lang='lat' dir='ltr'>cirea</span> <span class='ocrx_word' id='word_1_221' title='bbox 1113 3265 1251 3337; x_wconf 90' lang='lat' dir='ltr'>lumbos</span> <span class='ocrx_word' id='word_1_222' title='bbox 1276 3265 1368 3351; x_wconf 87' lang='lat' dir='ltr'>cius;</span> <span class='ocrx_word' id='word_1_223' title='bbox 1403 3287 1485 3338; x_wconf 92' lang='lat' dir='ltr'>esca</span> <span class='ocrx_word' id='word_1_224' title='bbox 1511 3275 1625 3338; x_wconf 88' lang='lat' dir='ltr'>autem</span> <span class='ocrx_word' id='word_1_225' title='bbox 1652 3266 1727 3338; x_wconf 89' lang='lat' dir='ltr'>eius</span> <span class='ocrx_word' id='word_1_226' title='bbox 1754 3275 1829 3338; x_wconf 92' lang='lat' dir='ltr'>erat</span> 
     </span>
     <span class='ocr_line' id='line_1_23' title="bbox 352 3378 1828 3481; baseline 0 -25"><span class='ocrx_word' id='word_1_227' title='bbox 352 3388 503 3460; x_wconf 89' lang='lat' dir='ltr'>lucustae</span> <span class='ocrx_word' id='word_1_228' title='bbox 531 3389 660 3460; x_wconf 87' lang='lat' dir='ltr'>etmel</span> <span class='ocrx_word' id='word_1_229' title='bbox 687 3387 854 3457; x_wconf 89' lang='lat' dir='ltr'>silvestre.</span> <span class='ocrx_word' id='word_1_230' title='bbox 907 3378 1029 3457; x_wconf 65' lang='grc' dir='ltr'>ὅΤιιιιιι</span> <span class='ocrx_word' id='word_1_231' title='bbox 1055 3385 1196 3458; x_wconf 83' lang='lat' dir='ltr'>exiebat</span> <span class='ocrx_word' id='word_1_232' title='bbox 1221 3385 1268 3456; x_wconf 91' lang='lat' dir='ltr'>ad</span> <span class='ocrx_word' id='word_1_233' title='bbox 1294 3406 1373 3456; x_wconf 89' lang='lat' dir='ltr'>eum</span> <span class='ocrx_word' id='word_1_234' title='bbox 1399 3385 1640 3481; x_wconf 81' lang='lat' dir='ltr'>Hierosolyma</span> <span class='ocrx_word' id='word_1_235' title='bbox 1657 3396 1693 3456; x_wconf 94' lang='lat' dir='ltr'>et</span> <span class='ocrx_word' id='word_1_236' title='bbox 1716 3385 1828 3457; x_wconf 92' lang='lat' dir='ltr'>omnis</span> 
     </span>
     <span class='ocr_line' id='line_1_24' title="bbox 351 3497 1828 3599; baseline -0.001 -21"><span class='ocrx_word' id='word_1_237' title='bbox 351 3508 479 3582; x_wconf 88' lang='lat' dir='ltr'>iudaea</span> <span class='ocrx_word' id='word_1_238' title='bbox 505 3519 540 3580; x_wconf 90' lang='lat' dir='ltr'>et</span> <span class='ocrx_word' id='word_1_239' title='bbox 575 3508 686 3580; x_wconf 90' lang='lat' dir='ltr'>omnis</span> <span class='ocrx_word' id='word_1_240' title='bbox 722 3507 819 3599; x_wconf 88' lang='lat' dir='ltr'>regio</span> <span class='ocrx_word' id='word_1_241' title='bbox 854 3506 982 3578; x_wconf 88' lang='lat' dir='ltr'>circum</span> <span class='ocrx_word' id='word_1_242' title='bbox 1014 3507 1193 3591; x_wconf 86' lang='lat' dir='ltr'>Iordanen,</span> <span class='ocrx_word' id='word_1_243' title='bbox 1237 3497 1304 3576; x_wconf 81' lang='lat' dir='ltr'>⁶et</span> <span class='ocrx_word' id='word_1_244' title='bbox 1334 3505 1596 3599; x_wconf 86' lang='lat' dir='ltr'>baptizabantur</span> <span class='ocrx_word' id='word_1_245' title='bbox 1622 3506 1657 3576; x_wconf 95' lang='lat' dir='ltr'>in</span> <span class='ocrx_word' id='word_1_246' title='bbox 1681 3505 1828 3576; x_wconf 89' lang='lat' dir='ltr'>Iordane</span> 
     </span>
     <span class='ocr_line' id='line_1_25' title="bbox 270 3619 1828 3720; baseline -0.001 -22"><span class='ocrx_word' id='word_1_247' title='bbox 270 3627 277 3644; x_wconf 86' lang='lat'>&#39;</span> <span class='ocrx_word' id='word_1_248' title='bbox 351 3630 396 3700; x_wconf 90' lang='lat' dir='ltr'>ab</span> <span class='ocrx_word' id='word_1_249' title='bbox 424 3651 468 3699; x_wconf 91' lang='lat' dir='ltr'>ao</span> <span class='ocrx_word' id='word_1_250' title='bbox 496 3627 698 3699; x_wconf 89' lang='lat' dir='ltr'>confitentes</span> <span class='ocrx_word' id='word_1_251' title='bbox 724 3636 869 3720; x_wconf 91' lang='lat' dir='ltr'>peccata</span> <span class='ocrx_word' id='word_1_252' title='bbox 895 3648 967 3699; x_wconf 91' lang='lat' dir='ltr'>sua.</span> <span class='ocrx_word' id='word_1_253' title='bbox 1020 3619 1115 3674; x_wconf 51' lang='lat'>&#39;‘¹⁰¹⁸‘&#39;</span> <span class='ocrx_word' id='word_1_254' title='bbox 1133 3625 1262 3700; x_wconf 85' lang='lat' dir='ltr'>Vidsns</span> <span class='ocrx_word' id='word_1_255' title='bbox 1288 3635 1403 3697; x_wconf 88' lang='lat' dir='ltr'>autern</span> <span class='ocrx_word' id='word_1_256' title='bbox 1421 3627 1546 3698; x_wconf 92' lang='lat' dir='ltr'>multos</span> <span class='ocrx_word' id='word_1_257' title='bbox 1564 3625 1828 3698; x_wconf 85' lang='lat' dir='ltr'>Pharisaeorum</span> 
     </span>
     <span class='ocr_line' id='line_1_26' title="bbox 351 3733 1827 3842; baseline -0.001 -24"><span class='ocrx_word' id='word_1_258' title='bbox 351 3761 387 3819; x_wconf 89' lang='lat' dir='ltr'>et</span> <span class='ocrx_word' id='word_1_259' title='bbox 413 3748 697 3822; x_wconf 87' lang='lat' dir='ltr'>Sadducaeorum</span> <span class='ocrx_word' id='word_1_260' title='bbox 723 3746 901 3818; x_wconf 83' lang='lat' dir='ltr'>venientes</span> <span class='ocrx_word' id='word_1_261' title='bbox 931 3747 978 3818; x_wconf 90' lang='lat' dir='ltr'>ad</span> <span class='ocrx_word' id='word_1_262' title='bbox 1004 3747 1213 3842; x_wconf 88' lang='lat' dir='ltr'>baptismum</span> <span class='ocrx_word' id='word_1_263' title='bbox 1239 3769 1339 3818; x_wconf 91' lang='lat' dir='ltr'>suum</span> <span class='ocrx_word' id='word_1_264' title='bbox 1365 3745 1451 3817; x_wconf 83' lang='lat' dir='ltr'>dixit</span> <span class='ocrx_word' id='word_1_265' title='bbox 1482 3747 1533 3818; x_wconf 91' lang='lat' dir='ltr'>eis</span> <span class='ocrx_word' id='word_1_266' title='bbox 1559 3733 1749 3839; x_wconf 88' lang='lat' dir='ltr'>Progenies</span> <span class='ocrx_word' id='word_1_267' title='bbox 1774 3745 1827 3817; x_wconf 90' lang='lat' dir='ltr'>vi-</span> 
     </span>
     <span class='ocr_line' id='line_1_27' title="bbox 351 3857 1827 3962; baseline -0.003 -22"><span class='ocrx_word' id='word_1_268' title='bbox 351 3891 527 3962; x_wconf 90' lang='lat' dir='ltr'>perarum,</span> <span class='ocrx_word' id='word_1_269' title='bbox 555 3869 631 3962; x_wconf 89' lang='lat' dir='ltr'>quis</span> <span class='ocrx_word' id='word_1_270' title='bbox 663 3867 914 3938; x_wconf 88' lang='lat' dir='ltr'>demonstravit</span> <span class='ocrx_word' id='word_1_271' title='bbox 946 3867 1050 3940; x_wconf 91' lang='lat' dir='ltr'>vobis</span> <span class='ocrx_word' id='word_1_272' title='bbox 1082 3871 1203 3962; x_wconf 87' lang='lat' dir='ltr'>lugere</span> <span class='ocrx_word' id='word_1_273' title='bbox 1236 3888 1258 3938; x_wconf 95' lang='lat' dir='ltr'>a</span> <span class='ocrx_word' id='word_1_274' title='bbox 1290 3867 1402 3938; x_wconf 90' lang='lat' dir='ltr'>lutura</span> <span class='ocrx_word' id='word_1_275' title='bbox 1433 3867 1506 3938; x_wconf 81' lang='lat' dir='ltr'>ira?</span> <span class='ocrx_word' id='word_1_276' title='bbox 1563 3857 1709 3940; x_wconf 81' lang='lat' dir='ltr'>⁸Facite</span> <span class='ocrx_word' id='word_1_277' title='bbox 1741 3887 1827 3959; x_wconf 87' lang='lat' dir='ltr'>crgo</span> 
     </span>
     <span class='ocr_line' id='line_1_28' title="bbox 350 3980 1825 4082; baseline -0.002 -23"><span class='ocrx_word' id='word_1_278' title='bbox 350 3991 495 4060; x_wconf 84' lang='lat' dir='ltr'>fructum</span> <span class='ocrx_word' id='word_1_279' title='bbox 527 3990 668 4082; x_wconf 89' lang='lat' dir='ltr'>dignum</span> <span class='ocrx_word' id='word_1_280' title='bbox 699 3987 944 4082; x_wconf 90' lang='lat' dir='ltr'>paenitentiae,</span> <span class='ocrx_word' id='word_1_281' title='bbox 1004 3980 1070 4060; x_wconf 69' lang='lat' dir='ltr'>⁹et</span> <span class='ocrx_word' id='word_1_282' title='bbox 1103 4009 1147 4058; x_wconf 88' lang='lat' dir='ltr'>ne</span> <span class='ocrx_word' id='word_1_283' title='bbox 1181 3986 1293 4058; x_wconf 88' lang='lat' dir='ltr'>velitis</span> <span class='ocrx_word' id='word_1_284' title='bbox 1325 3986 1443 4058; x_wconf 89' lang='lat' dir='ltr'>dicere</span> <span class='ocrx_word' id='word_1_285' title='bbox 1474 3985 1561 4060; x_wconf 91' lang='lat' dir='ltr'>intra</span> <span class='ocrx_word' id='word_1_286' title='bbox 1592 4007 1658 4058; x_wconf 87' lang='lat' dir='ltr'>vos</span> <span class='ocrx_word' id='word_1_287' title='bbox 1689 3986 1825 4058; x_wconf 89' lang='lat' dir='ltr'>Patrem</span> 
     </span>
     <span class='ocr_line' id='line_1_29' title="bbox 351 4105 1829 4201; baseline -0.001 -22"><span class='ocrx_word' id='word_1_288' title='bbox 351 4109 521 4182; x_wconf 87' lang='lat' dir='ltr'>babemus</span> <span class='ocrx_word' id='word_1_289' title='bbox 553 4107 747 4180; x_wconf 80' lang='lat' dir='ltr'>Abrabam:</span> <span class='ocrx_word' id='word_1_290' title='bbox 784 4107 864 4180; x_wconf 91' lang='lat' dir='ltr'>dico</span> <span class='ocrx_word' id='word_1_291' title='bbox 895 4108 985 4178; x_wconf 87' lang='lat' dir='ltr'>onim</span> <span class='ocrx_word' id='word_1_292' title='bbox 1012 4108 1113 4180; x_wconf 93' lang='lat' dir='ltr'>vobis</span> <span class='ocrx_word' id='word_1_293' title='bbox 1140 4107 1301 4201; x_wconf 90' lang='lat' dir='ltr'>quoniam</span> <span class='ocrx_word' id='word_1_294' title='bbox 1328 4116 1445 4200; x_wconf 89' lang='lat' dir='ltr'>potest</span> <span class='ocrx_word' id='word_1_295' title='bbox 1470 4105 1558 4178; x_wconf 87' lang='lat' dir='ltr'>deus</span> <span class='ocrx_word' id='word_1_296' title='bbox 1584 4105 1630 4178; x_wconf 91' lang='lat' dir='ltr'>dc</span> <span class='ocrx_word' id='word_1_297' title='bbox 1655 4107 1829 4200; x_wconf 90' lang='lat' dir='ltr'>lapidibus</span> 
     </span>
     <span class='ocr_line' id='line_1_30' title="bbox 350 4219 1827 4302; baseline -0.001 -3"><span class='ocrx_word' id='word_1_298' title='bbox 350 4229 426 4300; x_wconf 88' lang='lat' dir='ltr'>istis&#39;</span> <span class='ocrx_word' id='word_1_299' title='bbox 450 4229 616 4302; x_wconf 91' lang='lat' dir='ltr'>suscitare</span> <span class='ocrx_word' id='word_1_300' title='bbox 642 4227 731 4300; x_wconf 89' lang='lat' dir='ltr'>lilios</span> <span class='ocrx_word' id='word_1_301' title='bbox 756 4225 942 4300; x_wconf 81' lang='lat' dir='ltr'>Abrabam.</span> <span class='ocrx_word' id='word_1_302' title='bbox 994 4219 1021 4264; x_wconf 81' lang='lat'>⁴⁰</span> <span class='ocrx_word' id='word_1_303' title='bbox 1037 4228 1108 4300; x_wconf 90' lang='lat' dir='ltr'>lam</span> <span class='ocrx_word' id='word_1_304' title='bbox 1136 4229 1227 4300; x_wconf 77' lang='lat' dir='ltr'>emm</span> <span class='ocrx_word' id='word_1_305' title='bbox 1252 4228 1384 4302; x_wconf 90' lang='lat' dir='ltr'>securis</span> <span class='ocrx_word' id='word_1_306' title='bbox 1411 4225 1457 4298; x_wconf 90' lang='lat' dir='ltr'>ad</span> <span class='ocrx_word' id='word_1_307' title='bbox 1483 4224 1636 4298; x_wconf 89' lang='lat' dir='ltr'>radicem</span> <span class='ocrx_word' id='word_1_308' title='bbox 1664 4227 1827 4299; x_wconf 88' lang='lat' dir='ltr'>arborum</span> 
     </span>
     <span class='ocr_line' id='line_1_31' title="bbox 350 4345 1827 4442; baseline -0.003 -22"><span class='ocrx_word' id='word_1_309' title='bbox 350 4350 463 4442; x_wconf 90' lang='lat' dir='ltr'>posita</span> <span class='ocrx_word' id='word_1_310' title='bbox 490 4359 559 4434; x_wconf 89' lang='lat' dir='ltr'>cst;</span> <span class='ocrx_word' id='word_1_311' title='bbox 594 4349 706 4420; x_wconf 90' lang='lat' dir='ltr'>omnis</span> <span class='ocrx_word' id='word_1_312' title='bbox 740 4369 825 4440; x_wconf 86' lang='lat' dir='ltr'>ergo</span> <span class='ocrx_word' id='word_1_313' title='bbox 859 4347 964 4420; x_wconf 90' lang='lat' dir='ltr'>arbor</span> <span class='ocrx_word' id='word_1_314' title='bbox 990 4369 1081 4440; x_wconf 87' lang='lat' dir='ltr'>quae</span> <span class='ocrx_word' id='word_1_315' title='bbox 1112 4369 1183 4419; x_wconf 93' lang='lat' dir='ltr'>non</span> <span class='ocrx_word' id='word_1_316' title='bbox 1208 4349 1287 4420; x_wconf 89' lang='lat' dir='ltr'>lacit</span> <span class='ocrx_word' id='word_1_317' title='bbox 1312 4349 1457 4419; x_wconf 90' lang='lat' dir='ltr'>lructum</span> <span class='ocrx_word' id='word_1_318' title='bbox 1491 4346 1621 4418; x_wconf 90' lang='lat' dir='ltr'>bonum</span> <span class='ocrx_word' id='word_1_319' title='bbox 1647 4345 1827 4418; x_wconf 85' lang='lat' dir='ltr'>excidetur</span> 
     </span>
     <span class='ocr_line' id='line_1_32' title="bbox 350 4458 1825 4562; baseline -0.001 -22"><span class='ocrx_word' id='word_1_320' title='bbox 350 4480 387 4540; x_wconf 90' lang='lat' dir='ltr'>et</span> <span class='ocrx_word' id='word_1_321' title='bbox 411 4469 445 4540; x_wconf 93' lang='lat' dir='ltr'>in</span> <span class='ocrx_word' id='word_1_322' title='bbox 471 4469 585 4561; x_wconf 87' lang='lat' dir='ltr'>ignem</span> <span class='ocrx_word' id='word_1_323' title='bbox 612 4469 770 4539; x_wconf 86' lang='lat' dir='ltr'>mittetur.</span> <span class='ocrx_word' id='word_1_324' title='bbox 823 4459 845 4504; x_wconf 76' lang='lat'>⁴¹</span> <span class='ocrx_word' id='word_1_325' title='bbox 862 4458 938 4515; x_wconf 53' lang='grc' dir='ltr'>(Μ)</span> <span class='ocrx_word' id='word_1_326' title='bbox 954 4469 1030 4560; x_wconf 83' lang='lat' dir='ltr'>Ego</span> <span class='ocrx_word' id='word_1_327' title='bbox 1064 4468 1202 4562; x_wconf 87' lang='lat' dir='ltr'>quidam</span> <span class='ocrx_word' id='word_1_328' title='bbox 1235 4490 1301 4540; x_wconf 82' lang='lat' dir='ltr'>vos</span> <span class='ocrx_word' id='word_1_329' title='bbox 1331 4467 1471 4562; x_wconf 89' lang='lat' dir='ltr'>baptizo</span> <span class='ocrx_word' id='word_1_330' title='bbox 1502 4467 1536 4538; x_wconf 92' lang='lat' dir='ltr'>in</span> <span class='ocrx_word' id='word_1_331' title='bbox 1563 4489 1654 4560; x_wconf 91' lang='lat' dir='ltr'>aqua</span> <span class='ocrx_word' id='word_1_332' title='bbox 1679 4467 1713 4536; x_wconf 92' lang='lat' dir='ltr'>in</span> <span class='ocrx_word' id='word_1_333' title='bbox 1738 4487 1825 4561; x_wconf 89' lang='lat' dir='ltr'>pac-</span> 
     </span>
     <span class='ocr_line' id='line_1_33' title="bbox 350 4587 1827 4680; baseline -0.002 -20"><span class='ocrx_word' id='word_1_334' title='bbox 350 4589 543 4675; x_wconf 87' lang='lat' dir='ltr'>nitcntiam;</span> <span class='ocrx_word' id='word_1_335' title='bbox 586 4589 643 4680; x_wconf 93' lang='lat' dir='ltr'>qui</span> <span class='ocrx_word' id='word_1_336' title='bbox 677 4596 792 4660; x_wconf 90' lang='lat' dir='ltr'>autem</span> <span class='ocrx_word' id='word_1_337' title='bbox 827 4597 907 4680; x_wconf 91' lang='lat' dir='ltr'>post</span> <span class='ocrx_word' id='word_1_338' title='bbox 939 4609 996 4660; x_wconf 89' lang='lat' dir='ltr'>mc</span> <span class='ocrx_word' id='word_1_339' title='bbox 1021 4597 1185 4660; x_wconf 88' lang='lat' dir='ltr'>venturus</span> <span class='ocrx_word' id='word_1_340' title='bbox 1218 4599 1282 4674; x_wconf 87' lang='lat' dir='ltr'>est,</span> <span class='ocrx_word' id='word_1_341' title='bbox 1317 4588 1437 4660; x_wconf 83' lang='lat' dir='ltr'>sortior</span> <span class='ocrx_word' id='word_1_342' title='bbox 1462 4609 1519 4659; x_wconf 90' lang='lat' dir='ltr'>me</span> <span class='ocrx_word' id='word_1_343' title='bbox 1546 4597 1608 4672; x_wconf 88' lang='lat' dir='ltr'>est,</span> <span class='ocrx_word' id='word_1_344' title='bbox 1637 4587 1732 4658; x_wconf 89' lang='lat' dir='ltr'>cuius</span> <span class='ocrx_word' id='word_1_345' title='bbox 1758 4609 1827 4658; x_wconf 92' lang='lat' dir='ltr'>non</span> 
     </span>
     <span class='ocr_line' id='line_1_34' title="bbox 351 4707 1829 4803; baseline -0.003 -23"><span class='ocrx_word' id='word_1_346' title='bbox 351 4732 427 4780; x_wconf 90' lang='lat' dir='ltr'>sum</span> <span class='ocrx_word' id='word_1_347' title='bbox 454 4709 575 4803; x_wconf 86' lang='lat' dir='ltr'>dignus</span> <span class='ocrx_word' id='word_1_348' title='bbox 602 4708 826 4781; x_wconf 90' lang='lat' dir='ltr'>calciamenta</span> <span class='ocrx_word' id='word_1_349' title='bbox 852 4717 1009 4802; x_wconf 90' lang='lat' dir='ltr'>portare:</span> <span class='ocrx_word' id='word_1_350' title='bbox 1036 4709 1112 4802; x_wconf 93' lang='lat' dir='ltr'>ipse</span> <span class='ocrx_word' id='word_1_351' title='bbox 1137 4731 1203 4781; x_wconf 86' lang='lat' dir='ltr'>vos</span> <span class='ocrx_word' id='word_1_352' title='bbox 1228 4709 1416 4802; x_wconf 90' lang='lat' dir='ltr'>baptizavit</span> <span class='ocrx_word' id='word_1_353' title='bbox 1440 4709 1475 4779; x_wconf 94' lang='lat' dir='ltr'>in</span> <span class='ocrx_word' id='word_1_354' title='bbox 1500 4707 1619 4801; x_wconf 90' lang='lat' dir='ltr'>spiritu</span> <span class='ocrx_word' id='word_1_355' title='bbox 1645 4719 1766 4779; x_wconf 91' lang='lat' dir='ltr'>sancto</span> <span class='ocrx_word' id='word_1_356' title='bbox 1793 4715 1829 4778; x_wconf 90' lang='lat' dir='ltr'>et</span> 
     </span>
     <span class='ocr_line' id='line_1_35' title="bbox 351 4821 1826 4923; baseline 0.001 -26"><span class='ocrx_word' id='word_1_357' title='bbox 351 4829 430 4920; x_wconf 90' lang='lat' dir='ltr'>igni.</span> <span class='ocrx_word' id='word_1_358' title='bbox 481 4821 507 4868; x_wconf 81' lang='lat'>⁴²</span> <span class='ocrx_word' id='word_1_359' title='bbox 520 4821 596 4876; x_wconf 56' lang='grc' dir='ltr'>(Μ)</span> <span class='ocrx_word' id='word_1_360' title='bbox 616 4829 717 4902; x_wconf 89' lang='lat' dir='ltr'>Cuius</span> <span class='ocrx_word' id='word_1_361' title='bbox 755 4828 983 4902; x_wconf 87' lang='lat' dir='ltr'>ventilabrum</span> <span class='ocrx_word' id='word_1_362' title='bbox 1025 4830 1059 4900; x_wconf 94' lang='lat' dir='ltr'>in</span> <span class='ocrx_word' id='word_1_363' title='bbox 1098 4851 1201 4900; x_wconf 91' lang='lat' dir='ltr'>manu</span> <span class='ocrx_word' id='word_1_364' title='bbox 1243 4851 1322 4914; x_wconf 89' lang='lat' dir='ltr'>sua,</span> <span class='ocrx_word' id='word_1_365' title='bbox 1363 4839 1398 4902; x_wconf 89' lang='lat' dir='ltr'>et</span> <span class='ocrx_word' id='word_1_366' title='bbox 1435 4827 1675 4923; x_wconf 86' lang='lat' dir='ltr'>permundavit</span> <span class='ocrx_word' id='word_1_367' title='bbox 1707 4849 1826 4900; x_wconf 88' lang='lat' dir='ltr'>aream</span> 
     </span>
     <span class='ocr_line' id='line_1_36' title="bbox 352 4949 1828 5046; baseline -0.001 -25"><span class='ocrx_word' id='word_1_368' title='bbox 352 4971 460 5035; x_wconf 88' lang='lat' dir='ltr'>suarn,</span> <span class='ocrx_word' id='word_1_369' title='bbox 489 4959 524 5022; x_wconf 94' lang='lat' dir='ltr'>et</span> <span class='ocrx_word' id='word_1_370' title='bbox 551 4949 776 5046; x_wconf 85' lang='lat' dir='ltr'>congregabit</span> <span class='ocrx_word' id='word_1_371' title='bbox 801 4949 945 5022; x_wconf 88' lang='lat' dir='ltr'>triticum</span> <span class='ocrx_word' id='word_1_372' title='bbox 973 4973 1072 5022; x_wconf 90' lang='lat' dir='ltr'>suum</span> <span class='ocrx_word' id='word_1_373' title='bbox 1098 4949 1133 5020; x_wconf 92' lang='lat' dir='ltr'>in</span> <span class='ocrx_word' id='word_1_374' title='bbox 1158 4950 1332 5035; x_wconf 88' lang='lat' dir='ltr'>horreum,</span> <span class='ocrx_word' id='word_1_375' title='bbox 1358 4949 1479 5042; x_wconf 90' lang='lat' dir='ltr'>paleas</span> <span class='ocrx_word' id='word_1_376' title='bbox 1506 4957 1621 5020; x_wconf 89' lang='lat' dir='ltr'>autem</span> <span class='ocrx_word' id='word_1_377' title='bbox 1647 4949 1828 5020; x_wconf 87' lang='lat' dir='ltr'>comburet</span> 
     </span>
     <span class='ocr_line' id='line_1_37' title="bbox 351 5061 1828 5166; baseline 0.001 -28"><span class='ocrx_word' id='word_1_378' title='bbox 351 5069 421 5161; x_wconf 91' lang='lat' dir='ltr'>igni</span> <span class='ocrx_word' id='word_1_379' title='bbox 454 5071 708 5166; x_wconf 89' lang='lat' dir='ltr'>inextinguibili.</span> <span class='ocrx_word' id='word_1_380' title='bbox 761 5061 787 5108; x_wconf 76' lang='lat'>⁴³</span> <span class='ocrx_word' id='word_1_381' title='bbox 800 5061 886 5120; x_wconf 56' lang='grc' dir='ltr'>(Μ’)</span> <span class='ocrx_word' id='word_1_382' title='bbox 905 5070 1000 5142; x_wconf 90' lang='lat' dir='ltr'>Tunc</span> <span class='ocrx_word' id='word_1_383' title='bbox 1024 5069 1117 5140; x_wconf 91' lang='lat' dir='ltr'>venit</span> <span class='ocrx_word' id='word_1_384' title='bbox 1147 5069 1242 5142; x_wconf 85' lang='lat' dir='ltr'>lesus</span> <span class='ocrx_word' id='word_1_385' title='bbox 1276 5093 1297 5143; x_wconf 90' lang='lat' dir='ltr'>a</span> <span class='ocrx_word' id='word_1_386' title='bbox 1331 5069 1482 5142; x_wconf 88' lang='lat' dir='ltr'>Galilaea</span> <span class='ocrx_word' id='word_1_387' title='bbox 1513 5069 1547 5140; x_wconf 91' lang='lat' dir='ltr'>in</span> <span class='ocrx_word' id='word_1_388' title='bbox 1576 5069 1749 5146; x_wconf 86' lang='lat' dir='ltr'>Iordanen</span> <span class='ocrx_word' id='word_1_389' title='bbox 1781 5067 1828 5142; x_wconf 91' lang='lat' dir='ltr'>ad</span> 
     </span>
    </p>
   </div>
   <div class='ocr_carea' id='block_1_9' title="bbox 350 5179 1827 5396">
    <p class='ocr_par' dir='ltr' id='par_1_9' title="bbox 350 5179 1827 5396">
     <span class='ocr_line' id='line_1_38' title="bbox 350 5179 1827 5285; baseline 0 -25"><span class='ocrx_word' id='word_1_390' title='bbox 350 5191 537 5264; x_wconf 86' lang='lat' dir='ltr'>iohannem</span> <span class='ocrx_word' id='word_1_391' title='bbox 564 5203 600 5264; x_wconf 93' lang='lat' dir='ltr'>ut</span> <span class='ocrx_word' id='word_1_392' title='bbox 625 5191 857 5284; x_wconf 87' lang='lat' dir='ltr'>baptizaretur</span> <span class='ocrx_word' id='word_1_393' title='bbox 883 5189 928 5262; x_wconf 89' lang='lat' dir='ltr'>ab</span> <span class='ocrx_word' id='word_1_394' title='bbox 955 5213 1009 5263; x_wconf 91' lang='lat' dir='ltr'>eo.</span> <span class='ocrx_word' id='word_1_395' title='bbox 1062 5179 1270 5263; x_wconf 73' lang='lat' dir='ltr'>“lohannes</span> <span class='ocrx_word' id='word_1_396' title='bbox 1297 5199 1412 5264; x_wconf 82' lang='lat' dir='ltr'>autam</span> <span class='ocrx_word' id='word_1_397' title='bbox 1439 5189 1647 5285; x_wconf 89' lang='lat' dir='ltr'>prohibebat</span> <span class='ocrx_word' id='word_1_398' title='bbox 1673 5211 1753 5262; x_wconf 91' lang='lat' dir='ltr'>eum</span> <span class='ocrx_word' id='word_1_399' title='bbox 1772 5189 1827 5262; x_wconf 90' lang='lat' dir='ltr'>di-</span> 
     </span>
     <span class='ocr_line' id='line_1_39' title="bbox 886 5305 1289 5396; baseline 0.005 -16"><span class='ocrx_word' id='word_1_400' title='bbox 886 5305 999 5395; x_wconf 76' lang='lat' dir='ltr'>llll</span> <span class='ocrx_word' id='word_1_401' title='bbox 1054 5349 1099 5362; x_wconf 91' lang='lat'><em>-</em></span> <span class='ocrx_word' id='word_1_402' title='bbox 1153 5309 1289 5396; x_wconf 75' lang='lat' dir='ltr'>[llll.</span> 
     </span>
    </p>
   </div>
   <div class='ocr_carea' id='block_1_10' title="bbox 0 0 2056 6128">
    <p class='ocr_par' dir='ltr' id='par_1_10' title="bbox 0 0 2056 6128">
     <span class='ocr_line' id='line_1_40' title="bbox 0 0 2056 6128; baseline 0 0"><span class='ocrx_word' id='word_1_403' title='bbox 0 0 2056 6128; x_wconf 95' lang='lat' dir='ltr'> </span> 
     </span>
    </p>
   </div>
  </div>
 </body>
</html>
