4220 6124
707 405 891 502 namnum
917 437 972 500 sn
998 437 1225 502 connvrnros
1251 437 1270 497 r.
1654 427 1728 507 279
1849 477 1851 486 ι

139 711 144 716 .
244 671 330 742 ergo
357 659 411 720 est
437 644 653 741 praedicatio
678 651 807 727 nostra,
835 641 945 714 inanis
962 661 1049 734 ergo
1077 649 1131 712 est
1158 651 1194 712 et
1211 639 1300 712 fides
1325 651 1459 729 vestra,
1502 637 1530 681 ¹⁵
1541 642 1732 716 invenimur

244 781 358 842 autem
385 779 421 839 et
446 767 522 838 falsi
548 775 657 836 testes
689 763 765 844 dei,
799 763 964 856 quoniam
991 761 1225 834 testimonium
1252 761 1403 834 diximus
1431 765 1601 838 adversus
1627 763 1731 836 deum

245 890 341 984 quod
366 887 582 960 suscitaverit
615 885 800 968 Christum,
839 905 944 975 quem
970 905 1041 988 non
1069 881 1253 954 suscitavit.
1305 883 1340 953 Si
1365 887 1491 956 mortui
1516 906 1587 956 non
1613 906 1730 956 resur-

245 1021 343 1104 gunt,
388 999 541 1100 ¹⁰neque
576 1005 729 1077 Christus
761 1005 961 1075 resurrexit.
1013 996 1038 1040 ’Ἰ
1059 1002 1163 1086 Quod
1198 1003 1227 1074 si
1253 1002 1405 1076 Christus
1437 1019 1508 1078 non
1534 1006 1733 1091 resurrexit,

246 1151 334 1201 vana
360 1111 419 1200 est
440 1125 529 1198 fides
557 1135 689 1198 vestra:
724 1123 839 1194 adhuc
866 1125 957 1196 enim
985 1123 1070 1195 estis
1104 1122 1137 1193 in
1169 1124 1323 1216 peccatis
1348 1126 1488 1196 vestris:
1541 1119 1568 1164 ⁴⁸
1584 1147 1672 1218 ergo
1699 1136 1734 1196 ct

247 1251 304 1342 qui
330 1248 541 1321 dormierunt
568 1247 603 1316 in
630 1245 774 1329 Christo,
801 1245 986 1338 perierunt.
1030 1236 1056 1280 ¹⁹
1075 1244 1110 1314 Si
1137 1245 1169 1314 in
1196 1244 1261 1314 hac
1286 1244 1356 1315 vita
1384 1254 1513 1316 tantum
1539 1245 1573 1316 in
1599 1246 1733 1318 Christo

247 1377 426 1462 sperantes
453 1387 582 1452 sumus,
612 1365 883 1436 miserabiliores
911 1387 1030 1436 sumus
1064 1365 1225 1436 omnibus
1252 1364 1456 1436 hominibus.
1508 1359 1643 1438 2⁰Nunc
1669 1389 1732 1438 au-

247 1501 316 1560 tem
351 1488 502 1560 Christus
534 1486 726 1558 resurrexit
758 1507 778 1556 a
813 1487 972 1568 mortuis,
1003 1484 1172 1578 primitiae
1208 1485 1463 1558 dormientium.
1519 1478 1543 1526 ²¹
1564 1487 1733 1572 Quoniam

248 1610 338 1681 enim
365 1630 428 1702 per
453 1607 630 1680 bominem
657 1627 762 1690 mors,
790 1617 825 1676 et
851 1628 915 1699 per
941 1605 1115 1676 bominem
1142 1605 1351 1678 resurrectio
1377 1615 1601 1678 mortuorum.
1652 1601 1678 1646 ⁹²
1691 1608 1734 1677 Et

248 1731 334 1802 sieut
360 1731 394 1800 in
420 1728 533 1800 Adam
561 1749 684 1799 omnes
710 1727 909 1808 moriuntur,
937 1725 983 1796 ita
1010 1726 1105 1796 etin
1132 1727 1265 1798 Christo
1293 1747 1417 1797 omnes
1444 1720 1732 1798 'vivificabuntur

247 1843 275 1888 ²³
292 1849 531 1942 Unusquisque
566 1857 681 1918 autem
714 1846 748 1916 in
781 1869 845 1918 suo
881 1844 1019 1917 ordine:
1050 1847 1218 1938 primitiae
1252 1846 1422 1931 Christus,
1455 1845 1581 1919 deinde
1614 1847 1648 1916 hi
1675 1849 1733 1940 qui

250 1981 328 2042 sunt
354 1969 474 2043 Christi
500 1969 534 2038 in
561 1967 711 2038 adventu
737 1967 825 2052 eius,
869 1955 897 2004 Ἃ
914 1965 1041 2037 deinde
1068 1965 1153 2051 finis,
1182 1989 1257 2038 cum
1287 1965 1465 2038 tradiderit
1491 1989 1636 2060 reguum
1662 1968 1733 2039 deo

250 2101 286 2161 et
312 2091 408 2184 patri,
435 2111 514 2160 oum
542 2088 764 2159 evacuaverit
789 2109 928 2159 ornnem
954 2085 1180 2179 principatum
1207 2097 1241 2157 et
1267 2095 1477 2179 potestatem
1503 2098 1539 2160 et
1563 2088 1733 2160 virtutem.

249 2202 436 2304 ”Oportet
462 2221 576 2279 autem
601 2208 692 2278 illum
719 2229 866 2300 regnare
895 2205 1008 2278 donec
1034 2217 1140 2298 ponat
1168 2201 1342 2277 ’inimicos
1374 2209 1438 2280 sub
1473 2209 1622 2304 pedibus
1648 2209 1732 2280 eius.

249 2323 277 2370 ’ὃ
293 2330 489 2402 Novissima
515 2337 631 2400 autem
658 2327 792 2400 inimica
819 2327 1018 2400 destruetur
1043 2349 1148 2398 mors.
1192 2319 1219 2364 ’Ἰ
1237 2327 1362 2398 Omnia
1388 2330 1479 2400 enim
1505 2330 1651 2401 subiecit
1668 2331 1732 2400 sub

251 2451 401 2544 pedibus
428 2449 510 2520 eius.
556 2447 641 2518 Cum
660 2456 776 2519 autem
803 2447 896 2519 dieat
922 2445 1043 2516 Omnia
1061 2447 1217 2518 subiecta
1243 2457 1323 2518 sunt
1340 2447 1382 2532 ei,
1410 2450 1485 2522 sine
1503 2449 1609 2522 dubio
1627 2471 1731 2544 prae-

251 2582 410 2642 tersum
438 2569 496 2662 qui
522 2567 667 2639 subiecit
693 2567 725 2637 ei
752 2568 884 2640 omnia:
927 2557 1045 2636 ”curn
1073 2575 1189 2638 autem
1216 2567 1371 2640 subiecta
1397 2570 1522 2640 iruerint
1545 2571 1590 2642 illi
1608 2571 1732 2648 omnia,

251 2702 331 2762 tunc
363 2691 438 2784 ipse
470 2689 557 2760 lilius
590 2688 768 2760 subiectus
799 2687 864 2760 erit
896 2685 940 2758 illi
973 2683 1031 2778 qui
1063 2684 1128 2756 sibi
1161 2686 1307 2757 subiecit
1340 2691 1471 2770 omnia,
1507 2701 1544 2760 ut
1577 2694 1621 2762 sit
1646 2691 1733 2762 deus

253 2811 367 2882 omnia
393 2811 427 2880 in
454 2808 625 2881 omuibus
677 2800 705 2848 ²⁹
720 2809 878 2901 Alioquin
904 2805 987 2900 quid
1013 2805 1139 2876 facient
1165 2807 1222 2900 qni
1248 2807 1464 2903 baptizantur
1489 2833 1553 2904 pro
1580 2813 1733 2896 mortuis,

252 2931 280 3002 si
309 2931 449 3002 omnino
482 2928 607 2998 mortui
633 2951 702 2999 non
728 2930 934 3021 resurgunt?
961 2925 1106 3019 utquid
1133 2937 1168 2996 et
1192 2927 1408 3022 baptizantur
1433 2953 1498 3024 pro
1525 2932 1612 3002 illis?
1653 2925 1734 3002 ³⁰Ut

253 3052 336 3142 quid
363 3059 397 3120 et
423 3069 488 3118 nos
514 3047 757 3140 pereclitamur
783 3047 875 3118 omni
901 3048 1012 3119 hora‘l
1052 3038 1075 3083 ³⁴
1097 3045 1229 3117 Cotidie
1255 3053 1386 3123 morior
1413 3062 1555 3145 propter
1580 3062 1733 3123 vestram

253 3167 413 3258 gloriam,
448 3169 588 3250 iratres,
624 3189 726 3258 quarn
753 3163 868 3237 habeo
896 3169 928 3236 in
956 3165 1088 3238 Christo
1115 3165 1192 3236 lesu
1223 3167 1363 3244 domino
1391 3180 1521 3242 nostro.
1572 3164 1599 3208 ³²
1612 3171 1647 3241 Si
1674 3191 1733 3241 se-

254 3285 402 3356 cundum
438 3285 611 3356 hominem
647 3285 692 3357 ad
723 3283 854 3356 bestias
894 3287 1044 3379 pugnavi
1077 3285 1223 3378 Ephesi,
1260 3289 1342 3380 quid
1376 3289 1458 3360 mihi
1493 3290 1665 3383 prodest?
1699 3290 1733 3359 Si

253 3404 379 3476 mortui
409 3426 481 3476 non
515 3415 714 3498 resurgunt,
749 3404 999 3477 Manducemus
1030 3414 1065 3475 et
1097 3403 1275 3491 bibamus,
1312 3431 1390 3480 oras
1416 3407 1506 3479 enirn
1535 3409 1731 3480 moriemur.

252 3517 279 3564 ³³
295 3523 407 3598 Nolite
435 3525 564 3596 seduci„
616 3525 844 3622 Corrumpunt
877 3547 994 3598 mores
1029 3526 1143 3595 bonos
1171 3527 1353 3620 conloquia
1386 3529 1485 3599 mala.
1528 3517 1733 3621 ³*livigilate

253 3647 342 3716 iuste
374 3655 410 3716 et
440 3646 544 3716 nolite
580 3667 743 3739 peccare:
778 3646 1005 3737 ignorantiam
1033 3645 1090 3716 dei
1122 3645 1213 3716 enim
1240 3646 1380 3738 quidam
1407 3649 1549 3720 habent.
1592 3648 1649 3720 Ad
1675 3671 1732 3722 re-

254 3765 443 3836 verentiam
478 3767 580 3838 vcbis
613 3766 745 3860 loquor.
797 3757 824 3804 ³⁵
841 3764 912 3836 Sed
945 3765 1037 3838 dicet
1063 3765 1183 3858 aliquis
1210 3766 1396 3851 Quomodo
1429 3779 1611 3860 resurgrmt
1636 3791 1732 3840 mor-

180 3874 185 3888 ’
253 3887 325 3958 tui?
360 3886 451 3978 quali
487 3898 601 3960 autem
634 3907 782 3980 corpore
813 3886 976 3957 veniunt?
1027 3877 1055 3924 ³³
1070 3885 1252 3978 lnsipiens,
1288 3904 1322 3958 tu
1349 3891 1444 3982 quod
1470 3890 1636 3974 seminas,
1662 3911 1733 3961 non

254 4005 443 4079 vivificatur
474 4009 540 4078 nisi
573 4007 666 4100 prius
697 4005 876 4079 moriatur:
927 3998 953 4043 ³⁷
972 4015 1007 4076 et
1039 4006 1135 4098 quod
1166 4007 1331 4093 seminas,
1372 4033 1442 4082 non
1477 4031 1604 4104 corpus
1637 4010 1734 4102 quod

254 4127 400 4198 buturum
428 4137 482 4198 est
508 4128 668 4213 seminas,
696 4128 763 4200 sed
788 4126 918 4198 nudum
945 4147 1088 4218 granum
1116 4135 1153 4198 ut
1178 4137 1261 4220 puta
1289 4128 1386 4200 tritici
1420 4140 1478 4201 aut
1503 4129 1645 4201 abecias
1671 4151 1732 4200 oe-

254 4257 424 4317 terorum:
468 4240 496 4286 ³⁸
513 4249 600 4320 deus
632 4259 746 4320 autem
774 4246 834 4319 dat
866 4247 910 4317 illi
944 4269 1072 4340 corpus
1097 4247 1186 4318 sicut
1210 4248 1330 4334 voluit,
1358 4258 1394 4319 et
1419 4249 1601 4342 unicuique
1627 4249 1732 4320 semi-

256 4389 337 4436 num
364 4367 539 4460 proprium
567 4385 705 4460 eorpus
754 4357 782 4404 ³⁹
797 4368 869 4437 Non
905 4369 1017 4439 omnis
1042 4388 1123 4438 caro
1158 4355 1283 4439 cadero
1310 4389 1410 4454 carc,
1438 4370 1502 4441 sed
1528 4369 1594 4441 alia
1620 4370 1732 4440 homi-

255 4507 335 4556 num
362 4487 427 4558 alia
453 4505 629 4578 pecorum,
657 4487 721 4558 alia
747 4507 829 4556 caro
847 4488 1035 4573 volucrum,
1062 4489 1126 4558 alia
1153 4497 1266 4559 antem
1284 4489 1437 4582 piscium.
1487 4477 1568 4560 “Et
1584 4509 1733 4582 corpora

256 4605 434 4689 caelestia,
469 4615 503 4674 et
529 4625 677 4696 corpora
705 4606 894 4676 terrestria:
926 4606 990 4678 sed
1016 4607 1081 4677 alia
1107 4607 1247 4700 quidem
1274 4609 1473 4681 caelestium
1507 4609 1632 4702 gloria,
1667 4611 1734 4681 alia

256 4736 371 4796 autom
398 4725 617 4802 terrestrium
669 4713 693 4762 Η
712 4726 787 4796 Alia
822 4725 959 4796 claritas
984 4726 1081 4810 solis,
1115 4728 1181 4798 alia
1207 4729 1341 4800 claritas
1367 4731 1477 4816 lunae,
1505 4729 1570 4800 alia
1597 4729 1733 4802 claritas

260 4845 449 4918 stellarum:
485 4844 582 4915 stella
619 4845 709 4915 enim
743 4867 764 4916 a
797 4845 895 4915 stella
921 4831 1033 4916 differt
1067 4846 1100 4915 iu
1127 4839 1287 4918 claritate.
1338 4839 1366 4888 *¹
1382 4849 1438 4920 Sic
1465 4861 1500 4920 et
1525 4851 1733 4921 resurrectio

256 4976 480 5038 mortuorum.
533 4965 727 5036 Seminatur
752 4966 786 5036 in
804 4965 1040 5057 corruptione,
1066 4977 1188 5059 surget
1212 4968 1246 5038 in
1272 4969 1540 5064 incorruptione:
1582 4959 1610 5006 ‘³
1627 4971 1732 5042 serni-

257 5094 356 5156 natur
387 5085 421 5154 in
450 5085 676 5178 ignobilitate,
716 5095 833 5179 surget
864 5085 898 5154 in
924 5085 1050 5176 gloria:
1085 5088 1274 5160 seminatur
1306 5089 1340 5159 in
1373 5089 1580 5175 infirmitate,
1616 5101 1734 5184 surget

258 5207 292 5276 in
316 5207 454 5277 virtute:
511 5194 537 5242 ⁴*
550 5207 736 5280 seminatur
759 5227 895 5299 eorpus
926 5205 1087 5289 animale,
1120 5209 1227 5300 surgit
1251 5231 1380 5303 corpus
1405 5209 1575 5304 spiritale:
1615 5212 1650 5282 Si
1680 5221 1734 5284 est

839 5327 906 5410 XV,
937 5329 984 5397 ld
1013 5367 1058 5378 -
1090 5327 1146 5399 ll.
