4146 6120
709 421 891 487 suranna
916 421 968 487 hu
995 419 1196 486 llEBllAllOS
1352 448 1355 453 ¹
1635 420 1713 492 359

223 629 365 699 aeterni.
417 619 489 696 ³Et
526 625 600 696 hoo
635 621 820 711 faciemus,
864 629 894 698 si
928 625 1067 720 quidem
1107 625 1305 719 permiserit
1340 625 1439 697 deus.
1483 615 1716 718 ‘lnpossihile

223 757 277 818 est
316 747 406 822 enim
449 763 514 818 eos
550 744 613 836 qui
654 747 765 816 semel
801 756 881 817 sunt
921 742 1125 830 inluminati,
1169 753 1397 836 gustavemnt
1439 743 1545 814 etiam
1584 743 1717 816 donum

223 867 376 936 caeleste
411 875 447 936 ct
478 865 674 958 participes
713 874 796 934 sunt
835 865 914 936 lacti
946 865 1086 956 spiritus
1124 866 1250 948 sancti,
1302 857 1561 955 ⁵gustaverunt
1591 863 1717 934 nihilo-

224 985 337 1055 minus
362 983 492 1056 bonum
519 981 581 1055 dei
608 984 757 1054 verbum
783 985 999 1076 virtutesque
1031 983 1160 1055 saeculi
1187 983 1323 1054 venturi
1355 973 1421 1052 flet
1446 981 1602 1073 prolabsi
1628 993 1716 1067 sunt,

224 1104 387 1176 renovari
420 1125 560 1174 rursum
606 1103 652 1175 ad
688 1103 954 1195 paenitentiam,
994 1125 1131 1174 rursum
1173 1101 1416 1198 crucifigentes
1457 1101 1595 1173 sibimet
1633 1101 1718 1195 ipsis

224 1221 330 1293 lilium
365 1221 424 1292 dei
458 1231 495 1294 et
529 1223 682 1294 ostentui
715 1223 894 1294 habentes.
951 1216 1086 1294 7Terra
1121 1223 1213 1294 enim
1246 1243 1355 1316 saepe
1386 1221 1585 1293 venientem
1612 1241 1719 1313 super

225 1363 265 1412 se
298 1339 423 1413 bibens
457 1343 607 1412 imbrem
643 1349 679 1412 et
708 1363 882 1434 generans
914 1343 1061 1415 herbam
1099 1353 1307 1436 oportunam
1336 1341 1400 1410 illis
1437 1359 1458 1412 a
1495 1340 1622 1433 quibus
1655 1361 1717 1410 co·

225 1461 318 1546 litur,
354 1463 489 1554 accepit
519 1461 801 1533 benedictionem
829 1483 851 1532 a
876 1463 963 1534 deo:
1009 1453 1218 1554 ⁸prolerens
1249 1471 1368 1532 autem
1394 1459 1512 1552 spinas
1537 1481 1581 1531 ac
1608 1459 1719 1530 tribu-

226 1581 280 1650 los
306 1581 459 1674 reproba
492 1589 547 1651 est
578 1590 614 1650 et
646 1581 832 1652 maledicto
866 1581 1042 1674 proxima,
1083 1582 1181 1652 ouius
1213 1579 1467 1652 consummatio
1502 1580 1538 1650 in
1568 1579 1718 1652 combu·
1821 1591 1826 1598 '

227 1700 386 1771 stionem.
438 1687 515 1743 Μ’)
535 1697 747 1771 Confidimus
782 1709 896 1772 autem
932 1701 979 1772 de
1012 1699 1130 1784 vobis,
1163 1699 1393 1784 dilectissimi,
1426 1699 1570 1770 meliora
1603 1709 1639 1770 et
1664 1699 1717 1770 vi-

227 1819 357 1890 ciniora
384 1816 494 1902 saluti,
522 1827 638 1888 tamen
662 1820 692 1890 si
718 1821 766 1890 ita
790 1821 974 1912 loquimur.
1018 1812 1044 1858 '⁰
1057 1820 1134 1890 Non
1162 1819 1254 1889 enim
1280 1819 1427 1890 iniustus
1445 1818 1545 1904 deus,
1575 1830 1610 1891 ut
1629 1803 1718 1891 obli-

191 1989 194 1996 ,
224 1939 378 2010 viscatur
405 1938 522 2031 operis
549 1939 656 2008 vestri
692 1948 728 2010 et
759 1939 952 2011 dilectionis
988 1960 1090 2031 quam
1126 1938 1327 2010 ostendistis
1359 1935 1395 2008 in
1428 1939 1568 2012 nomine
1599 1937 1717 2030 ipsius,

227 2059 285 2150 qui
312 2058 530 2129 ministrastis
565 2059 692 2130 sanctis
725 2069 762 2129 et
793 2059 1002 2137 ministratis.
1053 2051 1075 2096 ⁴¹
1097 2058 1261 2151 Cupimus
1288 2066 1406 2128 autem
1433 2075 1717 2151 unumquemque

226 2187 381 2248 vestrum
408 2177 558 2248 eandem
586 2187 762 2250 ostentare
790 2177 1055 2250 sollicitudinem
1084 2177 1130 2248 ad
1157 2177 1397 2270 expletionem
1431 2179 1507 2270 spei
1541 2197 1654 2270 usque
1685 2176 1719 2246 in

228 2296 342 2380 linem,
391 2289 418 2332 ⁴²
432 2307 469 2366 ut
491 2319 562 2368 non
589 2319 719 2390 segnes
746 2295 956 2380 efficiamini,
983 2317 1107 2367 verum
1134 2295 1326 2368 imitatores
1354 2317 1475 2367 eorum
1503 2297 1561 2389 qui
1587 2295 1657 2368 lide
1684 2307 1724 2365 et

226 2415 390 2508 patientia
416 2415 660 2488 hereditabunt
685 2417 947 2510 promissiones.
987 2408 1190 2486 ¹³Abrahae
1215 2437 1367 2508 namque
1394 2415 1597 2508 promittens
1617 2415 1715 2499 deus,

227 2535 389 2626 quoniam
416 2537 590 2607 neminem
618 2536 737 2608 habuit
762 2557 827 2628 per
854 2556 958 2627 quem
985 2534 1115 2605 iuraret
1140 2534 1326 2619 maiorem,
1359 2536 1484 2606 iurabit
1515 2557 1580 2629 per
1607 2545 1719 2604 semet

227 2655 358 2747 ipsum,
398 2642 424 2689 ⁴*
442 2653 562 2726 diceus
595 2656 667 2726 Nisi
696 2653 913 2727 benedicens
945 2653 1153 2726 benedicam
1181 2661 1216 2724 te
1242 2663 1277 2723 et
1303 2655 1530 2748 multiplicans
1557 2653 1719 2747 multipli-

228 2775 318 2844 cabo
344 2783 394 2844 te:
434 2766 508 2844 ¹⁵et
530 2775 581 2844 sic
605 2775 848 2868 longanimiter
871 2775 987 2844 lerens
1012 2773 1161 2866 adeptus
1179 2783 1233 2844 est
1249 2757 1566 2866 repromissionem.
1606 2765 1718 2842 16Ηο-

228 2894 339 2964 mines
366 2893 457 2962 enim
483 2913 548 2986 per
573 2895 740 2966 maiorem
768 2893 821 2966 sui
847 2893 974 2978 iurant,
1007 2903 1042 2964 et
1069 2893 1181 2964 omnis
1208 2895 1467 2966 controversiae
1493 2915 1627 2964 eorum.
1643 2891 1719 2962 linis

229 3009 275 3082 ad
302 3009 599 3081 confirmationem
627 3021 682 3082 est
708 3014 946 3084 iuramentum.
1000 3005 1025 3048 Π
1042 3013 1078 3082 ln
1111 3034 1181 3104 quo
1214 3011 1445 3084 abundantius
1475 3012 1597 3082 volens
1631 3010 1719 3080 deus

229 3129 417 3200 ostendere
463 3129 716 3222 pollicitationis
743 3130 933 3202 heredibus
959 3129 1220 3201 inmobilitatem
1248 3131 1379 3200 consilii
1412 3131 1480 3214 sui,
1515 3128 1719 3222 interposuit

167 3227 170 3234 ’
229 3248 480 3330 iusiurandum,
521 3238 596 3317 ⁴⁸ut
623 3269 686 3340 per
712 3250 800 3320 duas
827 3269 886 3318 res
913 3248 1112 3333 inmobiles,
1148 3249 1273 3340 quibus
1298 3249 1500 3342 inpossibile
1532 3257 1587 3318 est
1618 3267 1717 3317 men-

229 3368 283 3437 tiri
308 3368 430 3452 deum,
466 3363 689 3436 fortissimum
717 3367 884 3438 solacium
912 3368 1104 3438 habeamus
1131 3368 1190 3459 qui
1217 3368 1431 3459 confugimus
1457 3367 1504 3439 ad
1531 3365 1718 3438 tenendam

228 3488 444 3580 propositam
484 3503 602 3577 spem,
645 3477 672 3520 ⁴⁹
688 3506 792 3578 quam
833 3485 921 3556 siout
960 3507 1124 3558 ancoram
1160 3487 1330 3558 habemus
1367 3489 1501 3558 animae
1535 3495 1642 3556 tutam
1675 3507 1724 3583 ac*

230 3605 363 3677 firmam
397 3615 432 3676 et
466 3604 684 3676 incedentem
719 3626 829 3698 usque
864 3605 898 3674 in
932 3604 1095 3678 interiora
1134 3605 1330 3690 velaminis,
1368 3599 1395 3644 ²⁰
1412 3605 1471 3678 ubi
1509 3625 1720 3698 praecursor

228 3747 294 3819 pro
321 3723 423 3796 nobis
450 3717 596 3796 'introiit
620 3724 730 3808 lesus,
764 3724 955 3796 secundum
984 3724 1142 3797 ordinem
1169 3725 1402 3798 Melchisedec
1427 3726 1583 3818 pontifex
1609 3725 1718 3796 lactus

230 3847 263 3918 in
290 3854 478 3918 aeternum.

945 4069 1009 4140 Vll.

307 4197 379 4255 ⁴⁰⁸)
398 4205 461 4274 llic
487 4205 579 4276 enim
605 4204 848 4289 Melchisedec,
877 4227 942 4278 rex
969 4203 1093 4290 Salem,
1121 4206 1289 4280 sacerdos
1316 4206 1539 4304 delsummi‚
1565 4208 1624 4300 qui
1651 4208 1718 4278 ob-

226 4323 336 4395 viavit
366 4323 531 4394 Abrabae
564 4344 778 4415 regressos
809 4317 917 4396 'cede
951 4347 1074 4418 regum
1101 4335 1137 4395 et
1162 4326 1340 4397 benedixit
1367 4326 1417 4410 ei,
1451 4319 1536 4396 'cui
1562 4325 1717 4398 decimas
1775 4389 1777 4394 ,

231 4443 384 4513 omnium
408 4443 525 4514 divisit
549 4441 746 4527 Abraham,
773 4441 922 4536 primum
949 4445 1092 4537 quidem
1118 4446 1175 4537 qui
1203 4447 1445 4538 interpretatur
1469 4465 1535 4515 rex
1560 4446 1717 4530 iustitiae,

228 4561 359 4632 deinde
385 4570 500 4632 autem
527 4571 563 4632 et
589 4581 653 4631 rex
680 4563 805 4647 Salem,
833 4563 928 4654 quod
956 4573 1011 4635 est
1036 4585 1101 4634 rex
1127 4565 1237 4656 pacis,
1276 4557 1377 4635 ³sine
1408 4575 1516 4657 patre,
1544 4565 1617 4636 sine
1640 4587 1718 4637 ma·

232 4691 299 4765 tre,
335 4679 409 4750 aine
443 4681 665 4772 genealogia,
698 4701 811 4774 neque
844 4681 972 4752 initium
1005 4682 1139 4753 dierum
1169 4703 1286 4776 neque
1318 4683 1423 4754 linem
1453 4683 1547 4755 vitae
1573 4683 1717 4768 habens,

231 4799 446 4871 adsimilatus
480 4809 594 4869 autem
629 4797 697 4870 filio
731 4801 805 4885 dei,
841 4811 958 4871 manet
991 4801 1160 4872 sacerdos
1187 4803 1220 4873 in
1246 4813 1462 4896 perpetuum.
1513 4792 1718 4874 ‘Intuemini

230 4927 347 4988 autem
373 4927 520 5010 quantus
548 4917 591 4988 sit
616 4916 680 5007 bic,
710 4919 765 4990 cui
791 4929 827 4990 et
852 4919 1008 4990 decimas
1035 4920 1132 4992 dedit
1158 4921 1203 4992 de
1230 4923 1424 5016 praecipuis
1449 4923 1627 4994 Abrabam
1653 4945 1718 5017 pa-

228 5036 389 5108 triarcha.
440 5029 513 5107 5Ει
539 5035 680 5129 quidem
713 5037 759 5108 de
791 5037 868 5108 hhis
894 5039 978 5109 Levi
1012 5040 1245 5112 sacerdotium
1277 5041 1486 5135 accipientes
1518 5043 1718 5114 mandatum

231 5157 360 5228 habent
393 5156 549 5229 decimas
581 5177 720 5228 sumere
749 5179 769 5228 a
796 5159 926 5249 populo
960 5159 1151 5231 secundum
1183 5162 1316 5252 legem,
1350 5161 1385 5232 id
1419 5175 1473 5234 est
1506 5183 1526 5232 a
1558 5163 1719 5234 iratribus

809 5277 860 5360 Vl,
889 5279 910 5345 3
942 5313 987 5328 -
1016 5277 1142 5362 Vll‚15.
