4242 6118
369 387 417 468 72
778 387 1021 456 EVANGELIUM
1047 389 1246 454 SECUNDUM
1272 391 1428 456 utacum

367 601 436 672 iam
462 597 549 669 hora
575 597 680 670 multa
706 595 813 680 fieret,
841 606 1066 667 accesserunt
1098 596 1253 691 discipuli
1287 598 1363 669 eius
1398 595 1555 667 dicentes
1587 596 1755 668 Desertus
1790 606 1845 667 est

367 721 465 790 locus
492 717 556 804 hic,
584 729 619 790 et
643 717 713 788 iam
738 717 824 788 hora
851 715 1065 810 praeterivit:
1109 709 1137 754 ³⁸
1153 716 1284 788 dimitte
1312 719 1403 800 illos,
1437 726 1474 786 ut
1506 723 1628 787 euntes
1662 716 1697 786 in
1721 718 1844 810 proxi·

368 860 444 910 mas
470 837 567 912 villas
594 847 629 908 et
654 837 751 908 vicos
778 845 895 907 emant
921 835 988 906 sihi
1014 836 1112 907 cibos
1139 858 1228 930 quos
1257 835 1474 908 manducent.
1527 827 1608 905 3ῚΕι
1624 837 1843 930 respondens

369 958 416 1030 ait
440 957 502 1028 illis
536 959 624 1030 Date
660 957 710 1027 eis
741 956 962 1028 manducare.
1012 957 1055 1026 Et
1089 956 1250 1030 dixerunt
1280 957 1313 1028 ei
1344 957 1473 1028 Euntes
1507 977 1663 1028 emamus
1695 956 1843 1030 denariis
1887 998 1891 1006 ·

369 1077 526 1150 ducentis
551 1097 669 1171 panes,
697 1085 732 1146 et
758 1075 918 1148 dabimus
945 1075 995 1147 eis
1021 1076 1243 1149 manducare.
1295 1069 1323 1116 ³⁸
1338 1079 1381 1148 Et
1413 1077 1494 1149 dicit
1526 1076 1577 1148 eis
1610 1077 1702 1162 Quot
1733 1099 1842 1171 panes

368 1180 528 1269 hahetis?
554 1197 600 1268 ite
627 1206 662 1267 et
685 1195 811 1267 videte.
854 1197 897 1266 llt
930 1218 1008 1267 oum
1041 1197 1300 1290 cognovissent,
1335 1196 1451 1269 dicunt
1484 1197 1658 1289 Quinque,
1693 1208 1728 1268 ot
1753 1198 1843 1270 duos

368 1317 492 1412 pisces.
544 1307 625 1386 39Ει
650 1317 829 1410 praecepit
853 1316 916 1387 illis
941 1327 979 1388 ut
1005 1317 1213 1389 accumbere
1238 1319 1391 1389 lacerent
1408 1338 1529 1388 omnes
1547 1316 1736 1388 secundum
1756 1339 1841 1389 con-

367 1437 525 1508 tubernia
551 1458 656 1531 super
680 1436 790 1509 viride
816 1437 963 1509 faenum.
1015 1426 1043 1476 ⁴⁰
1058 1438 1101 1509 Et
1135 1437 1381 1510 discubuerunt
1412 1438 1446 1508 in
1479 1445 1597 1531 partes
1630 1459 1696 1531 per
1721 1447 1840 1508 cente-

367 1579 432 1628 nos
464 1567 500 1628 et
539 1579 603 1651 per
640 1558 911 1650 quinquagenos.
962 1547 985 1594 ⁴¹
1003 1557 1046 1628 llt
1085 1557 1238 1652 acceptis
1272 1557 1422 1650 quinque
1454 1558 1601 1652 panibus
1635 1567 1670 1628 et
1703 1554 1840 1628 duobus

367 1677 520 1771 piscibus
545 1677 678 1748 intuens
702 1677 737 1748 in
763 1677 896 1748 caelum
920 1676 1112 1764 benedixit,
1141 1687 1177 1749 et
1201 1678 1303 1770 fregit
1327 1698 1436 1772 panes
1472 1687 1508 1749 ct
1538 1677 1634 1750 dedit
1666 1677 1839 1771 discipulis

368 1799 437 1868 suis
462 1807 500 1868 ut
525 1805 695 1891 ponerent
720 1805 799 1868 ante
826 1818 904 1883 eos,
932 1807 967 1868 et
992 1776 1082 1870 duos
1115 1799 1229 1891 pisces
1263 1797 1379 1870 divisit
1410 1798 1577 1869 omnihus.
1628 1785 1656 1834 ⁴²
1671 1797 1714 1868 Et
1738 1820 1839 1869 man-

368 1918 580 1990 ducaverunt
605 1937 726 1988 omnes
752 1927 788 1988 et
813 1917 953 1989 saturati
986 1927 1077 1990 sunt:
1125 1909 1152 1956 ‘³
1169 1930 1204 1989 et
1236 1919 1442 1990 sustulerunt
1470 1915 1630 2009 reliquias
1663 1917 1840 2008 fragmen-

368 2047 480 2110 torum
515 2036 700 2108 duodecim
732 2037 900 2131 cophinos
931 2039 1069 2132 plenoS,
1104 2045 1139 2108 ct
1172 2038 1218 2110 dc
1250 2037 1411 2132 piscibus.
1462 2025 1490 2074 ⁴⁴
1505 2037 1611 2109 Erant
1640 2046 1756 2108 autem
1782 2037 1840 2130 qui

366 2158 661 2230 manducaverunt
686 2156 835 2249 quinquo
861 2159 952 2230 milia
976 2159 1138 2230 virorum.
1174 2148 1290 2203 *wi
1307 2158 1349 2228 llt
1375 2155 1487 2228 statim
1514 2156 1628 2248 coegit
1654 2157 1840 2250 discipulos

306 2289 310 2300 '
367 2299 450 2350 suos
483 2275 673 2348 ascendere
705 2297 830 2346 navem
862 2287 899 2349 ut
931 2278 1184 2372 praecederent
1215 2299 1295 2348 eum
1329 2277 1576 2348 transfretum
1609 2277 1655 2349 ad
1680 2277 1839 2349 Bethsai-

367 2397 459 2484 dam,
487 2396 568 2468 dum
593 2396 669 2490 ipse
696 2395 880 2470 dimitteret
905 2399 1079 2492 populum.
1131 2387 1244 2444 “imi
1261 2398 1304 2468 Et
1330 2419 1408 2469 cum
1435 2396 1619 2468 dimisisset
1644 2419 1723 2483 cos,
1757 2397 1840 2469 abiit

366 2519 401 2588 in
425 2526 578 2590 montem
604 2537 716 2588 orare.
766 2507 880 2565 ΗΜ)
898 2519 941 2590 llt
967 2541 1045 2590 cum
1071 2539 1150 2590 sero
1177 2526 1285 2603 esset,
1313 2527 1388 2589 erat
1412 2524 1511 2594 navis
1539 2517 1574 2588 in
1599 2517 1715 2589 medio
1741 2520 1837 2602 mari,

367 2652 403 2710 et
427 2639 503 2732 ipse
529 2637 623 2708 solus
649 2637 683 2708 in
708 2647 810 2708 terra.
861 2624 942 2708 ”Et
974 2637 1099 2710 videns
1131 2659 1194 2708 eos
1226 2637 1424 2709 laborantes
1456 2638 1491 2708 in
1522 2637 1736 2730 remigando,
1764 2649 1839 2710 erat

367 2759 458 2831 enim
483 2765 606 2828 ventus
632 2756 820 2828 contrarius
846 2756 906 2842 eis,
934 2769 970 2828 et
995 2758 1086 2830 circa
1112 2767 1269 2850 quartam
1293 2758 1444 2847 vigiliam
1470 2759 1582 2830 noctis
1598 2759 1692 2830 venit
1709 2757 1755 2829 ad
1773 2779 1836 2828 eos

367 2878 546 2951 ambulans
578 2899 681 2972 super
715 2897 826 2960 mare,
859 2887 895 2948 et
925 2879 1065 2950 volebat
1089 2863 1278 2972 praeterire
1311 2899 1383 2949 eos.
1434 2867 1461 2916 ‘⁹
1477 2877 1524 2949 At
1547 2879 1591 2948 illi
1616 2889 1653 2950 ut
1678 2878 1836 2950 viderunt

366 3020 446 3070 eum
472 2997 702 3070 ambulantem
728 3017 832 3090 super
858 3019 963 3083 mare,
990 3006 1196 3092 putaverunt
1229 2999 1435 3093 phantasma
1467 3019 1563 3084 esse,
1598 3007 1633 3070 et
1657 2998 1836 3069 exclama-

243 3159 247 3180 ·
364 3127 501 3192 verunt:
543 3108 570 3154 ⁵⁰
588 3139 708 3190 omnes
734 3117 824 3207 epim
851 3139 930 3188 eum
955 3119 1115 3190 videnrnt
1148 3129 1183 3190 et
1215 3119 1408 3190 conturbati
1441 3128 1527 3190 sunt.
1578 3119 1617 3188 Et
1641 3117 1756 3189 statim
1781 3119 1835 3188 lo-

366 3249 463 3312 cutus
490 3247 544 3309 est
570 3259 647 3310 cum
675 3238 725 3310 eis
742 3246 778 3308 et
795 3237 881 3309 dixit
907 3237 968 3308 illis
986 3238 1163 3326 Confidite,
1190 3261 1259 3332 ego
1277 3263 1362 3325 sum,
1389 3239 1493 3312 nolite
1510 3239 1641 3310 timere.
1665 3228 1689 3274 ⁵¹
1706 3227 1781 3284 (Μ)
1794 3237 1837 3306 Et

365 3359 520 3432 ascendit
545 3357 592 3432 ad
617 3359 692 3430 illos
718 3359 752 3430 in
777 3380 918 3444 navem,
946 3368 981 3430 et
1014 3360 1165 3432 cessavit
1194 3369 1331 3432 ventus:
1368 3371 1402 3432 et
1434 3361 1510 3454 plus
1542 3357 1653 3450 magis
1684 3357 1836 3428 intra-se

365 3481 556 3574 stupebant.
608 3471 635 3518 ⁶²
651 3478 844 3550 Nonenim
869 3477 1105 3551 intellexerant
1130 3480 1176 3552 de
1202 3483 1363 3575 panibus:
1399 3480 1589 3552 eratenim
1616 3499 1678 3550 cor
1702 3477 1835 3548 illorum

364 3602 601 3674 obcaecatum.
650 3591 678 3636 ⁵³
691 3590 766 3644 ‘⁶⁹³²'
784 3598 826 3670 Et
851 3620 928 3670 cum
955 3602 1246 3687 transfretassent,
1272 3610 1504 3696 pervenerunt
1527 3599 1564 3670 in
1590 3609 1716 3670 terram
1743 3598 1835 3670 Gen-

363 3719 526 3794 nesareth
559 3729 594 3789 et
628 3719 870 3812 applicuerunt.
921 3709 948 3757 δ’
961 3721 1112 3813 Crunque
1146 3723 1280 3813 egressi
1313 3731 1431 3793 essent
1463 3720 1509 3793 dc
1541 3719 1634 3804 navi,
1674 3719 1835 3790 continuo

364 3849 600 3934 cognoverunt
626 3861 714 3923 eum,
758 3830 833 3910 ⁵⁵et
856 3849 1097 3932 percurrentes
1122 3841 1317 3914 universam
1343 3845 1521 3935 regionem
1537 3841 1629 3912 illam
1646 3847 1835 3932 coeperunt

363 3961 397 4030 in
423 3959 588 4052 grabattis
615 3981 678 4032 eos
711 3958 833 4051 quise
865 3959 955 4030 male
986 3959 1161 4031 habebant
1193 3962 1410 4032 circumferre
1442 3960 1501 4032 uhi
1535 3958 1722 4032 audiebant
1754 3980 1833 4031 eum

364 4101 453 4152 esse.
505 4070 533 4116 ⁵⁶
549 4081 591 4150 Et
616 4083 834 4172 quocumque
865 4077 1026 4150 introibat
1055 4080 1090 4150 in
1120 4081 1217 4152 vicos
1242 4081 1300 4151 vel
1331 4081 1365 4150 in
1390 4081 1488 4152 villas
1513 4089 1572 4150 aut
1603 4079 1637 4150 in
1669 4079 1832 4163 civitatee,

363 4200 396 4270 in
423 4200 544 4294 plateis
570 4201 746 4294 ponebant
771 4198 933 4284 infirmos,
961 4209 996 4271 et
1021 4199 1298 4293 deprecabantur
1324 4223 1404 4272 eum
1429 4209 1466 4272 ut
1491 4201 1548 4272 vel
1574 4199 1743 4270 fimbriam
1769 4220 1833 4271 ve-

257 4383 260 4391 .
364 4321 511 4392 stimenti
538 4321 611 4392 eius
637 4329 826 4410 tangerent,
854 4329 890 4391 ct
915 4331 1084 4414 quotquot
1108 4322 1298 4414 tangebant
1323 4344 1402 4394 eum
1428 4319 1512 4392 salvi
1538 4318 1675 4390 fiebant.

1072 4597 1135 4668 Vll.

437 4795 553 4850 ’Μ
571 4803 613 4874 Et
639 4804 845 4876 conveniunt
870 4803 917 4875 ad
943 4823 1022 4874 eum
1048 4803 1222 4876 Pharisaei
1248 4812 1284 4873 et
1309 4803 1449 4896 quidam
1472 4801 1665 4886 describis
1694 4802 1833 4873 venien·
1931 4835 1932 4838 ¹

361 4935 413 4994 tes
446 4925 491 4996 ab
524 4924 781 5020 hierosolymis.
839 4915 912 4995 ’Et
951 4945 1029 4994 cum
1068 4923 1236 4996 vidissent
1268 4925 1438 5015 quosdam
1472 4943 1518 4992 ex
1555 4922 1729 5016 discipulis
1761 4922 1834 4990 eius

361 5044 601 5116 communibus
626 5047 795 5129 manibus,
820 5044 857 5115 id
883 5053 937 5115 est
962 5064 1033 5114 non
1058 5044 1144 5128 lotis,
1171 5042 1381 5128 manducare
1398 5063 1517 5137 panes,
1544 5043 1831 5135 vituperaverunt.

225 5173 232 5186 '
359 5155 563 5237 ³Pharisaei
590 5167 680 5237 enim
707 5176 742 5238 et
767 5185 889 5237 omnes
914 5163 1041 5249 ludaei,
1067 5163 1131 5236 nisi
1157 5164 1282 5234 crebro
1309 5165 1450 5236 laverint
1474 5185 1612 5246 manus,
1639 5181 1708 5232 non
1733 5181 1832 5232 man-

916 5285 966 5367 Vl,
995 5285 1042 5354 36
1073 5323 1118 5336 ·-
1147 5285 1211 5368 Vll,
1240 5287 1271 5353 3.
