4146 6120
755 435 1020 507 arocnmrsrs
1046 435 1228 500 ronnnurs
1548 463 1551 468 ·
1669 433 1741 510 tta

256 546 376 555 ...-—--—
383 545 400 552 ..-
409 545 417 552 .
424 546 460 551 --.
476 541 852 550 -...--——.-—-·--—--...--....

246 655 283 717 et
306 647 463 738 lugentes
489 655 524 715 et
549 642 705 714 dicentes
730 643 805 713 Vae
830 663 902 714 vae
929 643 1053 714 civitas
1080 663 1216 734 magna,
1243 641 1277 711 in
1304 663 1373 734 qua
1399 642 1526 714 divites
1553 645 1634 717 facti
1662 655 1741 720 sunt

248 767 452 858 omnesqui
478 764 608 835 habent
633 783 744 832 naves
770 762 804 832 in
832 763 921 832 mari
949 763 996 834 de
1023 761 1143 857 pretiis
1170 761 1254 846 eius,
1282 756 1446 854 quoniam
1472 785 1543 848 una
1567 765 1655 839 hora
1677 767 1743 852 de-

248 885 358 958 solata
385 895 446 956 est.
498 876 525 922 ²⁰
540 883 663 954 Exulta
691 903 797 974 super
824 903 916 968 eam,
945 884 1082 955 caelum
1106 893 1144 953 et
1169 882 1278 954 saneti
1296 893 1331 953 et
1357 883 1507 978 apostoli
1534 895 1570 956 et
1587 887 1745 983 prophe·-

248 1018 314 1092 tae‚
342 1006 504 1098 quoniam
529 1002 691 1075 iudicavit
716 1000 805 1072 deus
830 1001 997 1074 indicium
1023 1012 1181 1074 vestrum
1208 1002 1253 1074 de
1279 1003 1344 1074 illa.
1398 997 1421 1041 ²¹
1438 1005 1480 1074 Et
1505 1007 1640 1078 sustulit
1656 1029 1746 1082 unus

249 1127 392 1218 angelus
417 1127 514 1197 sortis
539 1123 692 1218 lapidem
719 1121 816 1214 quasi
844 1119 1018 1193 molarem
1045 1145 1218 1216 magnum,
1247 1133 1283 1194 et
1308 1123 1398 1195 misit
1423 1123 1457 1194 in
1499 1147 1596 1197 mare
1623 1129 1746 1201 dicens

248 1248 322 1318 Hoc
347 1247 477 1341 impetu
504 1247 654 1317 mittetur
679 1241 835 1335 Babylon
861 1241 919 1313 illa
947 1263 1074 1334 magna
1102 1243 1221 1314 civitas
1254 1252 1289 1314 et
1318 1245 1406 1316 ultra
1439 1245 1509 1315 iam
1542 1268 1612 1318 non
1643 1247 1745 1320 inva-

248 1368 380 1438 nictur.·
419 1359 446 1404 Ὦ
461 1368 504 1438 Et
528 1388 602 1437 vox
628 1361 886 1436 citharedorum
914 1371 952 1432 et
978 1363 1187 1434 musicorum
1217 1373 1252 1434 et
1274 1363 1357 1434 tibia
1381 1365 1576 1436 canentium
1604 1377 1639 1438 et
1660 1370 1744 1441 tuba

248 1509 319 1558 non
345 1487 504 1559 audietur
529 1488 563 1558 in
589 1497 624 1558 te
651 1483 804 1577 amplius,
832 1489 868 1552 et
894 1484 1011 1553 omnis
1039 1485 1161 1554 artifex
1195 1485 1307 1556 omnis
1334 1486 1417 1556 artis
1449 1507 1521 1558 non
1551 1486 1745 1558 invenietur

249 1609 284 1678 in
310 1617 344 1678 tc
372 1609 534 1701 amplius,
568 1617 604 1678 et
628 1627 701 1677 vox
727 1603 840 1674 molae
865 1623 940 1673 non
968 1603 1127 1675 audietur
1158 1603 1193 1674 in
1219 1614 1254 1678 te
1288 1606 1453 1699 amplius,
1497 1599 1525 1644 ²³
1541 1617 1576 1678 et
1602 1608 1662 1678 lux
1688 1609 1742 1678 lu-

250 1749 377 1799 cernae
402 1749 473 1798 non
498 1726 625 1798 lucebit
650 1725 709 1796 tibi
737 1723 894 1818 amplius,
925 1732 962 1794 et
987 1745 1062 1796 vox
1088 1725 1206 1818 sponsi
1240 1735 1275 1796 et
1301 1748 1454 1819 sponsae
1487 1748 1557 1798 non
1584 1727 1743 1799 audietur

251 1849 365 1921 adhuc
390 1849 424 1918 in
451 1858 494 1931 ta,
523 1846 603 1938 quia
630 1853 843 1916 mercatores
868 1843 918 1913 tui
945 1853 1044 1914 erant
1069 1841 1242 1938 principes
1268 1854 1404 1932 terrae,
1438 1847 1519 1940 qnia
1544 1847 1579 1917 in
1605 1847 1742 1918 benefi-

249 1969 311 2040 ciis
337 1969 402 2041 tuis
437 1975 639 2038 erraverunt
672 1987 793 2036 omnes
826 1973 967 2055 gentes,
1016 1955 1091 2036 ”et
1117 1965 1151 2035 in
1184 1987 1227 2037 ea
1261 1947 1402 2059 sanguis
1428 1967 1678 2062 prophetarum
1707 1979 1742 2038 et

251 2099 448 2162 sanctorum
474 2075 633 2158 inventus
660 2101 714 2156 est
740 2095 774 2155 et
801 2084 953 2154 omnium
981 2084 1039 2177 qui
1066 2084 1232 2157 interfecti
1260 2087 1398 2157 suntin
1425 2096 1527 2158 terra.
1574 2134 1578 2144 ·

951 2361 1035 2430 XlX.

326 2563 437 2641 'Post
463 2569 552 2640 haec
576 2569 692 2640 audivi
719 2567 816 2660 quasi
844 2587 968 2636 vocem
995 2586 1158 2659 magnum
1186 2567 1346 2638 tubarum
1376 2569 1557 2640 multarum
1585 2569 1738 2640 incaelo

251 2687 437 2760 dicentium
463 2690 617 2774 Alleluia,
645 2690 721 2761 laus
747 2696 783 2758 et
809 2685 918 2780 gloria
945 2695 981 2756 at
1012 2687 1119 2758 virtus
1147 2686 1217 2760 deo
1250 2697 1371 2760 nostro
1399 2697 1475 2773 est,
1523 2683 1629 2782 Ξ(Ῑιιίει
1654 2709 1740 2760 vera

251 2819 286 2878 et
311 2809 400 2880 iusta
426 2810 551 2880 iudicia
578 2819 656 2880 sunt
683 2809 767 2893 eiua,
795 2807 853 2900 qui
878 2805 1041 2877 iudicavit
1067 2807 1113 2880 de
1140 2809 1323 2881 meretrice
1341 2831 1478 2900 magna,
1506 2831 1598 2902 quae
1616 2829 1739 2880 corru-

126 2931 134 2938 “
250 2929 300 3022 pit
326 2937 454 3000 terram
481 2930 516 3000 in
541 2929 782 3022 prostitutione
809 2949 881 3012 sua,
910 2935 945 2997 et
970 2927 1157 3000 vindicavit
1174 2930 1379 3022 sanguinem
1397 2951 1578 3000 servorum
1597 2950 1739 3000 suorum

252 3050 297 3122 de
324 3049 483 3120 manibus
510 3050 585 3119 tuis.
639 3040 711 3118 ³Et
736 3048 858 3118 iterum
887 3039 1245 3150 dixerunt'Alleluia,
1274 3059 1309 3120 et
1334 3051 1447 3120 sumus
1482 3049 1556 3120 eius
1583 3048 1740 3119 ascendit

251 3171 285 3240 in
311 3171 450 3242 saecula
476 3169 703 3240 saeculorum.
755 3157 828 3237 *Et
854 3165 1051 3238 ceciderunt
1076 3169 1235 3241 seniores
1260 3169 1379 3260 viginti
1406 3177 1567 3261 quattuor
1585 3179 1620 3239 et
1637 3179 1739 3262 quat-

252 3302 331 3362 tuor
357 3290 532 3374 animalia‚
567 3297 602 3360 et
635 3285 871 3358 adoraverunt
902 3284 1007 3358 deum
1039 3287 1221 3360 sedentem
1253 3311 1360 3384 super
1394 3289 1555 3360 thronum
1583 3287 1739 3362 dicentes

251 3412 379 3496 Amen,
407 3410 549 3482 alleluia.
601 3399 675 3476 ⁸Et
707 3428 780 3478 vox
814 3405 860 3478 da
893 3405 1018 3478 throno
1054 3407 1162 3480 exivit
1194 3408 1314 3481 dicens
1347 3408 1504 3481 Laudem
1538 3409 1642 3482 dicite
1668 3407 1738 3480 deo

252 3541 381 3615 nostro,
410 3551 533 3602 omnes
559 3528 652 3600 servi
679 3527 753 3600 eius
780 3536 815 3598 et
841 3525 899 3620 qui
925 3527 1051 3599 timetis
1078 3550 1169 3614 eum,
1195 3529 1308 3622 pusilli
1334 3539 1370 3602 et
1396 3530 1524 3623 magni.
1576 3519 1649 3600 6Ει
1674 3549 1738 3602 au-

186 3679 190 3686 ·
252 3651 323 3724 divi
350 3651 449 3745 quasi
481 3671 608 3722 vocem
641 3648 746 3719 tubae
779 3667 927 3741 magnae
962 3657 997 3718 et
1029 3648 1117 3721 siout
1148 3671 1274 3722 vocem
1301 3671 1469 3744 aquarum
1495 3651 1677 3721 multarum
1704 3658 1740 3720 et
1865 3711 1869 3726 .

253 3772 339 3844 sicut
364 3793 491 3843 vocem
518 3763 721 3842 'tonitruum
747 3791 961 3863 magnorum,
989 3769 1175 3842 dicentium
1200 3769 1360 3856 Alleluia,
1395 3771 1559 3863 quoniam
1585 3769 1742 3862 regnavit

253 3891 415 3963 dominus
442 3891 530 3963 deus
557 3898 677 3961 noster
703 3889 931 3982 omnipotens.
982 3882 1237 3963 7Gaudeamus
1264 3900 1301 3962 et
1325 3892 1525 3964 exultemus
1551 3899 1587 3962 et
1613 3889 1739 3962 demus

253 4010 399 4104 gloriam
425 4013 468 4098 ei,
496 4011 577 4106 quia
603 4020 772 4084 venerunt
797 4011 938 4104 nuptiae
964 4011 1043 4103 agni
1069 4021 1105 4084 et
1131 4033 1221 4084 uxor
1247 4013 1322 4084 ains
1348 4011 1571 4107 praeparavit
1596 4033 1645 4096 se,
1679 4001 1741 4080 ⁸et

253 4133 371 4204 datum
398 4143 453 4204 est
477 4133 524 4204 illi
549 4145 587 4204 nt
613 4131 791 4225 cooperiat
817 4153 856 4202 se
882 4131 1064 4226 byssinum
1092 4131 1280 4224 splendens
1307 4134 1504 4207 candidum.
1555 4131 1738 4227 Byssinum

252 4252 343 4322 enim
369 4251 628 4325 iustificationes
652 4262 732 4324 sunt
758 4262 967 4324 sanctorum.
1018 4243 1091 4322 9Ει
1117 4251 1200 4324 dicit
1232 4251 1314 4323 mihi
1340 4255 1461 4326 Scribe
1485 4253 1583 4324 Beati
1609 4252 1668 4346 qui
1693 4251 1740 4322 ad
1852 4272 1857 4284 ¹

253 4393 374 4444 cenam
403 4373 599 4465 nuptiarum
634 4375 715 4466 agni
748 4373 864 4446 vocati
890 4383 977 4444 sunt.
1021 4372 1064 4442 Et
1089 4371 1172 4446 dicit
1207 4373 1288 4444 mihi
1313 4374 1410 4444 llaec
1435 4373 1545 4447 verba
1571 4394 1656 4444 vera
1683 4371 1739 4444 dei

253 4495 339 4564 sun't.
393 4483 420 4528 ⁴⁰
436 4493 479 4566 Et
512 4493 623 4565 cecidi
657 4502 736 4564 ante
772 4493 884 4586 pedes
919 4493 993 4562 eius
1024 4503 1061 4564 ut
1096 4493 1280 4564 adorarem
1316 4515 1406 4564 eum.
1465 4493 1509 4564 Et
1542 4494 1624 4566 dicit
1657 4493 1740 4564 mihi

233 4613 338 4685 ,Vide
363 4635 408 4684 ne
434 4613 581 4687 seceris:
609 4634 797 4684 conservus
824 4621 902 4685 tuus
935 4635 1011 4684 snm
1038 4623 1074 4684 et
1099 4607 1259 4684 'fratrum
1293 4623 1428 4684 tuorum
1456 4613 1659 4706 ,habentium
1685 4625 1739 4684 te-

252 4719 448 4806 stimonium
473 4736 565 4806 lesu:
592 4731 699 4804 deum
725 4731 843 4805 adora.
890 4733 1136 4804 Testimonium
1163 4734 1255 4804 enim
1291 4734 1368 4806 lesu
1400 4743 1456 4804 est
1489 4734 1628 4829 spiritus
1654 4757 1738 4828 pro-

253 4853 403 4948 phetiae.
455 4849 477 4892 ⁴¹
497 4855 540 4926 Et
565 4854 636 4928 vidi
671 4855 805 4925 caelum
838 4862 1013 4947 apertum,
1040 4863 1076 4925 et
1102 4875 1187 4925 ecce
1215 4875 1324 4946 equus
1351 4854 1460 4940 albon,
1488 4866 1523 4927 et
1548 4856 1606 4949 qui
1631 4855 1739 4928 sede-

252 4975 314 5046 bat
341 4997 446 5070 super
472 4997 552 5047 eum
587 4975 779 5048 vocabatur
809 4973 923 5046 fidelis
950 4984 985 5046 et
1010 4995 1121 5046 verax
1146 4984 1306 5060 vocatur,
1340 4985 1376 5048 et
1400 4975 1526 5049 iustitia
1551 4975 1679 5050 iudicat
1705 4985 1741 5048 et

254 5105 393 5188 pugnat.
446 5088 472 5132 ¹²
490 5097 586 5168 Oculi
614 5105 730 5169 antem
756 5096 830 5167 eius
857 5093 944 5166 sieut
970 5094 1107 5167 llamma
1133 5094 1231 5188 ignis,
1260 5105 1295 5168 et
1321 5089 1374 5167 'in
1400 5098 1514 5192 capite
1542 5091 1636 5170 'eius
1661 5097 1738 5170 dia-

190 5247 194 5258 *
254 5216 393 5288 demata
434 5217 556 5303 multa,
600 5217 734 5290 habens
769 5237 899 5288 nomen
938 5217 1102 5311 scriptum
1146 5217 1241 5310 quod
1281 5237 1385 5290 nemo
1419 5218 1515 5292 novit
1547 5217 1612 5292 nisi
1653 5220 1737 5312 ipse.

770 5335 878 5421 XVlll,
907 5339 954 5410 20
984 5379 1032 5391 -
1057 5337 1142 5422 xlx,
1173 5341 1231 5414 ta.
