4242 6118
374 333 446 458 tto
798 385 1038 450 avallensium
1064 388 1266 450 SECUNDUM
1292 385 1417 452 noenu

371 595 406 664 in
430 589 573 663 brachio
600 613 674 692 sno,
703 590 864 684 dispersit
888 591 1061 684 Superbos
1087 601 1202 674 mente
1228 591 1346 688 cordis
1374 592 1442 663 sui:
1493 585 1520 633 55
1534 591 1699 688 ‘deposuit
1723 599 1850 685 poten-

372 724 428 785 tes
453 712 499 784 de
525 710 613 782 sede
639 719 674 780 et
699 709 863 781 exaltavit
887 709 1051 796 humiles,
1094 703 1121 748 55
1137 712 1329 784 esurientes
1362 712 1514 807 implevit
1539 715 1641 786 bonis
1667 721 1703 784 et
1728 711 1852 783 divites

373 833 502 906 dimisit
526 831 655 902 inanes.
707 818 734 866 55
748 830 907 925 Suscepit
932 830 1060 902 Israhel
1085 853 1230 925 puerum
1258 855 1358 905 suum
1376 835 1562 908 memorari
1580 831 1849 916 misericordiae,

372 945 400 992 55
416 954 504 1024 sicut
528 953 663 1023 locutus
690 933 743 1022 est
769 950 815 1023 ad
840 960 956 1044 patres
981 961 1136 1037 nostros,
1163 951 1339 1024 Abraham
1372 964 1408 1024 et
1438 956 1560 1028 semini
1595 956 1669 1026 eius
1702 955 1737 1024 in
1770 975 1853 1025 sae-

375 1075 461 1144 cula.
503 1063 664 1144 56lllansit
690 1080 805 1142 autem
831 1071 938 1144 Maria
965 1093 1043 1143 cum
1070 1071 1125 1143 illa
1152 1074 1250 1164 quasi
1277 1075 1456 1148 mensibus
1491 1077 1616 1167 tribus,
1645 1085 1680 1147 et
1705 1095 1851 1146 reversa

378 1203 433 1266 εει
459 1194 492 1264 in
518 1191 661 1264 domum
689 1213 798 1264 suam.
849 1183 1063 1264 ⁵⁷lllisabetb
1088 1201 1204 1264 autem
1237 1195 1415 1289 impletrnn
1442 1208 1497 1269 εει
1522 1207 1659 1292 tempus
1686 1193 1852 1289 pariendi,
1897 1209 1899 1220 ⁴

377 1323 413 1385 et
437 1313 575 1407 peperit
599 1311 712 1384 lilium.
764 1303 791 1349 55
807 1312 850 1382 Ει
875 1311 1057 1384 audierunt
1081 1313 1181 1385 vicini
1209 1323 1244 1384 et
1270 1318 1408 1409 cognati
1439 1319 1513 1389 eins
1546 1315 1626 1411 quia'
1651 1315 1852 1409 magnifica-

377 1409 610 1506 nilominus
637 1432 911 1505 misericordiam
938 1455 1038 1505 suam
1065 1455 1143 1504 cum
1170 1433 1235 1518 illa,
1263 1445 1298 1506 et
1324 1439 1649 1530 congratulabantur
1675 1437 1717 1510 ei.
1768 1427 1797 1472 55
1812 1434 1853 1504 Ει

376 1558 503 1626 lactum
529 1563 584 1625 est
609 1555 643 1624 in
670 1553 727 1625 die
754 1563 878 1626 octavo
905 1563 1073 1625 venerumt
1099 1554 1345 1628 circumcidere
1371 1579 1533 1651 puerum,
1561 1569 1596 1630 et
1621 1565 1749 1648 vocant
1774 1577 1853 1626 eum

376 1675 515 1747 nomine
542 1675 649 1768 patris
676 1675 750 1746 eius
785 1673 994 1746 Zachariam.
1045 1663 1072 1709 55
1087 1673 1131 1746 Ει
1162 1675 1381 1768 respondens
1416 1689 1528 1750 mater
1560 1679 1635 1752 eius
1667 1667 1754 1749 dixit
1782 1675 1853 1746 Ne-

376 1818 559 1890 quaquam,
587 1795 652 1867 sed
677 1795 858 1866 vocabitur
890 1795 1068 1868 lohannes.
1121 1786 1143 1831 55
1163 1796 1206 1866 Ει
1241 1796 1401 1868 dixerunt
1434 1798 1480 1870 ad
1513 1800 1604 1871 illam
1637 1798 1717 1892 quia
1750 1816 1854 1868 nemo

376 1927 431 1988 est
456 1917 489 1988 in
516 1917 721 2010 cognatione
746 1925 805 1987 tua
831 1915 889 2008 qui
914 1924 1059 1988 vocetur
1085 1914 1153 1986 hoo
1178 1917 1326 1988 nomine.
1369 1909 1600 1994 ⁶²1nnuebant
1625 1928 1740 1990 autem
1766 1915 1854 2010 patri

376 2039 451 2110 eins
479 2059 582 2130 quern
608 2037 713 2108 vellet
737 2036 856 2108 vocari
883 2057 972 2108 eum.
1023 2028 1104 2106 55Ει
1129 2037 1308 2128 postulans
1340 2039 1530 2132 pugilarem
1565 2039 1704 2133 scripsit
1734 2036 1854 2108 dicens

375 2159 545 2230 lohannes
572 2167 626 2228 est
650 2177 778 2228 nomen
804 2157 889 2228 eius.
932 2157 975 2227 Et
1000 2156 1112 2227 mirati
1138 2166 1217 2227 sunt
1250 2141 1412 2230 universi}
1462 2147 1489 2196 55
1505 2158 1673 2253 Apertum
1705 2167 1759 2229 est
1791 2177 1854 2228 au-

376 2277 449 2350 tem
475 2276 552 2348 ilico
580 2298 622 2348 os
650 2277 724 2348 eius
752 2287 787 2348 et
811 2277 927 2368 lingua
953 2277 1044 2362 eius,
1072 2286 1108 2348 et
1132 2277 1340 2368 loquebatur
1372 2279 1582 2353 benedicens
1610 2280 1725 2352 deum.
1775 2267 1856 2348 55Ει

376 2401 486 2470 lactus
514 2407 569 2468 est
594 2399 697 2470 timor
722 2417 828 2491 super
855 2417 978 2468 omnes
1003 2396 1136 2467 vicinos
1171 2417 1309 2483 eorum,
1345 2409 1380 2470 et
1406 2421 1511 2493 super
1545 2400 1661 2472 omnia
1692 2407 1855 2470 montana

376 2518 505 2590 ludeae
531 2518 795 2610 divulgabantur
822 2518 946 2606 omnia,
964 2517 1071 2589 verba
1098 2517 1201 2603 haec,
1245 2509 1273 2554 55
1289 2529 1324 2589 ει
1348 2531 1540 2612 posuerunt
1566 2541 1688 2594 omnes
1715 2519 1774 2612 qui
1791 2539 1863 2589 au-·

377 2637 513 2711 dierant
538 2639 573 2710 in
599 2639 707 2710 corde
733 2659 807 2722 suo,
836 2638 991 2710 dicentes
1019 2636 1110 2723 Quid
1135 2647 1236 2731 putas
1271 2659 1358 2732 puer
1390 2640 1456 2710 iste
1489 2641 1579 2712 erit?
1611 2639 1746 2712 Etenim
1779 2658 1855 2709 ma-

336 2840 340 2846 ,
377 2776 443 2830 nus
470 2759 600 2830 domini
626 2768 700 2832 erat
726 2781 804 2831 oum
831 2758 897 2830 illo.
922 2813 927 2824 .
949 2750 976 2794 55
992 2757 1035 2828 Ει
1058 2757 1242 2830 Zacharias
1275 2769 1375 2852 pater
1407 2760 1483 2831 eius
1516 2761 1676 2855 im'pletus
1702 2767 1758 2830 est
1782 2757 1855 2850 spi-

377 2879 443 2950 ritu
469 2889 590 2951 saneto
617 2891 652 2952 et
684 2879 906 2974 prophetavit
931 2877 1050 2951 dicens
1092 2869 1119 2914 5
1133 2879 1340 2951 Benedictus
1366 2880 1454 2952 deus
1488 2881 1633 2966 Israhel,
1666 2880 1747 2972 quia
1771 2878 1855 2948 visi-

378 3000 462 3072 tavit
488 3010 523 3072 et
547 3001 628 3072 lecit
653 3000 904 3072 redemtionem
930 3000 1023 3094 plebi
1050 3019 1153 3084 suae,
1204 2989 1231 3035 ⁶⁹
1248 3009 1283 3070 et
1317 3001 1429 3072 erexit
1462 3023 1570 3072 cornu
1601 3001 1721 3074 salutis
1753 2996 1855 3070 nobis

377 3121 412 3192 in
438 3121 545 3194 domo
572 3120 684 3192 David
710 3122 809 3215 pueri
835 3122 897 3206 sui,
946 3112 974 3157 ⁷⁰
991 3120 1079 3191 siout
1103 3120 1237 3191 locutus
1264 3131 1319 3190 est
1350 3143 1415 3214 per
1446 3142 1488 3193 os
1519 3131 1717 3194 sanctorum
1751 3117 1808 3212 qui
1835 3139 1857 3188 a

379 3243 521 3314 saeculo
549 3251 628 3313 sunt
653 3241 900 3335 prophetarum
927 3241 1019 3326 eius,
1063 3232 1086 3276 ⁷¹
1103 3241 1248 3310 salutem
1267 3263 1314 3311 ex
1330 3241 1475 3311 inimicis
1493 3243 1620 3318 nostris
1638 3251 1672 3312 et
1689 3240 1736 3314 de
1753 3259 1856 3310 manu

379 3363 532 3436 omnium
559 3362 617 3456 qui
642 3383 708 3432 nos
736 3361 898 3448 oderunt,
941 3354 969 3400 55
986 3361 1031 3433 ad
1057 3359 1250 3452 taciendam
1284 3360 1558 3433 misericordiam
1593 3383 1671 3434 cum
1703 3359 1857 3454 patribus

377 3484 506 3556 nostris
533 3493 569 3554 et
594 3483 781 3554 memorari
807 3481 1003 3554 testamenti
1029 3482 1081 3553 sui
1114 3481 1238 3565 saneti,
1294 3473 1320 3518 55
1337 3482 1573 3554 iusiurandum
1608 3481 1703 3574 qnod
1734 3479 1859 3550 iuravit

379 3604 425 3677 ad
459 3603 635 3675 Abraham
668 3613 803 3698 patrem
837 3612 1010 3688 nostrum,
1045 3601 1206 3673 daturum
1241 3623 1281 3672 se
1306 3601 1409 3672 nobis
1460 3589 1487 3638 55
1500 3613 1536 3674 ut
1562 3603 1637 3674 sine
1662 3602 1787 3672 timore
1812 3599 1858 3670 de

379 3747 483 3797 manu
509 3724 724 3795 inimicorum
750 3733 947 3796 nostrorum
972 3722 1106 3792 liberati
1133 3722 1327 3794 serviamus
1353 3721 1399 3790 illi
1437 3713 1511 3791 ⁷⁵in
1536 3722 1715 3794 sanctitate
1742 3731 1778 3792 et
1803 3721 1857 3791 iu-

379 3845 470 3915 stitia
496 3865 615 3916 coram
641 3845 719 3937 ipso
746 3844 906 3916 omnibus
933 3842 1058 3914 diebus
1083 3842 1220 3913 nostris.
1264 3833 1291 3878 55
1306 3840 1349 3911 Ει
1374 3849 1411 3911 ιιι
1437 3862 1524 3934 puer
1559 3843 1730 3936 propheta
1753 3841 1858 3912 altis-

380 3965 458 4036 simi
483 3965 683 4036 vocaberis:
711 3965 863 4058 praeibis
889 3963 980 4034 enim
1006 3973 1084 4034 ante
1110 3962 1232 4032 laniem
1259 3960 1388 4032 domini
1413 3981 1539 4055 parare
1564 3963 1740 4048 visseins,
1773 3953 1801 3998 55
1814 3960 1859 4032 ad

381 4084 532 4158 dandam
559 4085 737 4156 scientiam
770 4085 889 4156 salutis
914 4083 1008 4178 plebi
1034 4083 1109 4154 eius
1141 4083 1176 4152 in
1208 4082 1447 4154 remissionem
1478 4093 1702 4176 peccatorum
1738 4104 1859 4156 eorum

379 4197 482 4301 ”per
507 4206 644 4276 viscera
670 4203 930 4276 misericordiae
956 4203 1014 4276 dei
1041 4204 1159 4289 nostri,
1186 4204 1220 4274 in
1247 4201 1372 4295 quibus
1398 4203 1549 4274 visitavit
1579 4226 1644 4276 nos
1672 4204 1787 4275 oriens
1813 4223 1860 4272 ex

293 4385 298 4396 .
381 4329 466 4414 alto,
509 4320 536 4366 55
553 4326 753 4398 inluminare
779 4325 833 4396 his
864 4325 920 4418 qui
956 4325 991 4395 in
1024 4323 1174 4396 tenebris
1210 4332 1245 4394 et
1277 4323 1312 4392 in
1345 4321 1468 4394 umbra
1499 4325 1620 4396 mortis
1647 4324 1786 4409 sedent,
1814 4321 1860 4394 ad

380 4447 582 4542 dirigendos
621 4446 734 4541 pedes
768 4455 908 4517 nostros
947 4446 982 4516 in
1011 4446 1103 4518 viam
1138 4444 1245 4539 pacis.
1298 4434 1325 4479 ⁸⁰
1341 4442 1432 4514 Puer
1462 4453 1578 4516 autem
1611 4445 1792 4517 crescebat
1826 4453 1860 4514 et

354 4601 358 4610 ·
381 4569 639 4644 confortabatur
666 4565 796 4661 spiritu,
824 4575 859 4636 et
885 4576 960 4638 erat
985 4567 1020 4638 in
1045 4566 1186 4638 deserto
1213 4586 1325 4658 usque
1351 4566 1386 4636 in
1412 4563 1505 4636 diem
1538 4566 1748 4638 ostensionis
1775 4583 1860 4636 suae

380 4692 425 4764 ad
450 4691 588 4764 israhel.

1101 4893 1137 4963 ll.

326 5093 331 5106 ·
458 5045 628 5125 ⁴lactum
655 5059 711 5122 est
736 5059 850 5122 autem
876 5050 911 5120 in
937 5049 1060 5120 diebus
1086 5047 1152 5118 illis
1179 5049 1264 5118 exiit
1290 5048 1441 5120 edictum
1474 5071 1495 5119 a
1529 5049 1678 5120 Caesare
1703 5045 1860 5136 Augusto

382 5183 418 5244 ut
444 5173 700 5246 describeretur
726 5171 908 5244 universus
935 5169 1047 5242 orbis:
1087 5161 1201 5240 'haec
1227 5169 1416 5264 descriptio
1434 5169 1545 5264 prima
1571 5170 1659 5240 faeta
1685 5175 1740 5238 est
1757 5185 1861 5259 prae-

971 5291 993 5376 1,
1022 5287 1208 5376 stt-11,
1238 5293 1270 5364 2.
