4238 6134
380 372 454 444 320
706 408 709 417 ,
738 365 921 432 CAPITULA
946 363 1153 431 EPISTULAE
1179 366 1231 430 All
1258 367 1505 432 COLOSENSES

1379 475 1858 484 ——-——----—-—-.———-—-

462 573 555 646 XIIII.
582 574 634 642 De
660 571 842 646 virtutibus
870 570 1087 663 spiritalibus.

485 693 554 766 XV.
581 693 634 761 De
661 690 796 774 sanctis,
825 688 920 782 quod
938 689 1051 759 omnia
1069 687 1162 760 dictu
1187 689 1348 782 factuque
1373 690 1407 758 in
1432 690 1572 760 nomine
1590 689 1721 761 domini
1739 687 1881 760 Christi·

583 819 727 901 agentes
754 809 883 899 gratias
910 807 980 879 deo
1006 807 1096 900 patri
1121 827 1185 899 per
1210 806 1323 899 ipsum
1350 828 1490 900 semper
1515 807 1667 880 debeant
1693 809 1840 903 operari.

418 981 421 1000 .
471 929 553 999 XVI.
580 929 633 998 De
660 927 874 998 sublectione
902 927 1081 998 mulierum
1109 925 1155 997 ad
1180 926 1332 996 maritos.

453 1047 547 1118 XVII.
574 1047 627 1116 De
654 1047 807 1117 virorum
834 1045 1016 1117 dilectione
1043 1044 1089 1116 ad
1116 1045 1281 1136 coniuges
1308 1053 1343 1114 et
1368 1046 1595 1138 temperantm
1622 1045 1832 1138 disciplmne.

440 1167 548 1236 XVIII.
575 1167 627 1235 De
654 1163 801 1234 fili0rnm
829 1164 1000 1255 obsequio
1028 1161 1272 1256 adparentes.

464 1284 549 1354 XIX.
576 1283 628 1352 De
654 1291 790 1375 patrum
818 1303 902 1374 erga
928 1281 1016 1354 lilios
1043 1291 1328 1374 temperamento.

477 1403 548 1472 XX.
575 1403 628 1470 De
655 1419 835 1470 servornm
862 1401 1043 1492 obsequio.

463 1521 549 1591 XXI.
575 1521 628 1589 De
655 1519 803 1590 dominis
831 1539 914 1610 ergo
942 1539 1075 1590 servos.

450 1640 548 1712 XXII.
575 1640 628 1708 De
654 1637 812 1710 Instantis
839 1646 874 1708 et
898 1637 1072 1728 vigilentin
1097 1637 1272 1710 orationis.

438 1759 548 1830 XXIII.
574 1758 626 1827 lle
654 1756 825 1828 sermonis
851 1765 887 1826 et
913 1755 995 1828 solis
1021 1764 1058 1826 et
1082 1755 1214 1848 gratim
1240 1754 1472 1828 condimento.
1561 1807 1564 1814 -

425 1878 549 1950 XXIIII.
576 1877 628 1946 De
656 1875 806 1967 Ihycico
833 1883 870 1944 et
895 1872 1070 1946 Onesimo.
1359 1941 1363 1948 .

450 1996 550 2066 XXV.
577 1997 630 2066 De
656 1993 854 2066 ArIstharco
881 1993 1088 2086 concaptivo
1115 1991 1264 2084 apostoli
1290 2001 1326 2062 et
1351 1991 1469 2062 Meroe
1496 1991 1706 2066 consobrino
1723 1994 1854 2068 Barna*
1945 2069 1952 2082 ,

541 2197 545 2206 ⁴
578 2115 647 2183 bae
673 2122 708 2182 et
732 2113 810 2183 lesu
835 2113 927 2182 lusto
954 2131 1001 2180 ex
1028 2110 1289 2182 circumcisione
1315 2107 1528 2182 adiutoribus
1554 2113 1661 2203 regni.
1794 2117 1800 2128 '
1846 2117 1852 2128 '

432 2233 546 2304 XXVI.
573 2233 625 2302 De
651 2229 1074 2322 solllcitudinellphalre'e
1099 2229 1134 2298 in
1160 2229 1315 2300 oratione
1332 2242 1397 2321 pro
1424 2223 1688 2302 ‘colosensihus
1715 2241 1750 2302 et
1765 2232 1855 2304 Lau-

577 2349 776 2421 dicensibus
802 2359 839 2420 et
863 2348 1136 2440 HIeropolitnnIs.

422 2469 550 2540 XXVII.
577 2470 629 2538 De
655 2469 748 2539 Luca
775 2467 913 2540 mchco
937 2476 975 2536 ct
999 2467 1120 2536 Deme.

406 2588 543 2660 XXVIII.
571 2588 623 2657 De
649 2585 810 2680 Nympha
837 2595 873 2655 et
902 2584 1095 2656 domestIcn
1121 2584 1195 2654 eius
1222 2584 1380 2654 ecclesia.

428 2705 544 2776 XXIX.
571 2706 624 2774 De
651 2704 808 2797 apostolo
835 2701 1021 2774 mandente
1055 2711 1093 2772 ut
1118 2701 1377 2778 colossensium
1412 2702 1593 2797 spicuam
1618 2703 1853 2778 laudicense

575 2824 793 2915 legerent'et
817 2821 1081 2896 Laodicensium
1108 2820 1346 2892 Colossenses.

745 2977 747 2984 ’
895 2963 1119 3036 EXPLIOEUN'I
1140 2965 1335 3034 utrumn.
