4146 6120
698 427 878 491 EPISTULA
903 427 956 489 ΑΙ)
984 427 1201 489 TlllOTllEUll
1227 427 1246 487 l.
1644 421 1710 492 3ll

236 635 430 718 doctrinae,
480 622 692 727 ‘superbus
724 613 805 703 nih'il
840 633 972 718 selene,
1009 631 1073 702 sed
1105 631 1272 722 languens
1307 631 1397 701 circa
1430 629 1654 723 quaestiones
1685 639 1720 700 et

237 749 392 848 'pugnas
426 753 632 838 verborum,
667 775 714 824 ex
747 753 871 846 quibus
906 751 1059 824 oriuntur
1085 751 1251 836 invidiae,
1279 751 1524 835 contentiones,
1552 749 1718 844 blasphe-

238 875 346 959 miae,
379 874 594 968 suspiciones
628 875 756 958 malae,
799 865 1096 944 ⁵eonllietationes
1129 871 1304 942 hominum
1337 847 1451 942 mente
1478 878 1718 964 corruptorum

238 1005 274 1066 et
300 995 357 1087 qui
375 994 521 1065 veritate
539 994 660 1088 privati
680 1003 767 1079 sunt,
786 993 1051 1066 existimantium
1070 1001 1252 1086 quaestum
1271 1013 1352 1063 esse
1370 991 1542 1084 pietatem.
1569 978 1646 1036 ⁶⁰⁷³
1659 989 1721 1060 Est

238 1123 353 1186 autem
380 1123 545 1208 quaestus
572 1135 717 1206 magnus
751 1113 863 1206 pietas
897 1136 975 1186 cum
1006 1112 1214 1185 sufficientia.
1270 1105 1388 1182 “Nihil
1423 1112 1513 1182 enim
1550 1109 1720 1181 intulimus

238 1235 272 1305 in
297 1235 448 1307 mundo:
480 1234 563 1305 haut
595 1233 736 1305 dubium
771 1233 850 1326 quia
881 1257 948 1305 neo
981 1236 1115 1306 auferre
1150 1233 1231 1326 quid
1265 1254 1469 1326 possumus:
1519 1223 1719 1302 “habentes

240 1365 352 1426 autem
381 1355 540 1426 alimenta
567 1367 603 1425 et
628 1354 752 1446 quibus
779 1363 954 1447 tegamur,
982 1355 1036 1426 his
1067 1354 1218 1426 contenti
1244 1375 1372 1426 sumus.
1423 1345 1542 1423 ”Nam
1571 1349 1627 1442 qui
1653 1371 1719 1422 vo-

238 1475 310 1546 lunt
335 1475 459 1546 divites
485 1473 568 1560 lieri,
595 1473 746 1546 incidunt
772 1473 806 1544 in
832 1476 1093 1568 temptationem
1121 1485 1157 1546 et
1182 1476 1342 1567 laqueum
1361 1483 1396 1544 et
1414 1471 1588 1544 desideria
1614 1472 1720 1542 multa

240 1596 365 1667 inutilia
401 1605 436 1666 et
467 1596 606 1680 nociva,
642 1615 731 1686 quae
764 1605 925 1686 mergunt
955 1595 1113 1666 homines
1145 1595 1179 1665 in
1210 1595 1380 1665 interitum
1415 1603 1450 1663 et
1480 1589 1718 1684 perditionem.

240 1706 266 1752 ¹⁰
281 1713 394 1786 Radix
419 1715 509 1785 enirn
537 1715 687 1786 omnium
715 1715 883 1786 malorum
911 1724 966 1786 est
991 1715 1177 1807 cupiditas,
1205 1737 1310 1808 quam
1342 1697 1484 1806 quidam
1516 1704 1720 1806 adpetentes

240 1843 441 1904 erraverunt
467 1856 486 1904 a
514 1833 583 1905 lide
611 1843 646 1903 et
671 1834 886 1906 inseruerunt
912 1857 952 1906 se
976 1834 1158 1908 doloribus
1184 1834 1304 1906 multis.
1358 1823 1380 1868 ⁴⁴
1397 1823 1450 1879 ‘²⁸'
1470 1833 1519 1904 Tu
1545 1842 1669 1918 autem,
1698 1853 1719 1904 o

242 1951 347 2023 homo
374 1951 441 2037 dei,
468 1951 556 2022 haec
581 1953 670 2045 fuge,
698 1964 833 2026 sectare
860 1976 946 2026 vero
973 1955 1150 2040 iustitiam,
1178 1955 1356 2048 pietatem,
1384 1951 1504 2038 fidem,
1533 1925 1719 2038 caritatem,

241 2072 448 2166 patientiam,
476 2073 789 2145 mansuetudinem:
832 2068 984 2147 ⁴²'certa
1011 2073 1140 2146 bonum
1160 2087 1335 2147 certamen
1354 2073 1445 2159 fidei,
1473 2073 1720 2172 adpraehendit

240 2191 345 2264 vitam
381 2201 571 2278 aeternam,
606 2193 640 2263 in
673 2215 740 2285 qua
772 2204 918 2266 vocatus
951 2217 990 2266 es
1022 2206 1057 2266 et
1092 2197 1272 2268 consessus
1308 2196 1436 2266 bonam
1468 2195 1719 2266 consessionem

242 2333 360 2384 coram
394 2312 508 2382 multis
542 2312 695 2384 testibus.
747 2304 773 2349 ⁴³
789 2313 968 2409 Praecipio
998 2315 1058 2386 tibi
1083 2335 1207 2388 coram
1240 2315 1309 2386 deo
1343 2315 1399 2408 qui
1431 2313 1581 2386 vivificat
1606 2313 1720 2387 omnia

242 2442 277 2503 et
303 2431 435 2504 Christo
462 2433 548 2518 lesu,
575 2433 633 2525 qui
660 2433 889 2505 testimonium
909 2429 1079 2508 'reddidit
1105 2436 1169 2506 sub
1197 2435 1318 2506 Pontio
1345 2435 1452 2506 Pilato
1479 2435 1607 2506 bonam
1634 2456 1719 2505 oon-

242 2551 444 2636 loseionem;
487 2541 513 2590 ¹⁴
528 2563 566 2624 ut
599 2573 721 2624 serves
746 2553 945 2626 mandatum
972 2558 1047 2628 sine
1079 2556 1226 2641 macula,
1252 2553 1583 2650 inrepraehensibile
1611 2575 1719 2646 usque

241 2673 276 2743 in
301 2673 487 2744 adventum
516 2673 643 2746 domini
670 2675 776 2745 nostri
804 2673 883 2746 lesu
910 2676 1047 2762 Christi,
1092 2667 1234 2768 ⁴⁵quem
1261 2676 1334 2747 suis
1359 2675 1574 2768 temporibus
1601 2684 1719 2746 osten-

242 2793 303 2866 d⁶²
328 2793 452 2864 bem
478 2803 513 2864 ⁰⁸
538 2795 635 2866 ⁹⁰¹l¹⁸
659 2803 793 2888 P⁰l³¹¹⁸t
820 2816 884 2867 rex
911 2815 1033 2890 regum
1061 2805 1096 2867 et
1122 2796 1282 2868 dominus
1309 2795 1574 2879 dominantium,
1618 2785 1645 2830 ¹⁶
1663 2794 1720 2887 qui
1842 2766 1870 2792 '‘

243 2914 337 2984 solus
369 2913 476 2984 habet
509 2914 801 3001 inmortalitatem,
845 2918 956 2988 lucem
988 2917 1147 2988 babitans
1176 2917 1465 3001 inaccessibilem,
1501 2933 1604 3006 quem
1635 2913 1720 2985 vidit

243 3033 358 3114 nrrllus,
379 3033 554 3103 bominum
582 3034 647 3105 sed
680 3055 745 3104 neo
777 3035 896 3106 videre
924 3029 1075 3128 potest,
1103 3037 1157 3108 oui
1184 3037 1296 3108 honor
1322 3047 1357 3108 et
1382 3035 1562 3129 imperinm
1589 3033 1718 3125 sempi-

243 3161 393 3235 ternum,
421 3171 532 3222 amen.
584 3141 677 3200 ΠΨ)
692 3153 862 3225 Divitibus
894 3155 992 3226 huns
1027 3157 1155 3233 saeculi
1190 3156 1354 3250 praecipe
1378 3175 1448 3226 non
1481 3153 1633 3246 superbe
1659 3173 1718 3222 sa-

124 3273 128 3282 '
242 3291 337 3364 pere,
363 3289 477 3362 neque
503 3289 647 3364 sperare
672 3271 707 3341 ln
731 3271 861 3344 incerto
888 3272 1089 3358 divitiarum,
1118 3275 1182 3346 sed
1208 3276 1243 3344 in
1268 3274 1339 3346 deo
1366 3275 1423 3367 qui
1439 3281 1594 3367 praestat
1619 3269 1720 3340 nobis

243 3392 357 3462 omnia
384 3389 522 3462 abunde
549 3389 594 3462 ad
621 3391 819 3478 fruendum,
864 3382 890 3429 ⁴⁸
905 3393 997 3464 bene
1023 3413 1139 3486 agere,
1167 3393 1291 3466 divites
1316 3393 1390 3464 fieri
1416 3395 1451 3463 in
1469 3391 1633 3486 operibus
1651 3389 1719 3460 bo-

242 3511 303 3596 nis,
321 3509 599 3596 lucile'tn'buere,
626 3509 896 3597 communicare,
941 3503 969 3550 ¹⁰
980 3512 1211 3585 thesaurizare
1230 3513 1296 3586 sibi
1313 3513 1570 3585 tundamentum
1587 3511 1719 3581 bonum

242 3631 275 3700 in
301 3632 463 3716 futurum,
497 3640 534 3702 ut
565 3629 848 3726 adpraehendent
878 3651 999 3704 verum
1024 3633 1140 3705 vitum.
1191 3624 1322 3705 ”mlo
1348 3625 1576 3716 ’Timotbeae
1604 3627 1717 3722 depo-

242 3751 343 3823 situm
374 3751 526 3838 custodi,
560 3751 718 3824 devitans
753 3753 916 3848 profanas
950 3771 1076 3826 vocum
1109 3754 1279 3826 novitates
1313 3763 1349 3825 et
1381 3753 1618 3848 oppositiones
1643 3749 1719 3820 salsi

241 3873 387 3944 nominis
413 3872 590 3958 scientiae,
634 3863 657 3908 ¹⁴
677 3895 780 3966 quam
808 3873 947 3966 quidam
973 3876 1212 3967 promittentes
1245 3875 1337 3947 eirca
1369 3873 1474 3947 fidem
1505 3871 1717 3946 exciderunt.

132 3993 135 4000 ’
243 3993 357 4066 Gratia
383 4003 514 4080 mcum,
540 4013 652 4066 emen.

617 4147 789 4211 nxrncrr
809 4145 991 4210 mierum
1012 4144 1065 4208 nn
1086 4127 1360 4210 amoremne
