4242 6118
372 374 441 446 tul
797 369 1038 438 EVhNGELlUll
1065 373 1264 436 SECUNDUM
1292 371 1417 436 Lucan

367 587 474 668 losec,
502 581 559 675 qui
585 581 645 652 luit
670 581 772 664 loda,
816 573 843 616 ⁷²
861 579 917 672 qui
944 579 1004 649 luit
1029 578 1188 664 loharma,
1217 579 1275 672 qui
1302 579 1361 650 luit
1387 579 1496 664 Besa,
1525 578 1580 671 qui
1608 577 1668 648 luit
1693 579 1850 650 Zoroba-

368 707 442 792 bel,
470 704 526 797 qui
558 702 617 772 luit
650 699 825 784 Salathiel,
862 699 920 791 qui
957 699 1019 770 fuit
1051 699 1149 783 Neri,
1192 691 1290 792 ”qui
1325 699 1386 770 luit
1410 697 1550 784 Melchi,
1579 697 1637 791 qui
1663 699 1723 768 luit
1748 698 1850 784 Addi,

369 827 427 920 qui
452 825 512 897 luit
538 823 671 904 Cosam,
700 819 757 912 qui
783 820 844 890 luit
869 818 1081 906 helmadam,
1110 819 1168 912 qui
1195 819 1254 890 luit
1280 821 1369 904 Her,
1417 812 1444 858 ²⁹
1461 821 1519 912 qui
1552 818 1612 889 fuit
1638 818 1759 903 lhesu,
1794 821 1850 912 qui

369 949 428 1018 fuit
453 939 685 1034 Ehozer,qui
717 939 776 1010 luit
810 939 928 1024 lorim,
955 939 1013 1032 qui
1047 939 1107 1010 luit
1140 939 1308 1025 Matthad,
1338 939 1397 1034 qui
1430 939 1490 1010 luit
1523 939 1620 1024 Levi,
1664 931 1690 977 ³⁰
1708 940 1765 1032 qui
1792 941 1852 1011 luit

369 1072 540 1163 Symeon,
568 1061 626 1154 qui
651 1061 712 1130 brit
737 1059 839 1144 luda,
866 1059 924 1152 qui
955 1059 1016 1129 luit
1041 1059 1184 1152 loseph,
1212 1060 1270 1152 qui
1296 1061 1355 1130 luit
1381 1061 1479 1144 lona,
1507 1059 1565 1151 qui
1590 1060 1650 1129 brit
1675 1059 1878 1154 Eliachim„

367 1183 390 1228 ³⁴
411 1187 469 1280 qui
495 1185 555 1256 luit
579 1181 699 1264 Melea,
727 1180 784 1272 qui
810 1181 870 1252 luit
895 1180 1034 1264 Menna,
1062 1180 1120 1271 qui
1152 1180 1212 1250 luit
1237 1180 1417 1265 Matthata,
1445 1180 1503 1272 qui
1529 1179 1589 1248 luit
1614 1179 1764 1264 Nathan,
1793 1181 1851 1274 qui

367 1308 427 1379 luit
452 1301 582 1386 David,
625 1293 722 1392 ³²qui
748 1301 808 1372 luit
833 1301 938 1385 lesse,
966 1300 1024 1392 qui
1051 1300 1112 1370 luit
1138 1299 1258 1386 Obed‚
1287 1303 1344 1394 qui
1371 1303 1431 1372 fuit
1456 1301 1567 1384 Booz,
1595 1300 1653 1392 qui
1687 1301 1747 1371 fuit
1773 1301 1849 1372 Sal-

367 1448 464 1510 mon,
500 1423 558 1516 qui
590 1422 650 1492 luit
683 1420 871 1504 Naasson,
908 1412 934 1458 ³³
951 1421 1009 1512 qui
1042 1420 1103 1490 tuit
1134 1419 1346 1508 Aminadab,
1381 1421 1439 1514 qui
1472 1421 1533 1490 luit
1566 1418 1676 1505 Aran,
1705 1421 1763 1514 qui
1790 1421 1850 1491 luit

278 1605 282 1621 ,
367 1548 500 1629 Esrom,
528 1543 586 1636 qui
611 1542 672 1612 luit
698 1540 838 1624 Phares,
867 1540 924 1632 qui
950 1540 1011 1610 luit
1036 1540 1158 1625 ludae,
1202 1531 1299 1634 ³‘qui
1327 1541 1387 1612 luit
1411 1541 1533 1626 lacob,
1572 1541 1630 1633 qui
1657 1541 1717 1611 luit
1742 1541 1848 1627 Isaac,

369 1667 426 1761 qui
453 1665 513 1736 luit
538 1662 727 1746 Abraham,
764 1661 821 1753 qui
848 1660 908 1730 hail
933 1660 1082 1746 Therae,
1117 1661 1175 1753 qui
1208 1661 1269 1732 luit
1293 1661 1448 1746 Nacbor‚
1492 1653 1520 1700 ³⁵
1537 1661 1595 1754 qui
1620 1662 1682 1732 luit
1708 1661 1849 1747 Seruch,

369 1788 426 1881 qui
452 1786 512 1856 fuit
536 1783 666 1874 hagan,
694 1781 752 1874 qui
778 1782 839 1852 suit
864 1781 1007 1866 Phalec,
1044 1781 1101 1874 qui
1127 1781 1188 1851 fuit
1212 1781 1322 1867 Eber,
1351 1783 1409 1875 qui
1436 1783 1496 1852 ruit
1523 1783 1618 1866 Sale,
1661 1772 1689 1820 ³⁵
1706 1783 1764 1875 qui
1789 1783 1850 1852 fuit

369 1908 535 1990 Chainan,
564 1903 621 1995 qui
648 1903 708 1973 luit
734 1899 892 1987 Artaxat,
930 1903 988 1995 qui
1022 1901 1083 1970 luit
1109 1901 1208 1986 Sem,
1236 1903 1294 1995 qui
1321 1903 1382 1973 luit
1407 1903 1492 1988 Noe,
1520 1903 1578 1995 qui
1604 1902 1664 1974 luit
1689 1902 1847 1984 Lamech,

367 2019 393 2064 ³⁷
411 2028 468 2120 qui
494 2027 555 2096 luit
579 2023 798 2108 Matthusale,
835 2022 892 2116 qui
919 2021 979 2092 luit
1003 2021 1135 2106 Enoch,
1164 2023 1222 2115 qui
1257 2023 1318 2093 luit
1342 2021 1457 2108 lared,
1493 2023 1550 2116 qui
1575 2023 1637 2094 luit
1661 2023 1848 2107 Malelohel,

368 2147 425 2240 qui
458 2145 518 2216 luit
551 2144 693 2228 Cainan,
743 2133 770 2180 ³⁸
787 2142 845 2234 qui
876 2142 936 2212 luit
967 2141 1077 2228 linos,
1113 2143 1170 2235 qui
1204 2143 1264 2214 luit
1298 2143 1398 2228 Seth,
1441 2143 1497 2236 qui
1530 2144 1591 2214 luit
1622 2141 1749 2228 Adam,
1791 2141 1848 2236 qui

289 2267 296 2279 '
367 2267 431 2338 luit
452 2266 519 2337 dei.

1083 2539 1133 2609 lV.

442 2738 543 2792 “¹⁵²³
562 2746 658 2817 lesus
684 2755 800 2816 autem
826 2746 948 2839 plenus
974 2745 1092 2840 spiritu
1119 2753 1239 2816 sancto
1268 2765 1450 2838 regressus
1477 2751 1532 2815 est
1558 2745 1602 2815 ab
1628 2741 1784 2825 Iordane,
1812 2749 1847 2810 et

256 2911 265 2920 ·
367 2867 535 2960 agebatur
567 2866 601 2936 in
635 2865 754 2960 spiritu
785 2865 819 2935 in
850 2865 1026 2936 desertum
1075 2858 1228 2936 ²diebus
1255 2864 1502 2957 quadraginta,
1533 2872 1567 2933 et
1593 2862 1847 2934 temtabatura

366 2987 516 3060 diabolo.
568 2976 642 3034 (Μ)
661 2987 704 3056 Et
733 2985 815 3056 nihil
845 2985 1064 3060 manducavit
1097 2986 1131 3057 in
1164 2986 1287 3058 diebus
1322 2985 1400 3070 illis,
1437 2995 1472 3055 ot
1504 2981 1748 3054 consummatis
1783 2979 1846 3050 illis

365 3107 492 3179 esuriit.
536 3099 653 3177 ³Dixit
679 3115 794 3188 autem
820 3105 866 3178 illi
891 3105 1050 3179 diabolus
1078 3107 1114 3177 Si
1139 3105 1227 3177 lilius
1254 3105 1311 3177 dei
1338 3127 1385 3190 es,
1414 3103 1470 3176 dic
1494 3103 1599 3197 lapidi
1624 3102 1703 3173 huic
1727 3111 1765 3172 ut
1781 3121 1845 3196 pa-

364 3229 417 3300 nis
443 3227 510 3298 liat
561 3217 633 3294 *Et
658 3225 837 3318 respondit
862 3226 908 3298 ad
940 3227 1032 3298 illum
1066 3227 1164 3298 lesus
1190 3226 1359 3332 Scriptmn
1393 3237 1447 3297 cst
1477 3224 1657 3319 quianon
1687 3224 1722 3294 in
1754 3242 1846 3315 pane

365 3351 441 3422 solo
468 3345 692 3419 vivethomo
720 3345 844 3418 sedin
870 3347 963 3418 omni
991 3348 1102 3419 verbo
1138 3347 1205 3419 dei.
1257 3339 1330 3417 ⁵Et
1355 3346 1454 3418 duxit
1486 3345 1578 3416 illum
1605 3343 1764 3417 diabolus
1792 3342 1846 3412 'ct

345 3468 517 3542 ostendit
541 3467 586 3537 illi
613 3467 729 3537 omnia
756 3487 863 3560 regna
890 3468 984 3538 orbis
1012 3479 1126 3540 terrae
1153 3469 1187 3540 in
1213 3476 1389 3538 momento
1416 3465 1601 3559 temporis,
1645 3456 1713 3535 6et
1739 3463 1785 3533 ait
1813 3461 1844 3532 ei

363 3591 438 3662 Tibi
465 3587 559 3660 dabo
584 3596 795 3680 potestatem
821 3588 911 3660 hanc
937 3588 1134 3659 universam
1162 3597 1196 3658 et
1221 3587 1366 3680 gloriam
1393 3588 1538 3671 illorum,
1567 3586 1647 3677 quia
1673 3584 1754 3654 mibi
1772 3592 1843 3653 tra-
1875 3657 1884 3674 ,

363 3711 434 3782 dito
461 3717 539 3779 sunt
565 3716 599 3777 ot
625 3708 680 3778 cui
705 3709 786 3780 volo
813 3707 861 3779 do
887 3709 959 3778 illa:
1003 3701 1070 3777 ⁷tu
1097 3730 1183 3800 ergo
1210 3709 1397 3800 procidens
1425 3707 1454 3778 si
1487 3705 1691 3779 adoraveris
1726 3725 1844 3775 coram

364 3851 429 3914 me,
458 3836 558 3916 erunt
583 3837 641 3898 tua
668 3828 793 3899 omnia.
845 3819 917 3898 8Ει
943 3826 1161 3921 respondens
1188 3829 1284 3899 lesus
1311 3829 1399 3901 dixit
1423 3827 1470 3898 illi
1495 3827 1665 3920 Scriptum
1692 3834 1747 3896 est
1768 3825 1841 3894 Do-

362 3950 491 4022 minum
518 3947 622 4018 deum
650 3957 744 4023 tuum
772 3947 936 4020 adorabis
963 3958 998 4019 ct
1022 3948 1069 4017 illi
1098 3947 1161 4018 soli
1188 3949 1331 4020 servies.
1370 3941 1442 4020 9Εῑ
1468 3945 1566 4019 duxit
1591 3946 1684 4016 illum
1711 3944 1745 4014 in
1762 3943 1842 4013 Hie-

362 4069 511 4140 msalem
538 4077 573 4139 et
599 4067 712 4138 statuit
738 4089 817 4140 eum
844 4088 948 4162 supra
972 4067 1111 4162 pinnam
1140 4069 1264 4162 templi,
1292 4079 1327 4140 et
1352 4069 1439 4140 dixit
1464 4067 1510 4138 illi
1535 4067 1570 4138 Si
1596 4065 1683 4138 lilius
1710 4066 1768 4138 dei
1793 4087 1842 4150 as,
1967 4059 1976 4064 ’

363 4191 457 4261 mitta
484 4198 518 4259 ta
543 4188 621 4258 hinc
647 4188 827 4260 deorsum:
872 4179 898 4224 ⁴⁰
915 4188 1078 4282 scripturn
1113 4199 1167 4260 est
1193 4188 1283 4259 enim
1311 4189 1407 4282 quod
1441 4183 1573 4282 angelis
1600 4189 1671 4259 suis
1697 4185 1844 4258 manda-

362 4311 412 4382 bit
437 4310 483 4382 de
510 4319 544 4379 te
576 4303 614 4378 ut
647 4317 855 4380 conservent
887 4319 938 4393 te,
982 4301 1005 4346 ¹⁴
1026 4317 1061 4378 et
1097 4308 1177 4400 quia
1208 4309 1241 4378 in
1274 4309 1434 4380 manibus
1467 4309 1585 4380 tollent
1621 4319 1656 4379 te
1683 4307 1843 4379 neforto

364 4429 523 4502 offendas
550 4428 596 4500 ad
620 4427 773 4522 lapidem
799 4428 927 4522 pedem
954 4440 1058 4500 tuum.
1105 4420 1130 4466 ¹²
1146 4429 1188 4498 Et
1214 4429 1435 4522 respondens
1452 4429 1550 4501 lesus
1578 4428 1624 4500 ait
1647 4429 1692 4498 illi
1710 4429 1843 4499 Dictum

362 4561 416 4622 est
440 4551 518 4621 Nun
544 4549 703 4619 temtabis
730 4549 907 4620 dominum
935 4548 1040 4620 deum
1066 4559 1169 4618 tuum.
1223 4541 1250 4586 ¹³
1265 4549 1308 4620 Et
1334 4559 1571 4622 consummata
1599 4549 1692 4619 omni
1717 4557 1843 4620 temta-

362 4673 454 4742 tione
482 4669 642 4741 diabolus
668 4669 813 4741 recessit
838 4670 884 4742 ab
910 4669 967 4740 illo
994 4691 1105 4763 usque
1132 4669 1178 4740 ad
1205 4679 1351 4763 tempus.
1396 4659 1423 4708 ⁴⁸
1439 4662 1572 4741 ‹uatpt
1597 4689 1763 4762 egressus
1790 4679 1845 4739 est

361 4793 457 4862 lesus
485 4791 519 4860 in
544 4789 667 4860 virtute
694 4789 831 4884 spiritus
856 4791 891 4861 in
918 4789 1120 4874 Galilaeam,
1158 4799 1194 4861 et
1227 4791 1317 4862 lama
1350 4791 1434 4862 exiit
1465 4811 1530 4884 per
1562 4789 1758 4862 universam
1785 4811 1844 4860 re-

361 4912 501 5004 gionem
526 4910 574 4982 do
601 4909 674 4980 illo:
719 4903 745 4947 ’ὅ
762 4919 797 4982 et
812 4910 898 5004 ¹ipsc
925 4909 1076 4980 docebat
1101 4909 1137 4979 in
1163 4911 1354 5004 synagogis
1382 4933 1513 4996 eorum,
1543 4921 1579 4982 et
1595 4909 1843 5002 magnificaba-

362 5042 416 5102 tur
442 5031 486 5102 ab
515 5029 684 5102 omnibus.
735 5021 862 5076 ⁴⁶⁰⁸⁴⁰l
879 5032 921 5102 Et
947 5029 1041 5101 venit
1064 5029 1245 5113 Nazareth,
1271 5032 1332 5104 ubi
1348 5033 1433 5103 'erat
1458 5033 1619 5115 nutritus,
1649 5040 1684 5102 et
1709 5029 1845 5100 intravit

363 5151 551 5222 seeundum
586 5151 869 5224 consuetudinem
904 5171 1002 5222 suam
1038 5150 1095 5222 die
1122 5151 1261 5224 sabbati
1291 5153 1326 5223 in
1361 5173 1592 5246 synagogam,
1629 5159 1664 5221 et
1696 5147 1846 5222 surrexit

918 5271 966 5356 Ill,
995 5265 1045 5346 27
1074 5311 1119 5326 --
1147 5273 1198 5356 lV,
1230 5274 1285 5342 ts.
