4242 6118
375 391 423 464 92
713 389 895 454 utrumn
921 393 1134 456 LECTIONUII
1160 393 1362 494 succubuit
1387 391 1513 456 tuctu

467 595 547 666 XIll.
575 593 798 668 Confitentem
824 596 858 667 in
884 617 1066 692 synagoga
1092 596 1300 670 daemomm
1327 597 1492 692 pellifex
1517 597 1664 669 bomine.

389 720 394 732 '
458 715 551 788 XIIII.
580 717 707 787 Socrus
737 715 827 788 Petri
861 724 896 788 et
925 698 1108 788 multorum
1140 715 1351 790 infirmorum
1385 717 1485 790 turba
1520 727 1673 801 sanattrr,
1702 725 1738 788 et
1763 739 1842 788 con·

577 835 682 907 fessIo
708 835 916 908 daemonnm
942 836 1153 930 prohibetur.
1453 932 1456 942 Ι

485 956 553 1027 XV.
580 955 721 1028 Duabus
757 957 919 1029 naviculis
958 967 1101 1051 captura
1138 957 1280 1053 piscium
1320 959 1355 1030 in
1393 958 1503 1032 verbo
1537 957 1667 1030 domini
1707 965 1849 1052 repente

580 1075 759 1170 completis
785 1077 886 1149 umor
911 1078 1130 1172 pavescentis
1155 1078 1247 1151 Petri
1272 1079 1513 1172 sociorumque
1539 1078 1613 1150 eius
1639 1076 1791 1150 edicitur.

472 1197 554 1268 XVI.
580 1198 735 1290 Leproso
762 1197 926 1270 mundato
953 1199 1046 1270 multi
1071 1199 1195 1272 virtute
1222 1197 1350 1270 domini
1375 1208 1535 1272 curantur
1559 1197 1690 1270 infirmi.

462 1318 557 1388 XVII.
584 1316 810 1411 paralyticum
836 1317 965 1390 nudato
992 1329 1084 1392 tecto
1111 1319 1290 1391 dimissum
1317 1329 1397 1392 ante
1423 1341 1462 1390 se
1489 1329 1524 1390 et
1551 1341 1571 1391 a
1598 1317 1752 1414 peccatis
1777 1326 1851 1388 eta

580 1437 730 1534 paralysi
756 1448 861 1510 curat.
1771 1459 1774 1470 ·

449 1559 558 1632 XVIII.
585 1557 683 1642 Levi,
718 1557 837 1650 quiet
868 1559 1042 1646 lllatbeus,
1076 1560 1122 1632 de
1155 1559 1293 1631 teloneo
1328 1568 1479 1632 vocatur.
1531 1559 1786 1632 Murmurantes'
1806 1556 1852 1628 de

582 1677 841 1772 publicanorum
867 1679 1024 1752 convivio
1049 1681 1107 1750 vel
1132 1679 1190 1752 de'
1203 1679 1326 1752 ieiunio
1354 1679 1505 1752 adbibita
1539 1677 1659 1773 sponsi
1685 1685 1720 1748 et
1742 1675 1852 1748 vesti-
1990 1699 1994 1716 ·

570 1797 687 1870 menti
712 1819 754 1870 ac
768 1799 848 1898 *vini
873 1800 953 1872 novi
979 1801 1237 1894 comparatione
1262 1800 1448 1894 redarguit.

473 1920 552 1992 XIX.
581 1920 795 2006 Quaerentes
828 1918 873 1991 de
908 1921 1084 1992 evulsione
1116 1920 1288 2016 spicarum
1323 1921 1356 1992 in
1394 1920 1564 1993 sabbatis·
1590 1919 1700 1990 relato
1740 1916 1853 1990 David

584 2039 747 2132 exemplo
773 2040 951 2112 convincit.

490 2159 561 2230 XX.
587 2159 625 2230 ln
649 2180 987 2253 synagogamannm
1004 2161 1136 2234 aridam
1154 2171 1261 2247 sanat,
1288 2161 1427 2254 repletIs
1444 2159 1634 2256 insipientia
1651 2158 1853 2230 Pharisaeis.

474 2279 559 2352 XXI.
585 2278 796 2352 Pernnctans
828 2282 862 2352 in
896 2282 1067 2367 oratione,
1102 2303 1205 2354 mane
1241 2279 1427 2353 duodecim
1467 2281 1645 2375 apostolos
1683 2277 1853 2350 nominat:

583 2409 764 2492 tangentes
790 2421 869 2472 eum
897 2411 1059 2474 sanantur
1084 2402 1205 2494 egroti.

456 2521 555 2592 XXII.
582 2520 759 2614 Pauperes
785 2521 974 2594 esurientes
1000 2522 1121 2594 ssantes
1147 2520 1423 2616 persecutionem
1449 2519 1620 2613 patientes
1644 2519 1770 2592 beatos
1786 2539 1852 2590 vo-

585 2650 650 2726 cat,
675 2661 743 2712 vae
769 2639 929 2714 divitibus
954 2663 997 2714 ac
1022 2642 1209 2714 ridentibus
1243 2641 1378 2714 dicens:
1412 2639 1514 2712 etiam
1547 2640 1702 2712 inimicus
1734 2631 1854 2732 'prae-

585 2760 664 2854 cipit
689 2760 892 2854 diligeudos,
920 2773 955 2835 et
980 2761 1180 2858 percutienti
1206 2762 1263 2834 vel
1287 2760 1429 2834 undanti
1454 2761 1591 2832 minIrne
1614 2759 1853 2832 resistendum.

445 2875 556 2952 XXIII.
582 2883 634 2952 De
660 2882 792 2953 festuca
817 2891 852 2954 et
877 2884 986 2970 trabe,
1013 2883 1140 2956 arbore
1166 2903 1305 2976 qunque
1329 2882 1423 2954 bona
1449 2891 1485 2953 et
1509 2881 1600 2954 mala
1626 2890 1730 2973 atque
1747 2879 1854 2951 domo

586 2999 802 3074 aedificanda
827 3004 1029 3096 parabolam
1055 3002 1159 3098 ponit.
1707 3021 1711 3042 '

433 3121 558 3194 XXIIII.
584 3121 795 3194 Centurionis
812 3143 950 3196 servum
968 3133 1072 3210 curat,
1098 3122 1298 3216 rogantibus
1314 3144 1379 3216 pro
1397 3143 1442 3195 eo
1460 3120 1653 3194 senioribus
1670 3129 1705 3192 et
1727 3118 1855 3192 amicis.

458 3243 558 3314 XXV.
584 3242 684 3315 Filius
710 3243 829 3314 unicus
854 3243 980 3316 uduae
1006 3245 1124 3316 matris
1150 3253 1306 3316 mortuus
1331 3243 1400 3315 iam
1426 3243 1561 3314 civitate
1588 3242 1697 3314 elatus
1730 3239 1776 3312 de
1801 3241 1854 3310 fe-

318 3459 320 3464 ,
583 3373 676 3436 retro
703 3363 893 3436 suscitatur.

444 3483 556 3556 XXVI.
583 3483 763 3576 degressis
792 3483 949 3556 lobannis
983 3485 1104 3558 nuntiis
1130 3485 1236 3558 multa
1268 3486 1314 3558 de
1340 3485 1415 3558 eins
1440 3481 1674 3576 magnitudine
1697 3480 1854 3574 loquitur,

588 3613 623 3674 et
648 3604 764 3698 pneris
789 3603 989 3676 sedentibus
1015 3605 1049 3676 in
1073 3607 1150 3680 foro
1168 3606 1427 3701 generationem
1445 3613 1625 3698 comparat
1640 3599 1855 3674 ludaeorum.
1905 3659 1907 3666 .

434 3723 561 3794 XXVII.
587 3723 840 3796 Discmnbentis
865 3724 995 3797 domini
1020 3726 1131 3819 pedes
1156 3729 1276 3800 mulier
1301 3725 1449 3800 lacrimis
1480 3723 1583 3818 rigat,
1617 3731 1653 3794 et
1683 3719 1857 3794 Pharisaei

588 3843 748 3936 cogitatio
761 3845 942 3938 'parabola
967 3845 1114 3918 duorum
1141 3848 1292 3940 anguntur
1316 3847 1521 3921 debitorum.

423 3963 563 4034 xxvtu.
588 3962 842 4058 EvangeIIzanti
874 3965 1014 4038 domino
1047 3976 1083 4038 et
1114 3967 1288 4064 discipulis
1323 3966 1396 4038 eius
1429 3963 1590 4037 inuberes
1625 3961 1672 4034 de
1705 3961 1776 4034 suis
1802 3961 1857 4034 di-

589 4094 709 4156 cuntur
742 4085 956 4158 facultatibus
988 4085 1214 4158 ministrasse:
1253 4085 1456 4182 parabolam
1489 4103 1629 4178 quoque
1663 4082 1860 4154 seminantis

589 4205 828 4300 fructuumque
852 4207 1014 4300 proponit
1040 4217 1145 4300 atque
1170 4207 1321 4302 exponit.

450 4324 564 4396 XXIX.
591 4326 779 4398 Lucernam
806 4326 870 4398 snb
896 4347 981 4400 vase
1007 4348 1076 4400 non
1102 4327 1315 4420 ponendam,
1349 4335 1395 4399 et'
1410 4347 1473 4399 eos
1498 4335 1644 4398 matrem
1670 4324 1860 4426 fratresque

590 4447 769 4520 vocandos
795 4446 842 4518 ait
867 4446 925 4540 qui
950 4447 1056 4540 patris
1081 4448 1223 4520 fecerint
1237 4449 1467 4521 voluntatem.

463 4564 565 4636 XXX.
592 4567 628 4638 ln
659 4567 738 4640 navi
773 4567 948 4640 dormiens
989 4567 1157 4640 excitatur
1188 4590 1209 4641 a
1244 4565 1510 4662 periclitantibus
1549 4575 1585 4636 et
1618 4572 1859 4658 tempestatem

590 4688 694 4760 maris
718 4689 828 4761 verbo
855 4689 1052 4782 compescit.

445 4807 561 4880 XXXI.
587 4809 767 4882 HomInem
781 4809 1022 4886 adaemonum
1032 4810 1171 4904 legions
1182 4809 1322 4896 curavit,
1338 4829 1427 4903 quos
1439 4807 1610 4901 inporcos
1622 4804 1852 4878 ireconcessit

437 4928 565 5000 XXXII.
592 4929 745 5024 Pargsns
771 4931 818 5004 ad
844 4931 952 5004 liliam'
972 4931 1048 5004 lairi
1074 4930 1306 5004 suscitandam
1333 4928 1510 5002 mulierem
1536 4950 1557 5000 a
1583 4925 1752 5022 profluvi0
1778 4947 1860 4997 san-

593 5051 703 5144 guinis
729 5053 855 5126 salvat:
882 5053 1269 5147 resuscitatae‘puellae
1294 5051 1369 5124 dari
1395 5049 1407 5074 ·
1419 5048 1586 5144 praecipit
1610 5047 1831 5120 manducare.

425 5169 565 5242 XXXIII.
592 5171 740 5246 Conlatis
764 5171 942 5244 virtutibus
968 5173 1067 5246 mittit
1091 5172 1276 5248 dundecIm
1295 5171 1571 5267 praedicaturos·
1584 5167 1779 5264 praeceptis
1803 5189 1862 5241 sa-

594 5291 757 5364 lutaribus
783 5292 950 5364 institutos
