4254 6130
382 353 456 423 230
509 443 515 452 Ι
653 377 660 386 ·
830 354 939 416 clusa
965 351 1117 416 AGTUUM
1144 349 1424 416 apostematus

487 453 755 466 ,-,-,-.........-....
764 457 810 464 ...-
1729 458 1860 468 ----..-

317 637 321 642 ,
380 567 526 650 possent
549 556 777 627 devenientes
803 555 1012 628 Phoenicem
1040 555 1203 635 hiemare,
1232 564 1369 648 portum
1397 555 1521 626 Cretae
1555 555 1798 648 respicientem
1828 558 1873 629 ad

381 677 523 748 africum
551 675 657 746 etad
685 675 837 746 chomm.
892 667 918 712 ¹³
934 673 1143 770 Adspirante
1171 684 1285 746 autem
1314 684 1430 746 austro
1459 675 1682 747 aestimantes
1709 675 1873 767 proposi-

257 841 263 850 ·
380 808 452 866 tum
480 817 521 866 se
547 806 674 878 tenere,
704 815 781 864 cum
810 795 1026 870 sustulissent
1052 795 1098 866 de
1125 792 1227 880 Asso,
1255 794 1417 887 legebant
1444 794 1591 864 Cretam.
1645 783 1670 828 ¹⁴
1688 794 1765 865 Non
1791 805 1872 887 post

321 927 329 946 ⁸
384 917 526 986 muitum
555 923 668 986 autem
698 914 788 984 misit
814 935 854 984 se
882 925 1002 986 contra
1028 913 1139 1008 ipsam
1167 925 1290 984 ventus
1319 913 1525 1006 typhonicus
1552 914 1609 1005 qui
1636 915 1789 982 vocatur
1808 915 1872 982 eu-

380 1035 552 1126 roaquilo:
597 1025 623 1070 ¹5
640 1020 787 1125 eumque
815 1043 953 1127 arrepta
979 1043 1072 1104 esset
1098 1035 1195 1104 navis
1222 1043 1256 1104 et
1284 1055 1352 1104 non
1379 1043 1501 1126 posset
1525 1032 1643 1103 conari
1670 1031 1703 1100 in
1721 1033 1870 1116 ventum,

381 1153 463 1226 data
497 1173 588 1224 nave
623 1153 759 1224 flatibus
795 1153 1001 1224 ferebamur.
1056 1143 1245 1224 ¹⁰1nsu1am
1282 1161 1397 1222 autem
1432 1151 1607 1243 quandam
1635 1150 1870 1236 decurrentes,

381 1293 471 1365 quae
506 1280 651 1342 vocatur
686 1272 819 1357 Cauda,
856 1273 1030 1365 potuimus
1066 1273 1125 1342 vix
1160 1271 1317 1366 optinere
1350 1270 1535 1363 scapham;
1588 1261 1614 1305 ¹⁷
1631 1291 1699 1362 qua
1736 1270 1871 1342 sublata

380 1390 558 1464 adiutoriis
590 1392 788 1476 utebantur,
823 1393 1043 1484 accingentes
1076 1411 1220 1474 navem3
1255 1389 1413 1461 timentes
1448 1411 1492 1460 ne
1518 1390 1551 1460 in
1579 1399 1711 1484 syrtem
1738 1389 1870 1461 incide-

380 1521 474 1595 rent,
510 1511 696 1608 summisso
727 1532 813 1583 vase
848 1511 897 1582 sic
930 1512 1136 1583 serebantur.
1190 1504 1216 1548 ¹⁸
1230 1507 1349 1580 Valide
1383 1517 1499 1580 autem
1532 1508 1635 1579 nohis
1661 1519 1869 1602 tempestate

381 1631 522 1716 iactatis,
552 1623 708 1721 sequenti
743 1629 801 1701 die
838 1631 961 1702 iactum
999 1633 1167 1714 iecerunt,
1214 1621 1239 1666 ¹⁹
1256 1639 1292 1700 et
1317 1627 1416 1699 tertia
1443 1627 1500 1698 die
1528 1628 1599 1698 suis
1625 1629 1785 1700 manibus
1813 1649 1869 1700 ar-

380 1749 560 1822 mamenta
582 1749 680 1820 navis
706 1749 942 1842 proiecerunt:
985 1741 1013 1786 ¹⁰
1029 1769 1143 1842 neque
1171 1749 1246 1818 soie
1274 1755 1390 1819 autem
1417 1767 1531 1839 neque
1558 1748 1731 1820 sideribus
1758 1770 1868 1843 appa·-
1911 1799 1915 1810 «

380 1871 533 1942 rentibus
560 1871 766 1962 perplures
794 1869 879 1953 dies,
906 1877 942 1940 'et
969 1865 1177 1968 tempestate
1203 1886 1272 1936 non
1301 1867 1427 1959 exigua
1445 1867 1639 1952 inminente,
1666 1868 1735 1938 iam
1754 1869 1869 1940 ablata

380 1999 455 2060 erat
482 2009 567 2081 spes
594 1990 706 2059 omnis
721 1987 724 1992 “
741 1987 860 2058 salutis
886 1999 1036 2060 nostrae.
1089 1980 1111 2022 ’¹
1131 1987 1174 2057 Et
1200 2007 1277 2056 cum
1306 1987 1411 2056 multa
1438 1986 1599 2058 ieiunatio
1627 1987 1761 2072 fuisset,
1789 1997 1868 2058 tunc

238 2183 247 2190 ,
381 2118 476 2180 stans
502 2106 627 2178 Paulus
654 2107 687 2177 in
714 2106 832 2178 medin
857 2123 979 2178 eorum
1007 2107 1094 2178 dixit
1121 2103 1314 2199 Oportebat
1340 2105 1490 2198 quidem,
1518 2127 1540 2176 o
1567 2106 1639 2190 viri,
1667 2105 1785 2177 audite
1812 2129 1868 2178 me

379 2249 450 2298 non
476 2224 596 2318 egredi
624 2247 644 2294 a
672 2225 772 2296 Creta
798 2227 951 2319 lucrique
979 2227 1094 2296 iacere
1120 2224 1274 2296 iniuriam
1294 2225 1382 2296 hanc
1409 2235 1445 2296 et
1461 2225 1637 2296 iacturam.
1681 2217 1763 2296 ”Et
1779 2247 1869 2298 nunc

381 2345 515 2418 suadeo
552 2343 652 2414 vobis
685 2343 780 2414 bono
817 2345 931 2418 animo
965 2367 1061 2416 esse:
1098 2343 1239 2416 amissio
1275 2345 1366 2414 enim
1400 2345 1523 2415 nullius
1554 2344 1689 2416 animae
1726 2346 1790 2416 erit
1821 2366 1868 2416 ex

381 2466 481 2537 vohis
514 2471 758 2556 praeterquam
790 2463 897 2534 navis.
949 2456 1132 2535 ”Adstitit
1164 2463 1254 2534 enirn
1290 2463 1368 2534 mihi
1403 2464 1468 2534 hac
1503 2473 1605 2534 nocte
1640 2464 1783 2555 angelus
1810 2463 1868 2536 dei

380 2585 477 2655 cuius
504 2605 581 2653 sum
609 2601 678 2672 ego
711 2591 746 2652 et
772 2582 825 2652 cui
857 2581 1038 2668 deservio,
1082 2572 1108 2618 ²⁴
1126 2583 1245 2655 dicens
1272 2584 1324 2654 Ne
1351 2583 1490 2660 timeas,
1518 2582 1640 2654 Paule:
1669 2583 1806 2656 Caesari
1834 2593 1868 2654 te

268 2781 273 2800 ,
381 2710 520 2796 oportet
547 2699 735 2785 adsistere,
770 2710 804 2770 et
831 2721 915 2772 ecce
943 2701 1084 2772 donavit
1116 2701 1176 2773 tibi
1203 2701 1290 2774 deus
1317 2723 1439 2774 omnes
1471 2700 1529 2794 qui
1554 2701 1717 2793 navigant
1743 2713 1866 2776 tecum.

378 2814 406 2858 ’ὅ
424 2822 571 2914 Propter
596 2817 692 2911 qnod
718 2819 812 2890 bono
840 2820 954 2892 animo
981 2831 1109 2905 estote,
1144 2819 1222 2892 viri:
1258 2821 1366 2893 credo
1399 2821 1490 2892 enim
1524 2819 1594 2891 deo
1621 2821 1701 2913 quia
1727 2822 1777 2893 sio
1804 2823 1869 2894 erit

380 2937 677 3033 quemadmodum
709 2939 837 3011 dictum
871 2950 925 3011 est
958 2941 1049 3012 mihi.
1102 2933 1129 2976 ²⁸
1146 2941 1182 3010 ln
1208 2939 1352 3011 insulam
1386 2949 1500 3011 antem
1528 2939 1703 3032 quandam
1729 2953 1868 3038 oportet

380 3081 445 3132 nos
481 3059 657 3131 devenire.
709 3052 735 3097 ¹⁷
753 3059 822 3132 Sed
850 3069 975 3153 postea
1003 3059 1256 3153 qnam'quarta
1287 3059 1424 3130 decima
1451 3079 1516 3131 nos
1543 3061 1743 3151 supervenit
1768 3063 1866 3134 navi-

379 3179 540 3272 gantibus
579 3179 680 3250 nobis
712 3179 746 3248 in
781 3177 926 3262 Hadria,
962 3181 1052 3252 circa
1092 3178 1243 3251 mediam
1275 3188 1415 3250 noctem
1448 3179 1711 3272 suspicabantur
1741 3191 1867 3254 nautae

346 3311 349 3318 '
380 3319 549 3392 apparere
582 3297 647 3368 sibi
680 3299 831 3390 atiquam'
855 3299 1050 3390 regionem.
1100 3291 1128 3334 ¹⁸
1145 3299 1203 3390 qui
1236 3297 1487 3369 summittentes
1513 3298 1717 3370 invenerunt
1742 3321 1867 3392 passus

380 3417 505 3509 viginti,
533 3425 569 3487 et
595 3417 753 3510 pusillum
780 3417 862 3488 inde
888 3419 1041 3512 separati
1067 3415 1269 3490 invenerunt
1295 3437 1420 3511 passus
1447 3417 1522 3500 XV;
1578 3409 1775 3492 ”umentes
1802 3443 1865 3491 au-

381 3547 450 3608 tem
477 3557 522 3606 ne
549 3536 581 3606 in
609 3535 732 3629 as'pera
760 3538 836 3607 loca
863 3535 1110 3622 incideremus,
1147 3538 1193 3610 de
1228 3537 1334 3631 puppi
1364 3536 1536 3608 mittentes
1564 3538 1737 3610 anchoras
1764 3549 1866 3631 quat-

380 3667 475 3738 tuor,
504 3655 671 3748 optabant
703 3655 796 3728 diem
832 3655 914 3726 heri.
967 3647 995 3752 {i
1011 3657 1130 3729 Nautis
1162 3678 1248 3728 vero
1283 3655 1529 3748 quaerentibus
1556 3647 1678 3750 ingere
1698 3657 1750 3740 ¹de
1776 3660 1864 3742 navi,

380 3797 458 3845 cnm
492 3775 666 3846 misissent
701 3775 866 3868 scapham
899 3774 932 3846 in
968 3797 1064 3846 mare
1096 3777 1161 3848 sub
1196 3783 1340 3868 optentu
1373 3775 1471 3866 quasi
1499 3797 1519 3846 a
1547 3763 1651 3868 prora
1678 3777 1866 3872 inciperent

381 3893 551 3965 anchoras
586 3895 792 3976 extendere,
845 3885 868 3930 ³⁴
889 3893 976 3964 dixit
1010 3895 1136 3966 Paulus
1171 3894 1359 3967 centurioni
1393 3904 1428 3963 et
1459 3895 1621 3966 militibus
1657 3895 1727 3966 Nisi
1766 3897 1799 3966 hi
1832 3897 1866 3966 in

379 4013 459 4084 navi
486 4009 682 4094 manserint,
711 4034 775 4084 vos
803 4011 888 4084 salvi
916 4012 990 4084 heri
1025 4037 1092 4085 non
1120 4014 1276 4108 potestis.
1328 4005 1355 4050 ³¹
1369 4014 1463 4084 Tunc
1497 4014 1718 4086 absciderunt
1744 4015 1866 4086 milites

379 4134 479 4203 iones
506 4127 668 4222 scaphae,
696 4141 731 4201 et
758 4132 851 4223 passi
878 4142 957 4202 sunt
982 4153 1060 4204 eam
1089 4133 1264 4205 excidere.
1317 4123 1343 4170 ³⁸
1356 4134 1398 4204 m
1424 4155 1499 4204 cum
1519 4135 1579 4204 iux
1598 4135 1764 4228 inciperet
1782 4134 1865 4220 fieri,

379 4251 526 4342 rogabat
552 4247 677 4320 Paulus
711 4271 833 4321 omnes
866 4273 1006 4322 sumere
1040 4251 1171 4336 cibum,
1205 4251 1324 4324 dicens
1358 4253 1487 4336 Quarta
1513 4251 1649 4324 decima
1678 4253 1783 4326 bodie
1810 4254 1866 4325 die

380 4377 608 4464 expectantes
643 4367 744 4439 ieiuni
782 4372 1007 4462 permanetis,
1041 4371 1120 4441 nihil
1157 4370 1379 4464 accipientes:
1430 4361 1457 4408 ⁸⁸
1473 4381 1616 4466 propter
1648 4373 1743 4464 quod
1778 4395 1865 4466 rogo

380 4512 445 4561 vos
479 4488 638 4580 accipere
672 4488 784 4559 cibum
820 4512 883 4582 pro
918 4489 1027 4560 sahite
1054 4491 1187 4576 vestra,
1216 4492 1295 4583 quia
1323 4491 1444 4562 nuliius
1470 4500 1622 4564 vestrum
1651 4493 1794 4586 capillus
1820 4493 1865 4564 de

380 4610 491 4702 capite
520 4609 651 4700 peribit.
704 4601 732 4645 ³⁵
749 4611 790 4680 Et
817 4632 893 4680 cum
923 4609 1010 4680 haec
1037 4609 1193 4694 dixisset,
1222 4632 1362 4682 sumens
1390 4631 1514 4702 panem
1542 4611 1671 4702 gratias
1698 4613 1769 4704 egit
1795 4611 1864 4684 deo

381 4730 412 4798 in
448 4737 640 4820 conspectu
667 4729 834 4813 omnium,
863 4737 1001 4799 etcum
1035 4729 1211 4820 fregisset,
1240 4729 1356 4822 coepit
1382 4730 1601 4801 manducare.
1654 4720 1681 4766 ³⁴¹
1697 4727 1862 4802 Animae-

380 4850 520 4940 qniores
547 4857 661 4918 autem
700 4850 776 4920 iacti
806 4869 928 4919 omnes
960 4857 995 4918 ct
1021 4849 1084 4941 ipsi
1120 4847 1362 4920 adsumserunt
1392 4849 1515 4920 cibum.
1568 4839 1753 4918 ³⁷Eramus
1778 4869 1863 4918 vero

378 4968 559 5038 universae
595 4967 729 5038 animae
763 4968 795 5038 in
830 4968 907 5038 navi
943 4967 1114 5038 ducentae
1148 4969 1363 5062 septuaginta
1395 4991 1468 5040 sex.
1521 4959 1548 5004 ³⁸
1564 4967 1606 5038 Et
1638 4967 1748 5038 satiati
1784 4967 1863 5038 cibo

380 5085 598 5158 adieviabant
625 5107 760 5172 navem,
789 5088 954 5159 iactantes
981 5087 1126 5158 triticum
1154 5087 1186 5157 in
1214 5109 1319 5160 mare.
1364 5081 1486 5160 ³9situm
1516 5097 1630 5158 autem
1660 5085 1736 5156 dies
1755 5085 1863 5156 iactus

939 5205 1063 5288 xxvu,
1096 5209 1216 5276 13-
1247 5207 1304 5277 39.
