4102 6128
345 385 390 452 12
646 387 830 450 captabunt
857 389 1071 475 Laottouutt
1099 391 1301 450 SECUNDUM
1328 388 1533 450 ttarmffiutt

406 591 517 660 XVlli.
546 590 718 661 Orationis
735 592 916 661 iormulam
936 591 968 660 in
988 601 1122 682 septem
1151 593 1372 684 petitionibus
1387 591 1528 661 tradens
1547 593 1594 662 ait
1613 603 1756 683 peccata
1771 593 1833 663 uisi

550 710 797 780 dimittentibus
824 733 893 780 11311
921 710 1052 780 dimitti.
1312 709 1315 716 '
1544 783 1551 794 ,

444 830 524 898 11111.
552 831 662 898 Docet
688 829 761 899 sine
788 829 918 900 tristitia
946 829 1165 900 ieiunandum
1193 851 1258 912 nec
1287 829 1585 900 thesaurizandum
1613 831 1646 900 in
1675 841 1774 902 terra.

447 950 516 1018 XX.
544 949 733 1020 Lucernam
761 949 919 1042 corporis
938 950 1074 1018 oculum
1097 951 1285 1042 appellans
1313 971 1377 1020 nec
1403 949 1541 1020 duobus
1561 949 1711 1020 dominis
1728 973 1832 1043 posse

548 1069 679 1138 servire
703 1089 768 1138 nec
793 1067 1055 1138 sollicitudinem
1076 1090 1180 1138 escae
1199 1079 1233 1137 et
1251 1071 1358 1140 vestis
1377 1068 1575 1139 habendam
1596 1069 1660 1139 sed
1689 1092 1831 1161 regnum

548 1188 605 1258 dei
632 1187 793 1259 omnibus
812 1187 1077 1280 praeterendum
1096 1187 1218 1273 docet,
1246 1211 1312 1260 nec
1337 1189 1469 1258 debere
1496 1188 1675 1258 sollicitum
1704 1210 1782 1260 esse
1799 1191 1832 1258 in

549 1307 744 1377 erastinum.

366 1501 371 1512 ,
442 1427 525 1497 ΧΧΙ.
553 1427 605 1496 De
620 1447 782 1496 mensura
800 1425 911 1496 iudicii
930 1425 1065 1510 dicens,
1093 1429 1247 1498 festucae
1266 1429 1322 1497 vel
1341 1427 1448 1499 trabis
1465 1427 1726 1519 comparatione
1745 1428 1832 1497 iacta

551 1545 657 1617 docet
683 1545 777 1638 prius
803 1544 944 1637 propria
971 1555 1006 1615 et
1032 1556 1112 1638 post
1138 1547 1251 1616 fratris
1277 1546 1355 1616 uitia
1385 1546 1586 1617 resecanda.

422 1665 520 1734 XXli.
549 1668 711 1737 Sanctum
740 1663 884 1736 canibus
911 1665 1097 1757 porcisque
1124 1687 1192 1736 non
1219 1665 1390 1748 dandum,
1418 1665 1483 1735 sed
1511 1666 1697 1758 petendum
1722 1687 1832 1757 quae-

550 1786 697 1856 rendum
724 1783 976 1876 pulsandumve
1005 1786 1168 1877 praeficit.

409 1905 522 1974 XXlli.
551 1905 617 1974 Per
641 1905 745 1974 latam
772 1903 863 1974 viam
891 1905 1026 1988 multos,
1054 1927 1119 1996 per
1146 1916 1327 1995 angustam
1359 1926 1491 1996 paucos
1513 1904 1654 1976 introire
1681 1914 1832 1986 testatur,

552 2034 587 2092 ct
619 2024 727 2093 ialsos
761 2021 940 2092 cavendos
974 2045 1055 2092 esse
1089 2025 1296 2116 propbetas:
1333 2025 1471 2095 nomine
1498 2047 1638 2116 quoqne
1666 2024 1831 2092 fructuum

551 2142 719 2213 bonarum
747 2152 781 2211 et
808 2143 973 2212 malarum
1002 2143 1166 2214 arborum
1195 2143 1300 2213 docet
1326 2143 1405 2234 quia
1432 2165 1498 2214 nec
1526 2144 1651 2213 malum
1673 2143 1833 2212 voluntas

553 2261 646 2331 bona
673 2283 737 2330 nec
764 2262 892 2330 bonum
922 2284 1011 2354 opus
1038 2271 1154 2354 potest
1182 2264 1298 2332 lacere
1327 2264 1486 2334 voluntas
1512 2264 1613 2342 mala.

399 2379 523 2448 11111111.
551 2380 627 2448 Non
661 2390 829 2450 vocantes
863 2403 991 2450 nomen
1025 2382 1154 2452 domini
1188 2403 1253 2451 nec
1287 2382 1430 2452 uirtutes
1456 2383 1490 2452 iu
1516 2383 1589 2452 eius
1616 2381 1754 2450 nomine
1781 2381 1832 2449 ia-

553 2500 684 2570 cientes
717 2499 782 2570 sed
816 2501 999 2592 implentes
1033 2502 1243 2571 voluntatem
1278 2501 1333 2570 dei
1369 2502 1496 2572 intrare
1523 2501 1604 2572 dicit
1631 2501 1663 2570 in
1689 2521 1832 2590 regnum

500 2671 507 2677 -
551 2619 738 2702 caelorum,
766 2619 919 2689 adbibita
945 2621 1205 2712 comparatione
1233 2619 1446 2691 aedificantis
1473 2621 1615 2692 domum
1644 2639 1749 2712 super
1769 2639 1813 2710 pe

552 2749 639 2808 tram
667 2749 726 2809 aut
753 2761 857 2831 super
884 2739 1060 2810 harenam.

403 2857 523 2925 ,XXl'¹
551 2858 742 2949 Leprosum
772 2859 976 2928 extensione
1004 2881 1126 2928 manus
1145 2881 1187 2928 ac
1212 2859 1404 2951 prolatione
1422 2861 1520 2930 verbi
1540 2861 1626 2930 Volo
1647 2857 1832 2928 mundavit.

409 2977 522 3044 111111.
551 2977 763 3046 centurionis
798 2999 941 3070 puerum
978 2999 1102 3048 curans
1136 2978 1285 3049 ludaeos
1318 2978 1364 3049 de
1398 3001 1525 3070 regno,
1554 2979 1587 3048 in
1610 2997 1684 3069 quo
1712 2985 1833 3068 gentes

552 3096 718 3188 promittit
745 3105 918 3180 venturos,
948 3097 1072 3167 asserit
1099 3097 1338 3189 expellendos.

308 3237 314 3252 ·
399 3214 526 3282 XXl'il.
553 3215 681 3284 Sccms
708 3215 798 3285 Petri
831 3217 1028 3287 dominicae
1055 3237 1177 3288 manus
1202 3227 1294 3288 tactu
1321 3225 1442 3286 sanata
1470 3207 1651 3298 ministrat,
1680 3213 1832 3283 etmulti

551 3333 647 3403 varia
673 3333 866 3408 infirmitate
894 3346 1064 3407 curantur.

390 3453 530 3522 Xb'l'lll.
557 3453 689 3523 Dicenti
717 3456 851 3547 Sequar
878 3467 927 3540 te,
963 3477 1031 3524 non
1066 3454 1196 3523 babere
1226 3475 1265 3524 se
1292 3454 1373 3524 dicit
1399 3453 1457 3523 ubi
1484 3465 1588 3547 caput
1613 3454 1770 3524 reclinet:
1799 3459 1833 3520 et

552 3572 822 3664 interrogantem
850 3569 1054 3667 discipulum
1084 3596 1103 3643 a
1132 3582 1272 3666 paterna
1302 3573 1407 3643 vetuit
1433 3575 1619 3665 septdtura.

413 3691 527 3760 xxix.
554 3693 590 3760 in
630 3693 710 3762 navi
751 3692 928 3763 dormiens
970 3717 990 3764 3
1034 3693 1303 3786 periclitantibus
1344 3693 1515 3762 excitatus
1558 3690 1847 3782 tranquillitatem·

553 3811 662 3881 verbo
689 3811 843 3882 restituit.

368 3951 371 3958 ’
425 3929 526 3998 XXX.
553 3931 589 4000 ln
624 3941 715 4002 terra
749 3931 1022 4002 Gerassenorum
1057 3931 1186 4002 sanatis
1220 3931 1415 4002 bominibus
1449 3930 1640 4002 daemones
1675 3929 1724 3998 ire
1752 3949 1832 4020 per-

553 4049 659 4119 mittit‘
677 4051 709 4118 in
737 4071 874 4142 porcos.

407 4166 521 4234 xxttt.
549 4167 748 4240 incivitate
776 4190 838 4238 sua
865 4169 1089 4261 paralyticum
1118 4179 1213 4240 curat
1240 4169 1334 4262 prius
1362 4167 1565 4240 dimittendo
1593 4177 1745 4259 peccata.

398 4286 728 4357 111111111113111311111
765 4297 876 4372 vocat,
913 4299 948 4358 et
983 4288 1272 4358 murmurantibus
1305 4289 1350 4359 de
1384 4288 1644 4380 publicanorum
1673 4286 1832 4356 convivio

456 4492 458 4500 Ι
554 4403 747 4476 Pharisaeis
781 4407 827 4476 ait
862 4407 952 4477 male
988 4406 1194 4478 habentibus
1229 4430 1318 4500 opus
1351 4429 1431 4478 esse
1460 4407 1613 4488 medico,
1642 4405 1830 4476 similitudi-

554 4545 633 4592 nem
660 4526 763 4614 pauni
791 4527 887 4596 rudis
913 4549 955 4597 ac
982 4524 1049 4595 viui
1077 4528 1131 4596 rel
1160 4529 1283 4598 utrium
1312 4549 1455 4620 ponens.

383 4645 524 4714 XXXill.
553 4643 707 4734 Pergens
734 4645 779 4715 ad
805 4644 1078 4718 resuscitandam
1106 4646 1208 4718 iriiam
1236 4646 1398 4738 principis
1416 4639 1591 4718 mulierem
1619 4665 1639 4714 a
1666 4643 1834 4734 profluuio

554 4762 728 4854 sanguinis
755 4777 863 4850 sanat,
891 4767 1060 4836 suscitans
1088 4775 1121 4833 et
1150 4767 1307 4857 puellam.

365 4885 517 4954 XXXilll.
547 4884 730 4954 Transiens
758 4885 847 4957 duos
875 4909 1001 4956 caecos
1028 4885 1211 4966 inluminat,
1247 4894 1279 4954 et
1308 4889 1402 4952 muto
1431 4884 1576 4973 linguatu
1606 4883 1718 4952 eiecto
1746 4881 1832 4951 dae-

555 5023 659 5073 mone
687 5004 809 5074 reddit.

397 5123 527 5192 XXXV.
556 5123 702 5192 Omnem
736 5125 936 5214 languorem
970 5143 1112 5201 curans,
1148 5121 1328 5214 operarios
1362 5143 1425 5210 pro
1454 5121 1558 5194 11111113
1586 5140 1701 5192 messe
1728 5118 1812 5188 111311
1852 5135 1856 5140 ·

557 5241 656 5332 [111133
683 5241 861 5311 uirtutibus
889 5253 923 5310 et
949 5242 1104 5312 doctriua
1133 5241 1321 5312 coufirmat.
