4102 6128
328 399 375 472 to
487 399 496 416 ·
713 401 951 467 armannum
976 401 1176 468 securum
1202 353 1403 468 uarrrrauu

326 629 414 702 ergo
441 607 669 680 humiliaverit
698 626 738 678 se
765 607 852 678 sicut
877 606 1040 700 parvulus
1065 605 1142 693 iste,
1168 607 1224 678 hic
1248 575 1308 682 'est
1339 607 1450 680 maior
1479 603 1513 675 in
1545 623 1655 698 regno
1681 608 1800 678 caelo·

323 749 421 800 rum:
457 717 525 799 ‘et
550 728 609 822 qui
636 727 829 820 susceperit
854 745 959 798 unum
984 725 1164 820 parvulum
1190 729 1293 800 talem
1318 725 1511 798 innomine
1529 745 1626 810 meo,
1654 745 1712 798 me
1738 749 1799 798 su·

327 849 445 943 scipit:
484 839 601 896 ‘W'
614 848 672 941 qui
698 857 814 918 autem
833 843 1117 918 scandalizaverit
1140 867 1245 919 unum
1273 847 1319 919 de
1345 847 1476 940 pusillis
1503 845 1578 916 istis
1606 847 1665 938 qui
1691 847 1724 916 in
1742 867 1799 918 me
1834 923 1840 940 ,

326 967 487 1050 credumt,
525 967 668 1061 expedit
699 967 730 1038 ei
764 975 802 1037 ut
835 967 1067 1061 suspendatur
1091 968 1185 1040 mola
1218 965 1366 1038 asinaria
1389 967 1427 1037 iu
1451 967 1541 1037 collo
1568 965 1644 1037 eius
1670 975 1707 1037 et
1732 965 1797 1038 de—

326 1097 502 1183 mergatur
527 1086 794 1180 inprobandum
820 1086 934 1157 maris.
985 1059 1089 1159 qVae
1114 1085 1244 1158 mundo
1271 1085 1316 1156 ab
1344 1084 1526 1157 scandalis.
1559 1085 1716 1157 Necesse
1742 1097 1798 1158 est

325 1210 417 1281 enim
435 1217 472 1279 ut
496 1207 635 1278 veniant
651 1207 824 1292 scandala,
851 1227 972 1278 verum
989 1217 1104 1278 tanmn
1129 1227 1196 1279 vac
1222 1206 1350 1278 bomini
1375 1225 1440 1300 per
1466 1225 1570 1298 quem
1594 1205 1794 1278 scandalum

325 1329 426 1401 venit.
467 1316 582 1376 ΝΜ)
601 1327 637 1397 Si
671 1311 786 1398 autem
820 1346 943 1398 manus
977 1337 1036 1398 tua
1060 1327 1118 1398 uel
1144 1347 1208 1420 pes
1241 1336 1320 1397 tuus
1347 1325 1556 1398 scandalizat
1581 1333 1624 1411 te,
1652 1325 1795 1400 abscide

324 1469 405 1521 eum
432 1455 467 1518 et
492 1446 611 1540 proice
637 1447 702 1518 ebs
735 1457 787 1519 te:
821 1447 951 1518 bonum
985 1447 1046 1516 tibi
1079 1456 1134 1518 est
1168 1447 1352 1519 advitam
1386 1445 1519 1540 ingredi
1554 1441 1705 1518 debilem
1736 1446 1793 1516 vel

325 1568 472 1653 clodum,
500 1587 603 1660 quam
630 1567 718 1640 duas
745 1585 867 1638 munus
892 1567 949 1638 vel
975 1567 1064 1639 duos
1089 1565 1202 1660 pedes
1228 1567 1411 1639 habentem
1428 1568 1512 1638 miti
1537 1567 1703 1659 inignem
1730 1587 1792 1638 ae·

323 1701 467 1762 ternum.
510 1679 582 1758 ⁹llt
607 1688 637 1758 si
664 1688 784 1759 oculus
810 1695 890 1757 tuus
915 1677 1132 1758 scandalizat
1149 1696 1201 1771 te,
1229 1707 1313 1758 erue
1339 1709 1418 1758 eum
1444 1697 1480 1758 et
1504 1687 1623 1780 proice
1649 1686 1714 1758 aba
1741 1695 1792 1756 ter

323 1809 453 1881 bonum
480 1808 542 1879 tibi
566 1816 622 1879 est
647 1829 715 1879 uno
743 1807 844 1878 oculo
869 1807 903 1877 in
927 1807 1032 1878 dmm
1058 1807 1194 1893 intrare,
1221 1827 1325 1900 quam
1351 1805 1442 1880 duos
1468 1807 1589 1880 oculos
1607 1807 1792 1878 habentem

323 1930 408 2000 mitti
435 1929 469 1999 in
495 1927 688 2020 gehennam
722 1927 820 2019 ignis.
872 1917 1013 1982 ’ΝΜ
1034 1927 1157 1999 Videte
1189 1947 1234 1998 ne
1261 1927 1485 1999 contemnatis
1518 1945 1623 1998 uuum
1656 1943 1705 1997 ex
1737 1925 1791 1996 hia

324 2029 473 2144 pusillis:
499 2047 579 2120 dico
606 2049 697 2119 enirn
723 2047 825 2119 vobis
851 2045 931 2138 quia
957 2043 1069 2138 angeli
1096 2067 1217 2118 eorum
1244 2048 1277 2118 in
1304 2049 1576 2139 caelissemper
1601 2045 1719 2118 vident
1740 2047 1788 2115 ia-

324 2167 641 2261 ciempatrismei
668 2167 787 2260 quiin
812 2165 917 2236 caelis
944 2174 1008 2235 est.
1056 2158 1078 2202 ¹¹
1098 2167 1197 2238 Venit
1229 2167 1320 2240 enim
1351 2167 1440 2238 lilius
1473 2167 1622 2238 bominis
1656 2167 1792 2238 salvare

324 2285 420 2382 quod
445 2290 603 2381 perierat.
654 2280 679 2325 ⁴²
692 2277 783 2336 (m)
801 2285 891 2372 Quid
916 2284 1018 2356 vobis
1043 2285 1204 2359 uidetur?
1232 2289 1261 2358 si
1287 2289 1410 2362 luerint
1434 2287 1534 2358 alicui
1549 2295 1687 2358 centum
1705 2303 1792 2357 ovea

321 2417 361 2480 et
386 2408 554 2480 erraverit
575 2427 643 2478 una
659 2417 716 2477 'ex
743 2405 803 2490 eis,
829 2423 944 2477 nonne
969 2406 1138 2500 relinquet
1171 2407 1358 2500 nonaginta
1390 2427 1516 2480 novem
1550 2408 1584 2477 in
1617 2406 1791 2478 montibus

324 2539 360 2601 et
384 2527 480 2600 vadit
504 2543 672 2621 quaeram
698 2545 776 2596 eam
803 2545 893 2618 quac
919 2526 1070 2597 erravit?
1103 2520 1131 2568 ⁴³
1145 2527 1189 2599 Et
1213 2529 1243 2600 ai
1270 2527 1450 2622 contigerit
1473 2531 1511 2599 ut
1535 2527 1685 2598 inveniat
1701 2547 1790 2610 eam,

324 2669 426 2722 amen
451 2647 530 2720 dico
555 2647 658 2719 vobis
684 2645 764 2739 quria
788 2645 956 2737 gaudebit
981 2665 1087 2742 super
1113 2667 1156 2720 ea
1186 2649 1298 2742 magis
1331 2668 1436 2742 wem
1469 2665 1576 2742 super
1606 2647 1792 2738 nonaginta

323 2789 450 2842 novem
476 2787 567 2862 quae
591 2785 661 2838 non
685 2775 897 2837 erraverunt.
949 2755 975 2804 ⁴⁴
992 2766 1048 2838 Sic
1083 2787 1153 2840 non
1186 2778 1240 2840 est
1263 2769 1422 2840 voluntas
1454 2778 1533 2840 ante
1568 2777 1702 2860 patrem
1727 2785 1791 2836 ve·

324 2899 432 2962 strum
458 2889 515 2983 qui
542 2888 576 2959 in
601 2887 707 2959 caelis
734 2894 789 2956 est
814 2895 852 2956 ut
875 2895 997 2979 pereat
1021 2907 1109 2958 unus
1134 2885 1180 2958 de
1206 2889 1338 2980 pusillis
1364 2889 1446 2959 istis.
1473 2878 1604 2942 ium)
1623 2887 1657 2957 Si
1676 2895 1789 2958 autem

322 3009 519 3105 peccaverit
543 3008 578 3079 in
603 3017 638 3078 te
663 3009 767 3078 hater
793 3015 880 3091 tuus,
907 3005 998 3078 vade
1025 3016 1060 3078 et
1085 3007 1220 3101 corripe
1246 3025 1324 3078 eum
1357 3007 1445 3079 inter
1469 3015 1504 3078 te
1529 3017 1566 3078 et
1589 3007 1702 3100 ipsum
1729 3027 1790 3077 so—

299 3122 406 3202 lum:
432 3129 463 3202 si
488 3137 523 3200 te
549 3127 702 3212 audierit,
730 3125 879 3197 lucratus
906 3126 974 3196 eris
1000 3126 1139 3197 fratrem
1157 3136 1267 3198 mum:
1307 3115 1447 3174 ΜΗ)
1467 3127 1496 3198 si
1522 3137 1635 3198 autem
1659 3145 1729 3198 nou
1754 3135 1788 3196 te

322 3229 478 3335 audierit,
505 3247 633 3321 adhibe
658 3257 773 3318 tecum
799 3245 913 3318 adhuc
938 3265 1042 3316 unum
1068 3248 1124 3318 vel
1150 3247 1250 3333 duos,
1277 3249 1373 3318 utin
1399 3265 1461 3320 oro
1487 3247 1634 3320 duorum
1652 3248 1789 3319 testium

251 3424 255 3434 ,
321 3372 378 3444 vel
403 3369 503 3442 trium
530 3377 598 3440 stet
624 3385 726 3440 omne
753 3365 906 3436 verbum.
938 3357 969 3402 ⁴⁷
983 3357 1086 3452 Quod
1112 3367 1141 3440 si
1168 3387 1237 3440 non
1263 3367 1409 3440 audierit
1425 3385 1498 3453 eos,
1525 3367 1583 3439 dic
1604 3367 1787 3439 ecelesiae:

322 3493 351 3563 si
379 3501 494 3564 autem
520 3498 556 3559 et
581 3485 764 3559 ecclesiam
790 3505 859 3557 non
886 3481 1040 3573 audierit,
1068 3487 1111 3558 sit
1137 3488 1196 3560 tibi
1223 3489 1309 3560 sicut
1334 3488 1490 3559 ethnicus
1515 3497 1551 3560 et
1575 3489 1787 3582 publicanus.

321 3603 347 3648 ¹⁸
358 3599 450 3656 iffi>
462 3607 574 3680 Amen
605 3608 684 3679 dico
718 3607 836 3692 vobis,
863 3625 1103 3700 quaecumque
1134 3609 1350 3702 alligaveritis
1385 3627 1490 3702 super
1519 3617 1789 3692 terremotum

320 3729 425 3822 ligata
451 3729 546 3798 etin
571 3729 684 3810 eaelo;
711 3735 746 3798 et
772 3747 1011 3820 quaecumque
1042 3729 1213 3801 solveritis
1240 3739 1509 3823 superterram,
1545 3706 1643 3799 erunt
1676 3727 1785 3797 soluta

320 3857 357 3920 et
382 3849 416 3919 in
443 3849 549 3919 caelo.
599 3838 740 3893 mm)
760 3847 883 3916 lterum
911 3845 989 3918 dico
1015 3848 1116 3920 vobis
1141 3850 1220 3942 quia
1246 3851 1274 3921 si
1301 3849 1382 3924 duo.
1399 3867 1445 3918 ex
1470 3847 1571 3918 vobis
1595 3863 1786 3917 consense-

321 3969 670 4061 rintsuperterram
697 3965 742 4036 de
769 3965 935 4051 omnine,
965 3959 1220 4063 'quaecumque
1246 3969 1419 4063 petierint,
1453 3963 1511 4038 fiet
1544 3965 1608 4036 illis
1636 3983 1656 4034 a
1689 3975 1787 4058 patra

322 4107 401 4159 meo
427 4089 485 4180 qni
511 4088 545 4158 in
571 4087 675 4158 caelis
703 4095 770 4157 est:
822 4077 848 4124 ²⁰
865 4086 922 4156 ubi
948 4087 1039 4157 enim
1066 4099 1145 4160 sunt
1169 4089 1241 4161 duo
1267 4089 1419 4160 veltres
1446 4086 1645 4178 cougregati
1671 4086 1703 4156 in
1720 4103 1787 4155 no-

321 4207 413 4279 mine
437 4227 533 4293 meo,
560 4209 607 4278 ibi
633 4227 710 4278 sum
742 4207 777 4276 in
809 4207 925 4278 medio
956 4227 1085 4280 ecrurn.
1137 4199 1161 4246 ²¹
1175 4200 1264 4258 “ml
1278 4210 1372 4280 Tunc
1398 4206 1568 4278 accedens
1594 4205 1715 4276 Petrus
1742 4205 1788 4275 ad

322 4349 401 4398 eum
428 4327 514 4399 dixit
538 4327 699 4410 Domine,
728 4327 862 4418 quoties
889 4328 1047 4421 peccabit
1077 4328 1110 4398 in
1137 4321 1193 4400 m'e
1218 4329 1323 4399 irater
1348 4347 1447 4398 meus
1472 4335 1509 4398 et
1535 4325 1700 4398 dimittam
1727 4327 1786 4396 ei?

320 4467 432 4540 usque
459 4445 612 4538 septies‘l
664 4436 691 4482 ⁹³
707 4447 794 4517 Dicit
819 4448 863 4517 illi
889 4431 986 4519 lesus
1011 4449 1089 4520 Non
1116 4447 1194 4518 dico
1221 4447 1280 4517 tibi
1308 4469 1418 4539 usque
1453 4447 1601 4540 septies,
1633 4445 1698 4518 sed
1724 4467 1785 4516 us-

321 4589 390 4660 que
416 4565 614 4660 septuagies
641 4567 780 4659 septies.
832 4559 859 4606 ²³
874 4553 973 4614 (Μ)
993 4567 1076 4639 ldeo
1103 4567 1332 4640 adsimilatum
1360 4577 1413 4638 est
1439 4588 1584 4659 regnum
1611 4567 1784 4637 caelorum

320 4686 448 4758 homini
474 4685 547 4779 regi
573 4687 631 4779 qui
656 4687 762 4758 voluit
786 4688 952 4758 rationem
979 4667 1110 4780 ponere
1137 4709 1214 4760 curn
1240 4688 1350 4759 servis
1374 4687 1455 4757 suis.
1497 4674 1578 4757 ”Et
1603 4707 1679 4756 cunr
1699 4705 1784 4756 coe-

320 4806 430 4899 pisset
455 4807 622 4879 rationem
655 4829 801 4901 ponere,
830 4809 966 4878 oblatus
992 4817 1046 4878 est
1077 4807 1109 4878 ei
1142 4827 1230 4879 unus
1263 4808 1320 4900 qui
1352 4807 1505 4878 debebat
1537 4806 1662 4878 decem
1696 4805 1787 4876 milia

321 4926 454 4995 talenta.
506 4919 533 4964 ¹⁵
549 4929 632 5000 Cum
659 4937 868 4999 autemnon
895 4927 1039 4998 haberet
1065 4926 1157 4998 uude
1182 4927 1362 5012 redderet,
1395 4927 1493 5000 iussit
1519 4947 1599 4999 eum
1626 4925 1786 4998 dominus
1890 4916 1894 4931 '

319 5045 507 5116 venundari
533 5059 569 5120 et
592 5069 739 5119 uxorem
766 5047 840 5118 eius
867 5058 903 5117 et
927 5047 1015 5118 filios
1042 5056 1077 5117 et
1103 5047 1217 5117 omnia
1244 5067 1333 5138 quae
1360 5047 1521 5133 habebat,
1549 5057 1584 5119 et
1601 5046 1700 5138 reddi
1718 5045 1784 5115 de-

320 5165 436 5236 bitum.
488 5157 516 5202 ²⁶
531 5167 729 5243 Procedens
760 5176 874 5238 auteur
907 5187 1030 5238 servus
1066 5167 1121 5236 ille
1154 5166 1275 5238 orabat
1308 5189 1386 5240 eum
1428 5168 1550 5239 dicens
1587 5165 1785 5240 Patientiam

867 5287 973 5370 XVIII,
1003 5289 1024 5356 5
1081 5324 1125 5337 —
1180 5288 1238 5361 26.
