4242 6118
620 385 625 392 ¹
707 353 958 420 evidentiora
986 356 1191 426 SECUNDUM
1217 358 1343 426 tucltt
1706 363 1776 434 t23

268 572 428 654 tempore
454 559 554 632 tritici
581 557 807 632 mensuram?
862 542 890 590 ⁴³
909 556 1042 632 Beatus
1069 559 1124 632 ille
1151 581 1285 648 servus,
1313 585 1418 658 quem
1445 564 1682 640 cumvenerit
1707 563 1775 642 do-

268 681 380 752 minus
407 678 577 750 invenerit
603 679 650 752 ita
675 675 878 748 facientem:
927 665 954 713 *¹
973 697 1061 748 vere
1088 677 1168 752 dico
1195 682 1298 756 vobis
1316 684 1397 776 quia
1424 705 1529 778 supra
1548 683 1664 760 omnia
1683 704 1777 774 quae

269 796 428 892 possidet
460 798 646 870 constituet
676 796 778 866 illum.
835 781 863 826 ⁴⁵
876 781 969 871 “⁵⁸:⁵³
993 795 1096 878 Quod
1129 798 1158 868 si
1192 798 1319 874 dixerit
1352 823 1477 876 servus
1510 803 1566 873 ille
1599 803 1633 874 in
1666 801 1777 899 corde

269 939 334 990 suo
360 917 494 988 Moram
520 915 602 988 lacit
629 915 790 1012 dominus
818 930 922 984 meus
947 914 1086 1000 venire,
1120 927 1156 988 et
1190 921 1345 1012 coeperit
1370 930 1557 1014 percutere
1582 941 1714 1014 pueros
1742 930 1777 992 et

270 1036 480 1121 ancillas,'et
507 1034 616 1108 edere
643 1043 678 1106 et
704 1033 829 1106 bibere
856 1039 892 1102 et
917 1032 1099 1118 inebriari,
1145 1025 1300 1108 ‘⁶veniet
1326 1039 1489 1112 dominus
1516 1040 1609 1112 servi
1636 1041 1730 1126 illius,
1742 1040 1777 1112 in

269 1154 327 1228 die
353 1176 422 1246 qua
449 1175 521 1226 non
547 1163 667 1246 sperat
694 1161 730 1224 et
754 1152 845 1224 hora
871 1173 941 1245 qua
969 1153 1096 1238 nescit,
1124 1163 1159 1226 et
1185 1154 1319 1236 dividet
1350 1179 1431 1230 eum
1464 1167 1673 1250 partemque
1700 1158 1787 1258 eius
1826 1209 1830 1222 .
1913 1163 1917 1172 “

269 1296 347 1346 cum
374 1271 571 1344 infidelibus
597 1281 714 1365 ponet.
767 1261 794 1307 ⁴⁷
807 1261 914 1318 (Μ)
931 1272 991 1342 Ille
1018 1281 1135 1346 autem
1169 1293 1292 1346 servus
1326 1278 1384 1368 qui
1418 1277 1589 1368 coguovit
1613 1278 1774 1353 voluuta-

270 1402 339 1466 tem
373 1391 505 1466 domini
542 1391 596 1464 sui
631 1401 667 1461 et
701 1411 772 1462 non
802 1391 1028 1482 praeparavit
1063 1401 1099 1462 et
1130 1413 1198 1462 non
1230 1394 1309 1464 lecit
1335 1393 1533 1468 secundum
1560 1396 1773 1468 voluntatem

268 1510 353 1596 eius,
380 1509 560 1603 vapulavit
585 1509 718 1594 multis;
761 1497 788 1545 ‘⁸
806 1509 864 1601 qui
891 1509 1006 1580 autam
1034 1529 1105 1580 non
1139 1513 1304 1602 cognovit
1318 1478 1373 1586 ’et
1404 1513 1491 1586 lecit
1517 1512 1623 1605 digua
1649 1515 1772 1608 plagis,

267 1621 443 1720 vapulauit
468 1627 609 1721 paucis:
639 1627 733 1700 omni
759 1637 876 1700 autem
902 1627 957 1700 cui
984 1627 1128 1698 multum
1155 1628 1275 1702 datum
1309 1643 1379 1717 est,
1407 1632 1557 1704 multum
1585 1644 1774 1724 quaeretur

267 1747 312 1818 ab
339 1767 401 1831 eo;
428 1757 464 1820 et
490 1747 547 1822 cui
574 1745 909 1820 commendaverunt
934 1746 1087 1829 multum,
1114 1744 1192 1837 plus
1209 1757 1328 1842 petent
1355 1751 1400 1824 ab
1420 1772 1478 1824 eo.
1507 1739 1637 1798 ‘⁰(¹⁶⁰·⁵·'
1654 1751 1772 1843 Ignem

265 1866 343 1938 veni
369 1866 506 1938 mittere
533 1867 568 1938 in
596 1875 736 1950 terram,
763 1872 798 1934 ct
825 1863 908 1956 quid
935 1864 1017 1936 volo
1043 1861 1110 1934 nisi
1136 1851 1370 1940 accendatur?
1414 1861 1635 1960 ”baptisma
1654 1879 1769 1946 autem

264 1983 379 2056 babeo
412 1984 600 2078 baptizari,
637 1993 674 2056 et
706 1982 887 2076 quomodo
915 1991 1055 2054 coartor
1082 1984 1301 2074 usquedum
1328 1985 1542 2080 perficiatur.
1594 1979 1618 2024 ⁵¹
1638 1985 1768 2064 Putatis

263 2101 342 2194 quia
374 2123 500 2195 pacem
534 2103 615 2182 veni
650 2103 740 2176 dare
772 2101 807 2172 iu
840 2103 995 2174 terram?
1033 2121 1105 2172 non
1135 2101 1213 2176 dico
1246 2103 1348 2176 vobis
1389 2103 1456 2176 sed
1500 2105 1767 2196 separationem.

260 2213 288 2258 ⁶²
303 2221 408 2294 Erunt
433 2223 526 2294 enim
553 2244 600 2292 ex
629 2222 702 2294 hcc
729 2221 881 2314 quinque
915 2220 950 2290 iu
978 2219 1086 2292 domo
1120 2241 1188 2292 uua
1219 2219 1337 2306 divisi,
1372 2231 1443 2296 tres
1472 2221 1508 2292 in
1536 2221 1607 2296 duo
1634 2233 1670 2298 et
1695 2225 1767 2302 duo

260 2341 295 2412 in
321 2350 390 2437 tres
431 2334 679 2426 5Idividcntun
708 2349 813 2434 pater
838 2340 872 2412 in
900 2338 1006 2412 lilium
1040 2347 1076 2410 ct
1101 2337 1189 2412 filius
1222 2339 1256 2410 iu
1283 2349 1417 2433 patrem
1454 2361 1569 2428 suum,
1597 2352 1707 2418 mater
1732 2347 1766 2420 in

261 2459 362 2532 liliam
395 2470 431 2532 et
460 2461 528 2532 lilia
563 2461 598 2530 in
632 2470 804 2544 matrem,
841 2478 967 2530 socrus
1000 2457 1036 2528 in
1067 2479 1190 2530 nurum
1226 2477 1325 2531 suam
1358 2473 1394 2528 ct
1426 2481 1537 2534 nurus
1563 2461 1597 2532 in
1624 2483 1765 2540 socrum

262 2601 369 2652 suam.
420 2570 548 2626 “imi
578 2579 731 2652 Dicebat
757 2587 874 2652 autem
903 2575 1011 2650 etad
1037 2576 1155 2648 turbas
1191 2575 1275 2650 Cum
1301 2576 1457 2662 videritis
1491 2579 1620 2654 nubem
1648 2583 1764 2656 orien-

263 2709 333 2770 tem
361 2699 405 2770 ab
431 2717 570 2783 occasu,
598 2699 715 2770 staum
743 2695 856 2770 dicitis
884 2695 1031 2768 Nimbus
1049 2695 1152 2782 venit,
1180 2705 1216 2770 et
1240 2695 1287 2766 ita
1312 2693 1365 2768 lit:
1408 2687 1436 2732 ⁵⁵
1456 2705 1589 2774 etcum
1611 2711 1763 2774 austrum

264 2817 412 2903 dantem,
438 2814 550 2892 dicitis
577 2816 658 2908 quia
684 2823 813 2902 ventus
837 2817 922 2900 erit,
957 2822 993 2890 ct
1026 2813 1073 2886 fit.
1124 2806 1152 2852 ⁵⁶
1169 2813 1393 2908 Hypccritae,
1430 2815 1556 2892 faciem
1585 2829 1700 2894 terrae
1727 2831 1763 2892 et

222 2923 228 2928 ’
265 2937 352 3010 caeli
376 2936 486 3010 nostis
511 2935 675 3028 probare,
704 2934 773 3006 hoc
799 2946 917 3010 autem
945 2943 1082 3027 tempus
1109 2931 1288 3026 quomodo
1314 2953 1384 3006 nou
1404 2935 1589 3026 probatis?
1629 2931 1655 2976 ⁶⁷
1670 2938 1760 3024 Quid
1813 2991 1817 3004 .

266 3065 382 3128 autem
409 3063 444 3126 et
470 3077 491 3139 a
518 3053 620 3128 vobis
647 3053 732 3146 ipsis
757 3075 829 3126 non
854 3053 1014 3128 iudicatIs
1041 3054 1125 3145 quid
1151 3054 1277 3126 iustum
1305 3053 1383 3126 est?
1435 3044 1462 3090 ⁵⁸
1475 3047 1565 3103 (Μ)
1585 3056 1668 3129 Cum
1696 3078 1755 3127 au-

266 3185 337 3248 tem
364 3172 463 3248 vadis
489 3195 567 3246 cum
595 3170 798 3245 adversario
824 3183 886 3250 tuo
914 3171 961 3246 ad
987 3171 1195 3266 principem,
1229 3171 1264 3242 in
1289 3168 1345 3240 vin
1374 3170 1421 3245 da
1448 3193 1594 3264 operam
1621 3173 1761 3248 liberari

267 3293 312 3364 ab
338 3291 404 3378 illu,
431 3313 475 3364 ue
502 3293 591 3364 lorte
618 3290 731 3364 trabat
756 3300 791 3364 te
818 3289 913 3384 apud
939 3289 1089 3366 iudicem
1117 3301 1153 3362 et
1186 3287 1294 3362 iudex
1328 3288 1443 3364 tradat
1478 3300 1512 3361 te
1539 3291 1697 3364 exactori
1723 3300 1760 3364 ct

267 3420 412 3484 exactor
438 3411 548 3482 mittat
575 3419 609 3480 te
635 3409 670 3480 in
696 3430 886 3484 carcerem.
939 3399 966 3444 ⁵⁹
982 3407 1069 3484 Dico
1086 3409 1166 3492 tibi,
1193 3429 1263 3480 non
1290 3405 1389 3478 exies
1415 3407 1495 3484 inda
1513 3409 1628 3482 donec
1655 3409 1757 3482 etiam

267 3530 491 3606 novisdmum
517 3527 684 3602 minutum
710 3527 852 3605 reddas.

974 3801 1053 3872 XIII.

344 3998 471 4056 strupo.)
489 4003 644 4080 Aderant
672 4014 789 4078 autem
817 4003 957 4098 quidam
985 4005 1062 4099 ipso
1089 4007 1123 4080 in
1154 4016 1312 4097 tempore
1331 4005 1523 4082 nunuautes
1550 4005 1594 4080 illi
1622 4005 1669 4080 de
1688 4006 1757 4080 Ga-

265 4125 374 4198 lilaeis
402 4145 550 4215 quorum
577 4123 780 4216 sanguinem
808 4123 936 4198 Pilatus
963 4124 1098 4201 miscuit
1123 4146 1202 4200 oum
1230 4122 1407 4197 sacrificiis
1433 4145 1565 4199 sorum.
1599 4118 1672 4197 'Et
1697 4146 1755 4196 rc-

266 4241 444 4336 spondens
470 4241 558 4316 dixit
582 4242 647 4315 illis
674 4242 804 4318 Putabo
831 4243 927 4335 quod
953 4243 987 4316 bi
1014 4243 1155 4318 Gattaei
1181 4263 1271 4336 prae·
1294 4242 1454 4317 omuibus
1483 4241 1641 4320 Gallaeis
1668 4262 1754 4333 pec·

267 4362 576 4444 murmurarunt
603 4361 684 4452 quia
710 4362 791 4434 talia
823 4363 922 4454 passi
947 4364 1051 4436 sunt?
1101 4355 1209 4436 ³Non
1235 4361 1316 4434 dico
1343 4361 1456 4446 vobis,
1484 4358 1549 4434 sed
1575 4360 1641 4436 nisi
1667 4381 1754 4452 poc-

265 4481 441 4555 uitontiam
467 4479 670 4564 habueritis,
705 4501 829 4552 omnes
862 4475 1016 4558 similiter
1046 4479 1212 4573 peribitis.
1253 4467 1374 4554 ‘Sicut
1398 4479 1444 4553 illi
1470 4479 1595 4552 decem
1621 4487 1657 4550 ct
1674 4485 1755 4550 octo

264 4621 371 4692 supra
397 4619 486 4690 quos
521 4597 646 4672 cecidit
681 4600 783 4670 burris
817 4601 852 4674 in
878 4599 1006 4673 Siloam
1040 4609 1076 4672 et
1108 4599 1236 4674 occidit
1261 4619 1342 4682 eos,
1369 4598 1496 4690 putatis
1524 4599 1602 4690 quia
1629 4607 1665 4668 et
1690 4596 1755 4688 ipsi

265 4717 444 4792 debitores
470 4717 607 4792 luerunt
631 4726 772 4810 praeter
790 4739 913 4790 omnes
932 4718 1090 4792 homines
1107 4717 1303 4792 habitantes
1320 4717 1354 4786 in
1372 4715 1610 4788 Hierusalem?
1650 4706 1754 4788 15Νοιι

261 4835 344 4918 ,dico
370 4835 490 4919 vobis,
525 4835 592 4909 sed
627 4836 657 4906 si
690 4857 760 4909 non
791 4837 1034 4928 paenitentiam
1070 4835 1228 4928 ogerius,
1257 4855 1380 4909 omnes
1408 4835 1562 4910 slmiliter
1588 4831 1753 4924 peribitIs.

263 4945 399 5000 ΝΜ)
412 4955 558 5032 Dicebat
589 4963 704 5026 autem
737 4953 826 5028 hanc
852 4954 1114 5032 similitudinem.
1150 4951 1324 5026 arborem
1351 4951 1406 5028 lici
1433 4952 1588 5026 babebat
1614 4950 1754 5044 quidam

263 5072 451 5164 plantatam
478 5074 513 5146 in
539 5073 639 5150 vinea
666 5095 738 5156 sua,
767 5082 802 5144 et
827 5072 922 5144 venit
948 5091 1120 5163 quaerens
1146 5073 1291 5148 trucum
1318 5071 1353 5142 iu
1378 5071 1434 5144 illa
1461 5079 1496 5144 et
1521 5093 1591 5146 uon
1617 5069 1753 5144 invenit.

812 5189 878 5273 XII,
909 5187 955 5260 tt
984 5229 1034 5244 —-
1060 5189 1139 5275 XIII,
1168 5193 1200 5262 6.

1365 5309 1447 5377 ld*
