4220 6124
371 371 445 441 302
886 367 1067 432 srrsruna
1092 365 1144 430 An
1171 363 1348 428 cencres
1482 343 1487 354 “

321 608 329 622 =
369 568 393 612 ²¹
408 575 518 646 Dicite
545 573 644 656 mihi,
676 572 735 663 qui
761 570 827 642 sub
854 571 933 661 lege
958 568 1059 642 vultis
1086 589 1184 646 essa,
1210 568 1325 659 legem
1352 587 1422 638 non
1448 564 1601 657 legistis?
1644 556 1671 604 ²¹
1688 565 1859 657 Scriptum

370 703 425 766 εει
452 685 542 765 enim
569 691 731 784 quoniam
758 688 935 760 Alrraham
962 687 1053 759 duos
1079 685 1167 759 lilios
1194 686 1322 770 habuit,
1350 709 1455 762 unum
1480 685 1527 758 de
1554 679 1676 758 ancilla
1694 693 1730 756 et
1755 705 1859 759 unum

371 811 418 883 de
445 813 561 882 libera.
600 803 627 848 ²³
644 809 716 880 Sed
743 808 800 901 qui
827 808 873 880 do
901 807 1031 890 ancilla,
1059 805 1251 878 secundum
1278 826 1417 878 carnem
1444 813 1544 878 natus
1561 812 1631 887 est;
1658 803 1719 896 qui
1744 813 1858 876 autem

369 931 560 1013 delibera,
587 950 651 1022 per
676 927 995 1021 repromissionem.
1047 914 1074 962 ²⁴
1092 925 1191 1008 Quae
1218 933 1296 996 sunt
1321 945 1385 1016 per
1411 923 1611 1015 allegoriam
1631 923 1732 996 dicta.
1766 923 1859 996 Haec

371 1049 463 1120 enim
496 1058 575 1120 sunt
606 1047 677 1120 duo
712 1055 931 1130 testamenta,
966 1065 1071 1116 unum
1105 1043 1247 1136 quidem
1281 1065 1301 1116 a
1336 1053 1454 1116 monte
1482 1042 1572 1126 Sina,
1599 1041 1633 1112 in
1658 1042 1857 1114 servitutem

370 1187 553 1258 generans,
582 1187 671 1259 quae
695 1176 751 1238 εει
775 1165 879 1258 Agar.
931 1156 1052 1234 ”sina
1079 1162 1170 1234 enim
1198 1183 1300 1242 mons
1327 1172 1381 1236 εει
1404 1163 1440 1234 in
1456 1161 1596 1244 Arabia,
1625 1161 1683 1252 qui
1708 1159 1858 1232 'iunctus

371 1295 426 1356 est
451 1285 483 1356 ei
509 1307 601 1378 qtrae
627 1307 718 1376 nunc
745 1293 799 1356 εει
823 1285 1038 1356 Hierusalem
1066 1289 1101 1352 et
1127 1282 1233 1354 servit
1259 1297 1337 1354 cum
1365 1280 1442 1352 liliis
1471 1281 1563 1351 eius:
1615 1271 1643 1316 ²⁶
1659 1279 1716 1350 illa
1742 1288 1857 1350 autem

370 1425 461 1495 quae
487 1427 624 1476 sursum
651 1415 705 1476 est
729 1404 943 1476 Hierusalem
977 1401 1086 1472 libera
1112 1410 1181 1484 εει,
1215 1423 1306 1492 quae
1333 1411 1388 1472 est
1414 1409 1525 1470 mater
1550 1407 1678 1480 nostra.
1722 1389 1748 1434 ᾗ
1766 1397 1857 1469 Scri-

370 1532 466 1614 ptum
493 1534 548 1594 est
575 1523 665 1594 enim
691 1525 836 1595 Laetare
862 1521 999 1594 sterelis
1025 1541 1116 1612 quae
1142 1539 1212 1590 non
1238 1520 1349 1612 paris,
1385 1538 1528 1610 erumpe
1561 1527 1596 1588 ct
1631 1519 1739 1588 clama
1768 1538 1856 1610 quae

370 1662 440 1712 non
466 1641 622 1734 parturis,
651 1643 731 1734 quia
756 1641 851 1714 multi
877 1639 933 1714 dlii
961 1632 1145 1714 'desertae
1172 1637 1284 1729 magis
1309 1657 1413 1728 quam
1441 1636 1517 1708 eius
1552 1657 1642 1728 quac
1673 1635 1780 1708 habat
1804 1637 1856 1706 vi·

371 1783 455 1829 rum.
508 1753 535 1798 ²⁸
551 1762 624 1831 Nos
658 1771 788 1844 autern,
821 1761 960 1858 fratres,
1001 1757 1191 1831 secundum
1226 1757 1323 1827 lsaac
1356 1755 1595 1849 promissionis
1629 1754 1684 1826 lilii
1729 1777 1854 1834 sumus.

369 1871 396 1914 ²⁹
413 1879 483 1950 Sed
518 1879 697 1970 quomodo
730 1889 810 1949 tunc
843 1878 901 1969 qui
928 1876 1119 1948 secundum
1147 1895 1288 1945 carnem
1315 1884 1416 1944 natus
1448 1876 1557 1944 luerat
1583 1875 1856 1966 persequebatur

371 2017 449 2066 eum
483 1999 541 2089 qui
574 1997 764 2069 secundum
799 1995 970 2089 spiritum,
1006 1995 1052 2065 ita
1086 2006 1125 2064 et
1152 2015 1251 2064 nunc.
1304 1985 1331 2030 ³⁰
1348 1993 1419 2064 Sed
1446 1992 1529 2085 quid
1557 1993 1638 2062 dicit
1665 1994 1854 2086 scriptura?

369 2117 451 2187 Eice
478 2117 633 2213 ancillam
661 2127 696 2186 et
721 2115 825 2186 filium
853 2115 942 2185 eius:
970 2135 1039 2184 non
1067 2113 1158 2184 enim
1185 2111 1287 2181 heres
1315 2111 1380 2181 erit
1405 2111 1492 2181 lilius
1519 2111 1662 2182 ancillae
1681 2133 1759 2182 cum
1786 2110 1854 2180 filio

371 2237 512 2308 liberae.
563 2226 587 2272 ³¹
607 2235 735 2328 ltaque,
763 2235 896 2318 iratres,
923 2253 993 2304 non
1019 2241 1138 2304 'sumus
1166 2230 1310 2304 ancillae
1337 2228 1393 2300 [ilii
1420 2229 1484 2302 sed
1510 2231 1651 2302 lilnerae.

1094 2503 1131 2572 V.

446 2703 456 2744 ⁴
478 2709 556 2792 Qua
581 2708 741 2782 libertate
767 2731 831 2782 nos
857 2709 1010 2782 Christus
1027 2706 1198 2788 liberavit,
1226 2713 1324 2790 state,
1353 2715 1388 2778 ει
1413 2706 1517 2778 nolite
1535 2707 1658 2778 itermn
1677 2707 1758 2797 iugo
1776 2727 1853 2776 ser·

369 2827 483 2898 vitatis
516 2829 692 2900 contineri.
745 2819 928 2900 ²<⁸⁴lllcoe
961 2847 1030 2918 ego
1065 2826 1190 2898 Paulus
1224 2824 1304 2898 dico
1330 2825 1432 2896 vobis
1458 2826 1622 2917 quoniam
1649 2827 1678 2896 si
1705 2826 1853 2896 circnm-

369 2945 547 3030 cidamini,
583 2947 737 3018 Christus
770 2947 873 3018 vobis
906 2945 987 3018 nihil
1013 2945 1189 3038 proderit:
1238 2935 1430 3016 ³testilicor
1456 2953 1570 3018 autem
1597 2967 1734 3015 rursum
1762 2945 1855 3016 omni

314 3155 318 3164 ι
369 3065 498 3136 homini
532 3065 788 3138 circumcidenti
821 3087 862 3136 se
895 3065 1058 3157 quoniam
1092 3063 1230 3136 debitor
1262 3073 1317 3134 est
1342 3063 1525 3136 universae
1550 3064 1637 3155 legis
1663 3062 1852 3136 faciendae.

368 3175 559 3256 ‘Evacuati
593 3185 676 3258 estis
714 3206 736 3256 a
768 3183 919 3268 Christo,
954 3185 1013 3275 qui
1044 3183 1077 3254 in
1111 3185 1191 3274 lege
1216 3181 1455 3265 iustificamini‚
1483 3204 1504 3252 a
1530 3183 1640 3273 gratia
1665 3182 1851 3256 excidistis.

367 3297 466 3375 bNos
500 3305 592 3376 enim
633 3303 754 3395 spiritu
792 3325 839 3376 ex
879 3301 949 3377 fide
988 3324 1088 3395 spem
1127 3301 1277 3374 iustitiae
1312 3311 1549 3394 expectamus.
1608 3291 1788 3374 θαΨΝειιι
1818 3301 1853 3370 in

363 3423 502 3494 ¹Christo
526 3423 607 3494 lesu
633 3443 748 3514 neque
773 3421 988 3495 circumcisio
1016 3420 1143 3514 aliquid
1172 3421 1263 3492 valet
1286 3441 1402 3512 neque
1428 3421 1655 3514 praeputium,
1682 3420 1747 3492 sed
1764 3419 1852 3492 fides

266 3545 268 3552 “
367 3563 459 3633 quae
493 3562 556 3634 per
591 3542 769 3613 caritatem
804 3551 977 3634 operatur.
1029 3531 1110 3588 Ἢ)
1125 3539 1322 3614 Currebatis
1352 3539 1460 3610 bene:
1493 3539 1570 3631 quis
1596 3559 1662 3610 vos
1688 3537 1854 3632 inpedivit

368 3661 503 3732 veritati
527 3681 598 3731 non
625 3659 821 3734 oboedire?
864 3651 1079 3738 ⁸Persuasio
1106 3679 1177 3732 uon
1203 3666 1258 3730 est
1282 3677 1330 3730 ex
1356 3677 1401 3728 eo
1427 3659 1485 3748 qui
1513 3667 1615 3730 vocat
1639 3678 1715 3730 vos.
1749 3650 1851 3730 9Μο-

367 3779 483 3850 dicum
517 3781 721 3852 fermentum
765 3787 871 3852 totam
906 3799 1058 3850 massam
1092 3777 1289 3870 corrumpit.
1341 3767 1368 3812 ¹⁰
1384 3776 1460 3867 Ego
1494 3775 1633 3850 conlido
1667 3770 1787 3848 'vobis
1818 3775 1852 3846 in

367 3894 750 3989 domino,'qu0dnil1il
776 3894 868 3970 aliud
893 3897 1050 3992 sapietis:
1078 3897 1136 3988 qni
1162 3907 1278 3970 autem
1305 3895 1487 3968 conturbat
1512 3915 1595 3979 vos,
1622 3895 1773 3987 portavit
1798 3894 1851 3965 iu-

368 4015 513 4098 dicium,
540 4017 749 4108 quicumque
776 4026 832 4090 est
857 4016 921 4086 ille.
974 4005 1156 4107 11(Ἣιιςο
1183 4025 1307 4098 autem,
1335 4015 1474 4097 fratres,
1501 4013 1530 4086 si
1557 4013 1851 4086 circumcisionem

368 4135 471 4207 alhuc
496 4135 681 4228 praedico,
716 4135 800 4227 quid
833 4135 947 4207 adhuc
977 4135 1255 4230 persecutionem
1282 4133 1422 4225 patior?
1455 4153 1542 4224 ergo
1569 4142 1773 4204 evacuatum
1799 4141 1861 4202 est

366 4255 568 4328 scandalum
595 4255 716 4326 crucis.
768 4246 794 4292 ⁴²
808 4253 940 4326 Utinam
967 4261 1003 4326 ει
1029 4252 1275 4324 abscindantur
1300 4252 1359 4345 qui
1384 4272 1450 4326 vos
1476 4251 1691 4324 conturbant.
1743 4244 1852 4322 13ιιοε

367 4375 458 4446 cuim
484 4375 519 4444 in
544 4375 740 4445 libertatem
766 4373 880 4444 vocati
906 4373 999 4457 estis,
1025 4373 1165 4444 lrutras:
1193 4381 1324 4444 tantum
1350 4391 1395 4444 ne
1412 4371 1605 4444 libertatem
1633 4370 1666 4442 iu
1692 4369 1851 4444 occasio-

366 4515 447 4564 nem
473 4493 565 4565 detis
592 4493 713 4576 carnis,
741 4491 806 4564 sed
832 4513 896 4584 per
922 4492 1101 4564 caritatem
1134 4490 1263 4564 servite
1296 4491 1453 4564 invicem.
1504 4477 1596 4534 ΜΘ)
1614 4489 1734 4563 Omnis
1760 4489 1850 4561 enim

367 4614 425 4684 lex
461 4614 496 4684 in
530 4633 600 4684 nno
630 4627 797 4684 sermone
831 4611 1007 4702 impletur,
1040 4609 1159 4700 Diligis
1192 4611 1390 4701 proximum
1427 4617 1522 4679 tuum
1555 4606 1642 4678 sicut
1668 4606 1850 4698 teipsum.

365 4723 392 4770 ¹⁵
408 4731 513 4817 Quod
540 4733 571 4802 si
594 4731 742 4802 invicem
769 4729 935 4804 mordetis
961 4727 1219 4812 cleomedes,
1246 4727 1363 4800 videte
1388 4749 1434 4798 ne
1460 4726 1506 4798 ab
1531 4725 1677 4796 invicem
1704 4719 1851 4801 'consu-

366 4852 515 4924 memini.
567 4841 760 4922 16(ι’)Ιιίεο
796 4859 926 4934 autem,
959 4849 1079 4942 spiritu
1112 4849 1302 4930 ambulate,
1338 4857 1374 4918 et
1405 4844 1616 4918 desiderium
1643 4845 1756 4916 carnis
1782 4865 1852 4914 non

249 4971 251 4976 '
366 4971 560 5062 perficietis.
613 4963 638 5008 ¹⁷
652 4971 740 5042 Caro
776 4969 866 5040 enim
904 4967 1114 5060 concupiscit
1146 4966 1315 5040 adversus
1354 4966 1523 5058 spiritum,
1564 4963 1703 5056 spiritns
1736 4971 1851 5034 autem

365 5089 537 5161 adversus
563 5111 722 5164 carnem:
758 5089 845 5162 haec
878 5087 969 5160 enirn
1003 5087 1149 5160 invicem
1183 5086 1425 5169 adversantur,
1453 5095 1489 5156 ut
1515 5104 1585 5154 non
1609 5100 1852 5174 quaecumque

932 5207 983 5286 lv,
1012 5209 1053 5278 Sl
1087 5243 1138 5261 --
1165 5205 1201 5286 V,
1234 5199 1288 5276 17.
