4146 6120
416 375 487 446 385
976 377 1157 440 nrrsrumt
1182 377 1292 439 PETRI
1318 377 1349 438 ll

413 483 650 496 -ι-ιι--ι-Ι-

413 583 522 654 secuti
557 593 634 653 sunt
667 582 760 652 viam
794 581 935 652 Balaam
970 599 1016 652 ex
1050 581 1179 661 Bosor,
1212 582 1270 674 qui
1306 580 1506 654 mercedem
1539 579 1722 671 iniquitatis
1755 582 1886 666 amarit,

413 698 439 742 ’ὅ
456 703 709 794 correptionem
736 721 822 772 vero
851 700 970 771 babuit
995 721 1082 772 suas
1107 701 1310 772 vassoniae:
1339 699 1519 791 subiugale
1545 709 1676 770 mutum
1701 700 1736 770 in
1752 701 1888 772 bominis

411 844 501 894 voce
528 824 672 914 loquens
698 820 873 914 prohibuit
898 820 1092 912 prophetae
1117 820 1355 914 insipientiam.
1408 809 1491 920 W
1505 818 1546 888 Hi
1572 829 1651 890 sunt
1680 820 1790 890 lontes
1822 818 1887 889 sine

412 963 502 1034 aqua
530 953 566 1012 et
590 940 741 1012 nebulae
766 938 959 1012 turbinibus
986 931 1213 1030 ‘exagitatae
1242 939 1367 1031 quibus
1394 937 1505 1030 caligo
1533 937 1756 1009 tenebrarum
1782 959 1889 1009 reser-

410 1071 519 1132 vatur.
571 1051 598 1096 ⁴⁸
614 1059 786 1152 Superbia
812 1057 902 1128 enim
929 1057 1090 1129 vanitatis
1115 1059 1299 1152 loquentes
1326 1058 1485 1152 pellicent
1517 1057 1552 1127 in
1577 1056 1761 1130 desideriis
1786 1059 1889 1128 carrus

411 1180 567 1252 luxuriae
599 1179 751 1272 eosqui
786 1177 961 1272 paululum
997 1179 1177 1271 effugiunt,
1212 1179 1271 1270 qui
1297 1177 1331 1248 in
1358 1197 1479 1248 errore
1504 1186 1771 1261 conversantur,
1813 1169 1838 1216 ¹⁹
1853 1178 1890 1246 li·

409 1301 579 1370 bertatem
605 1298 670 1371 illis
696 1298 947 1391 promittentes,
975 1318 1053 1368 curn
1081 1297 1147 1390 ipsi
1173 1297 1267 1368 servi
1293 1297 1360 1368 sint
1385 1295 1630 1388 corruptionis:
1663 1319 1684 1368 a
1711 1317 1782 1389 quo
1808 1297 1891 1368 enim

426 1420 503 1511 quis
530 1426 715 1512 superatus
742 1427 806 1500 est,
834 1416 934 1488 buius
962 1425 997 1486 et
1025 1438 1148 1487 servus
1175 1426 1239 1487 est.
1290 1406 1318 1452 ²⁰
1334 1414 1370 1484 Si
1397 1413 1489 1484 enirn
1514 1415 1725 1508 refugientes
1742 1415 1891 1508 coinqui-

408 1539 554 1610 nationis
580 1535 698 1607 mundi
724 1536 759 1605 in
784 1535 980 1628 cognitione
1006 1534 1137 1608 domini
1162 1535 1272 1608 nostri
1297 1544 1334 1605 et
1359 1533 1541 1606 salvatoris
1574 1537 1652 1606 lesrr
1679 1535 1817 1620 Chr-isti,
1844 1535 1892 1606 his

408 1679 527 1731 rursus
554 1656 701 1748 inplicati
729 1665 944 1748 superantur,
970 1656 1062 1727 lacta
1088 1665 1167 1726 sunt
1192 1651 1265 1726 ’eis
1290 1652 1486 1746 posteriora
1512 1653 1689 1728 deteriora
1706 1655 1892 1748 prioribus:

406 1769 430 1812 ²¹
446 1777 568 1847 melius
595 1774 686 1846 enirn
715 1785 789 1846 erat
816 1775 879 1846 illis
905 1795 976 1845 non
1003 1794 1219 1866 cognoscere
1245 1773 1337 1844 viam
1364 1771 1526 1858 iustitiae,
1561 1796 1666 1866 qnam
1693 1784 1776 1867 post
1801 1774 1893 1866 egni-

407 1896 535 1966 tionem
562 1905 752 1964 retrorsum
780 1893 934 1965 converti
962 1893 1007 1964 ab
1035 1914 1080 1965 eo
1107 1889 1203 1986 qnod
1230 1891 1294 1962 illis
1321 1891 1482 1963 traditum
1509 1901 1564 1963 est
1582 1904 1703 1964 sancto
1722 1893 1893 1966 mandato.

404 2008 591 2106 ”Contigit
617 2014 668 2084 eis
694 2011 776 2084 illud
800 2011 874 2083 veri
901 2013 1075 2106 proverbii
1103 2013 1203 2084 Canis
1238 2033 1403 2083 reversus
1435 2011 1481 2083 ad
1516 2012 1682 2083 vomitum
1719 2035 1836 2096 suurn,
1863 2023 1894 2082 et

407 2136 472 2204 Sus
498 2135 568 2204 lota
594 2133 628 2202 in
653 2131 837 2204 volutabro
864 2131 931 2204 luti.

1129 2407 1179 2477 111.

482 2597 541 2655 '⁰’
560 2608 656 2679 Hanc
694 2629 778 2680 ecce
812 2607 930 2693 vobis,
958 2609 1142 2694 carissimi,
1171 2609 1360 2681 secundam
1389 2611 1506 2682 scribo
1532 2611 1732 2705 epistulam,
1761 2613 1799 2682 in
1825 2610 1898 2704 qni-

403 2729 470 2800 bus
496 2727 613 2800 excito
640 2737 793 2799 vestram
819 2727 854 2797 in
881 2728 1186 2801 commonitionem
1212 2729 1384 2801 sinceram
1410 2741 1578 2815 mentem,
1627 2723 1695 2802 ξιιι
1723 2751 1898 2802 memores

404 2849 477 2919 sitis
503 2869 625 2918 eorum
652 2868 743 2940 qnae
769 2847 929 2940 praedixi
954 2847 1142 2920 verborum
1168 2859 1366 2920 sanctorum
1397 2849 1645 2943 prophetarum
1680 2861 1718 2922 et
1753 2861 1900 2946 sposto-

403 2969 515 3039 lorum
548 2977 764 3052 vestrorum,
810 2977 1079 3062 praeceptorum
1114 2967 1244 3038 domini
1278 2979 1313 3040 et
1352 2969 1553 3054 salvatoris,
1608 2960 1710 3042 3ὶιοε
1751 2971 1901 3064 primurn

402 3089 568 3173 scientes,
605 3086 701 3179 quod
735 3087 875 3158 venient
905 3087 941 3156 in
974 3086 1173 3158 novissimis
1208 3067 1334 3160 diebus
1369 3089 1404 3158 in
1444 3088 1688 3181 deceptionem
1727 3089 1901 3160 inlusores

402 3207 498 3278 iuxta
525 3206 686 3300 proprias
713 3205 1009 3300 concupiscentias
1036 3207 1269 3292 ambulantes,
1321 3198 1505 3279 ‘dicentes
1532 3207 1596 3278 Ubi
1621 3216 1678 3278 est
1704 3202 1903 3302 'promisio

402 3336 461 3412 aut
488 3327 659 3410 adrentus
685 3326 784 3397 eius?
811 3348 859 3398 ex
886 3348 955 3418 qno
982 3327 1072 3398 enirn
1099 3337 1218 3420 patres
1246 3325 1476 3412 dormierunt,
1504 3325 1619 3398 omnia
1647 3327 1698 3397 sic
1727 3345 1902 3420 perseve-

401 3455 478 3517 rarrt
503 3447 549 3518 ab
575 3445 670 3516 initio
697 3457 888 3518 creaturae.
940 3439 1065 3517 bLatet
1091 3445 1182 3516 enim
1209 3467 1273 3517 eos
1300 3445 1367 3516 hoc
1392 3445 1552 3517 volentes
1568 3446 1665 3539 quod
1683 3447 1782 3518 caeli
1808 3452 1905 3516 erant

401 3566 495 3658 prius
522 3575 557 3635 et
582 3575 674 3636 terra
701 3565 747 3636 de
774 3587 864 3658 aquo
890 3575 925 3635 et
949 3587 1015 3658 per
1040 3573 1168 3659 aqn'arn
1195 3565 1389 3636 consistens
1416 3565 1474 3635 dei
1499 3565 1629 3649 verbo,
1679 3555 1787 3658 ⁶per
1815 3583 1905 3657 quae

400 3685 456 3756 ille
482 3694 563 3755 tunc
588 3684 739 3755 mundus
765 3706 856 3778 aqua
883 3685 1066 3756 inundatus
1092 3685 1211 3778 periit,
1255 3677 1369 3756 ⁷caeli
1402 3694 1517 3756 autern
1552 3685 1611 3778 qui
1636 3705 1732 3755 nunc
1761 3691 1904 3758 suntet

401 3816 491 3874 terra
520 3802 647 3874 eodem
674 3805 784 3875 verbo
811 3804 953 3897 repositi
981 3813 1069 3890 sunt,
1095 3806 1165 3898 igni
1191 3803 1360 3876 reservati
1385 3804 1419 3874 in
1444 3803 1538 3875 diem
1564 3803 1677 3876 iudicii
1712 3813 1755 3874 et
1783 3800 1907 3897 perdi·

401 3923 502 3994 tionis
528 3923 711 4014 impiorum
738 3924 924 3994 hominum.
979 3913 1055 3972 ⁸0⁰)
1073 3924 1184 3996 Unum
1218 3945 1305 3996 vero
1340 3924 1409 3994 hoc
1442 3945 1513 3994 non
1548 3925 1652 3996 lateat
1676 3945 1764 4006 vos,
1795 3922 1907 3996 caris-

399 4043 497 4127 simi,
525 4042 605 4134 quia
630 4065 719 4114 unus
745 4043 823 4116 dies
850 4043 944 4135 apud
971 4041 1150 4115 dominum
1177 4044 1264 4116 sicut
1292 4043 1383 4114 mille
1411 4045 1490 4116 anni
1517 4054 1553 4114 et
1578 4043 1670 4114 mille
1698 4043 1791 4114 anni
1820 4043 1909 4113 sicut

398 4163 474 4234 dies
499 4183 597 4233 unns.
648 4155 757 4233 ⁹Non
784 4160 898 4232 tardat
924 4161 1085 4234 dominus
1111 4161 1309 4256 promissis
1349 4162 1415 4233 sed
1450 4163 1621 4255 patienter
1650 4161 1728 4251 agit
1757 4171 1911 4254 propter

395 4303 471 4368 vos,
498 4283 621 4352 nolens
647 4282 798 4373 aliquem
826 4282 957 4372 perire,
984 4281 1050 4352 sed
1078 4303 1202 4352 omnes
1229 4281 1275 4352 ad
1301 4281 1545 4374 paenitentiam
1580 4279 1722 4350 reverti.
1784 4272 1815 4316 ¹⁰
1832 4277 1909 4350 Ad-

396 4402 512 4472 veniet
545 4409 659 4471 autern
693 4401 770 4472 dies
804 4399 934 4472 domini
969 4400 1056 4471 sicut
1087 4402 1154 4485 iur,
1190 4401 1225 4472 irr
1251 4423 1321 4493 qno
1350 4401 1435 4472 caeli
1465 4421 1590 4493 magno
1617 4400 1760 4492 irnpetrr
1790 4411 1912 4473 trans-

395 4531 495 4612 eunt,
532 4520 705 4591 elementa
738 4541 825 4590 vero
860 4522 976 4591 calore
1010 4521 1198 4592 solventur.
1252 4513 1273 4556 ¹¹
1295 4520 1378 4591 Cum
1414 4521 1503 4591 baec
1537 4519 1639 4611 igitur
1673 4519 1807 4591 omnia
1837 4519 1914 4591 dis-

395 4637 566 4711 solvenda
603 4640 690 4723 sint,
718 4640 839 4732 quales
876 4649 1014 4733 oportet
1048 4661 1129 4711 esse
1164 4661 1228 4710 vos
1270 4639 1304 4710 in
1338 4639 1466 4710 sanctis
1498 4637 1845 4710 conversatiorn'bus
1880 4647 1915 4706 et

394 4759 603 4852 pietatibus,
648 4750 917 4851 ⁴²expectantes
952 4769 987 4830 et
1019 4769 1250 4852 properantes
1287 4759 1321 4828 in
1354 4758 1507 4830 adventu
1541 4757 1611 4828 diei
1642 4757 1811 4843 domini,
1852 4779 1917 4851 per

395 4900 501 4970 quam
544 4877 630 4948 caeli
673 4877 837 4950 ardentes
877 4879 1056 4950 solventur
1103 4887 1139 4948 et
1181 4879 1351 4948 elementa
1393 4879 1481 4970 ignis
1518 4877 1646 4948 ardore
1697 4877 1917 4961 tabescent

395 4987 617 5068 13(ωΝοεοε
651 5017 736 5068 vero
768 4998 888 5068 caelos
921 5007 957 5067 et
987 5017 1115 5068 novam
1149 5007 1276 5068 terram
1309 5007 1345 5068 et
1377 4998 1549 5090 promissa
1583 4995 1689 5090 ipsius
1720 5008 1917 5091 expecta·

394 5137 486 5202 mus,
519 5115 553 5185 in
586 5115 712 5208 quibus
745 5117 869 5188 institia
905 5116 1046 5187 habitat
1099 5105 1125 5154 ¹⁸
1143 5115 1288 5209 Propter
1321 5117 1434 5209 quod,
1469 5117 1655 5198 carissimi,
1696 5113 1809 5188 hnec
1848 5097 1920 5188 ex·

960 5235 996 5318 11,
1026 5238 1072 5304 to
1101 5275 1151 5286 —
1178 5235 1226 5317 llL
1258 5237 1314 5305 ll.
