4242 6118
378 341 450 414 tat
805 335 1048 428 maneamus
1075 337 1277 400 snmnnnu
1303 335 1440 402 numu·

374 545 463 642 dixit
487 545 569 637 luga
594 543 702 615 boum
729 538 798 614 emi
824 539 975 632 quinque
1001 549 1038 610 et
1063 559 1108 610 eo
1134 539 1288 634 probare
1316 539 1387 610 illa:
1414 559 1501 632 roga
1528 547 1573 624 te,
1602 538 1694 613 habe
1720 561 1777 612 me
1796 563 1862 614 ex-

374 673 540 736 cusatum.
591 653 673 732 ”ta
713 660 799 732 alius'
833 657 921 732 dixit
955 656 1107 730 Uxorem
1141 657 1226 730 duxi
1261 667 1297 730 et
1334 657 1416 732 ideo
1451 679 1522 732 non
1555 679 1700 752 possum
1732 661 1861 732 venire.

372 775 395 820 ²¹
415 783 458 854 lit
483 802 645 869 reversus
672 797 795 852 servus
821 776 987 850 nuntiavit
1011 776 1100 850 haee
1126 776 1269 852 domino
1296 797 1371 850 sun.
1424 777 1518 850 Tune
1551 778 1657 850 iratus
1683 786 1782 870 pater
1808 781 1861 850 ia-

372 900 484 972 milias
509 897 596 970 dixit
621 918 725 970 servo
754 917 819 968 suo
845 896 911 966 Exi
937 896 1005 967 oito
1032 895 1066 968 in
1092 896 1227 990 plateas
1252 905 1288 967 et
1313 897 1410 970 vioos
1438 896 1597 982 civitatis,
1625 905 1666 969 et
1687 905 1863 990 pauperes

373 1041 414 1090 ao
441 1017 576 1090 debiles
603 1026 638 1088 et
664 1037 790 1088 oaeeos
817 1025 853 1088 et
879 1015 1002 1088 olodos
1029 1015 1197 1088 introduc.
1236 1007 1263 1054 Ἠ
1279 1015 1323 1086 Ει
1349 1017 1395 1088 ait
1412 1038 1535 1088 servus
1552 1015 1708 1100 Domine,
1734 1016 1861 1088 laetum

372 1145 426 1208 est
453 1145 489 1208 ut
515 1135 709 1228 imperasti,
742 1143 778 1206 et
810 1133 924 1206 adhue
956 1135 1052 1208 loeus
1086 1144 1148 1208 est.
1201 1125 1229 1172 ²
1244 1134 1287 1206 Et
1319 1135 1367 1208 ait
1400 1133 1560 1208 dominus
1595 1155 1700 1208 servo
1734 1134 1801 1206 lixi
1826 1135 1861 1206 in

370 1255 446 1328 vias
473 1263 509 1326 et
533 1275 639 1348 sepes
666 1263 702 1328 et
728 1252 897 1345 compelle
922 1252 1058 1339 intrare,
1085 1262 1123 1325 ut
1148 1253 1330 1346 impleatur
1357 1252 1483 1328 domus
1509 1275 1607 1326 mea:
1646 1241 1674 1292 '⁶
1691 1252 1771 1326 dieo
1797 1275 1860 1326 au-

371 1385 441 1446 tem
468 1373 571 1446 vobie
604 1371 700 1464 quod
733 1391 837 1442 nemo
872 1371 1024 1444 virorum
1057 1371 1191 1444 illorum
1227 1373 1285 1464 qui
1310 1372 1426 1444 voeati
1458 1382 1537 1446 sunt
1562 1361 1859 1464 gustavit'oenam

370 1513 495 1563 meam.
548 1482 676 1535 ΜΝ)
694 1490 792 1560 lbant
824 1499 939 1560 autem
972 1491 1095 1561 turbae
1132 1491 1259 1560 multae
1289 1511 1367 1562 oum
1401 1511 1464 1576 eo,
1493 1501 1528 1562 et
1555 1511 1748 1564 conversus
1774 1490 1861 1564 dixit

370 1609 415 1682 ad
442 1611 518 1681 illos
560 1601 588 1646 ’ὓ
605 1609 639 1678 Si
655 1608 743 1700 ·quis
769 1609 862 1678 venit
887 1607 933 1679 ad
962 1630 1017 1679 me
1044 1617 1079 1679 et
1104 1629 1175 1678 non
1203 1607 1277 1678 odit
1301 1591 1436 1701 patrem
1463 1631 1562 1680 suum
1590 1619 1626 1680 et
1652 1618 1797 1679 matrem
1825 1617 1859 1679 et

369 1751 517 1800 uxorem
551 1737 586 1798 et
617 1725 706 1796 filios
740 1735 775 1796 et
806 1728 929 1797 fratres
964 1737 999 1798 et
1032 1747 1186 1811 sorores,
1223 1724 1337 1798 adhuc
1370 1738 1485 1799 antem
1512 1738 1548 1798 et
1574 1728 1723 1798 animam
1751 1747 1857 1810 suam,

368 1869 439 1918 non
465 1855 581 1942 potest
606 1865 705 1914 meus
733 1865 815 1916 esse
841 1845 1038 1941 discipulus.
1091 1838 1117 1883 ’Ἰ
1133 1841 1175 1915 Et
1202 1847 1259 1937 qni
1286 1866 1355 1916 non
1382 1845 1510 1918 baiulat
1535 1867 1673 1917 erucem
1701 1866 1800 1916 suum
1824 1855 1859 1916 et

368 1967 463 2040 venit
488 1973 570 2058 post
595 1985 662 2047 me,
690 1983 760 2035 non
785 1973 902 2057 potest
929 1959 1047 2036 'meus
1075 1983 1157 2036 esse
1184 1962 1381 2056 discipulus.
1425 1957 1567 2012 ΝΜ)
1582 1965 1666 2050 Quis
1694 1964 1785 2034 enim
1812 1985 1858 2034 ex

368 2083 472 2156 vobis
505 2083 627 2154 volens
659 2091 789 2154 turrem
823 2081 1009 2154 aedificare
1043 2075 1178 2154 'nonne
1211 2082 1306 2176 priue
1343 2082 1474 2158 sedens
1504 2091 1691 2176 eomputat
1725 2093 1858 2156 sumttu

368 2203 426 2296 qui
453 2201 640 2276 necessarii
666 2209 753 2286 sunt,
781 2201 809 2270 si
835 2201 943 2272 habet
969 2200 1014 2272 ad
1041 2200 1315 2294 perficiendum?
1341 2195 1426 2274 ”ne
1452 2212 1574 2294 postea
1595 2213 1701 2294 quam
1726 2223 1857 2294 posue·

368 2323 410 2393 rit
440 2321 699 2394 tundamentum
734 2327 770 2390 et
802 2341 872 2392 non
910 2319 1039 2414 poterit
1076 2319 1263 2413 perfioere,
1304 2341 1429 2394 omnes
1463 2321 1520 2412 qui
1552 2320 1671 2393 vident
1696 2321 1858 2414 incipient

367 2441 522 2512 inludere
549 2440 581 2510 ei
631 2430 658 2476 ³⁰
675 2438 831 2510 dieentes
863 2439 944 2531 quia
975 2438 1030 2510 hic
1062 2438 1169 2512 homo
1201 2437 1319 2532 coepit
1353 2437 1557 2524 aedificare,
1592 2448 1629 2512 et
1652 2461 1721 2512 nou
1746 2439 1857 2532 potuit

368 2578 621 2630 consummare.
673 2550 697 2594 ³¹
712 2555 782 2628 Aut
808 2557 865 2649 qui
898 2579 962 2630 rex
994 2558 1102 2630 iturus
1135 2557 1351 2633 oommittera
1385 2558 1513 2632 bellum
1540 2555 1725 2632 adversum
1753 2558 1855 2630 alium

367 2697 488 2768 regern
516 2697 586 2747 non
613 2674 742 2748 sedens
769 2675 866 2768 prius
894 2676 1022 2768 cogitat
1049 2675 1077 2746 si
1105 2675 1217 2768 possit
1243 2697 1322 2750 oum
1354 2675 1481 2752 deoem
1507 2675 1645 2780 mibbue
1671 2695 1856 2750 manuue

367 2796 400 2866 ei
431 2796 490 2887 qui
526 2817 604 2868 curn
635 2793 753 2886 viginti
793 2793 931 2868 milibus
964 2794 1058 2866 venit
1089 2793 1135 2867 ad
1168 2797 1232 2866 sei
1276 2787 1303 2834 ³¹
1318 2792 1479 2888 Alioquin
1512 2793 1628 2868 adhue
1660 2795 1717 2866 illo
1751 2796 1855 2888 longe

366 2923 492 3004 agente
525 2913 732 3004 legationem
765 2911 902 2986 mittens
935 2923 1037 3005 rogat
1069 2933 1112 2984 ea
1146 2933 1237 3005 quae
1269 2913 1366 3004 paoie
1400 2923 1486 2986 eunt.
1538 2904 1565 2952 ³³
1578 2903 1668 2962 “ml
1686 2913 1742 2984 Sic
1769 2935 1854 3006 ergo

366 3031 479 3104 omnis
511 3053 558 3106 ex
591 3032 692 3104 vobis
725 3029 784 3122 qui
818 3051 887 3104 uon
920 3031 1090 3104 renuntiat
1123 3031 1282 3104 omuibus
1317 3051 1407 3123 quae
1440 3031 1600 3124 possidet
1632 3052 1702 3104 non
1737 3042 1854 3125 potest

364 3170 464 3222 mens
492 3169 575 3222 esse
602 3149 800 3242 discipulus.
852 3141 984 3199 ”ml
1001 3151 1135 3223 Bonum
1162 3158 1216 3222 est
1241 3149 1310 3222 eal:
1339 3149 1369 3222 si
1394 3160 1510 3222 autem
1537 3149 1589 3222 sal
1607 3171 1747 3242 quoque
1766 3171 1851 3224 eva-

364 3255 483 3353 nuent,
511 3269 544 3342 in
571 3289 641 3360 quo
669 3267 874 3342 oondietur‘l
917 3261 945 3306 ³⁵
960 3270 1084 3362 Neque
1109 3270 1144 3342 in
1170 3278 1298 3342 terram
1323 3287 1439 3359 neque
1466 3270 1499 3340 in
1525 3269 1746 3342 steroulinum
1772 3269 1853 3344 utile

364 3396 427 3470 est,
455 3386 520 3462 sed
547 3388 641 3460 sorae
668 3387 827 3462 mittetur.
882 3387 949 3473 Qui
976 3387 1082 3460 habet
1108 3407 1212 3464 auree
1239 3385 1402 3460 audiendi
1430 3385 1556 3462 audiat.

1069 3659 1138 3732 XV.

440 3851 554 3907 'lm‘
572 3861 678 3938 Erant
704 3869 818 3934 aumm
845 3862 1163 3955 appropinquantes
1191 3861 1223 3931 ei
1249 3860 1422 3954 publicani
1448 3871 1484 3932 et
1507 3871 1714 3953 peecatores
1732 3874 1769 3938 ut
1786 3887 1850 3938 au·-

363 3975 476 4052 dirent
502 3979 604 4054 illum.
657 3973 731 4050 'Et
756 3981 1017 4056 murmurabant
1050 3981 1226 4052 Pharisaei
1261 3990 1297 4054 et
1331 3979 1470 4054 scribae
1503 3979 1661 4056 dieentes
1688 3984 1768 4076 quia
1796 3983 1850 4056 hio

362 4105 568 4189 peccatores
594 4097 716 4190 recipit
742 4109 779 4170 et
804 4098 991 4174 manducat
1016 4121 1095 4172 ourn
1123 4099 1196 4172 illie.
1243 4089 1364 4148 ΗΜ)
1378 4099 1421 4174 Et
1446 4100 1494 4171 ait
1518 4099 1565 4174 ad
1591 4101 1668 4174 illos
1694 4102 1848 4195 parabo-

361 4217 428 4288 lam
455 4217 568 4300 istam,
597 4216 717 4292 dicens
760 4204 877 4302 ‘Quis
905 4237 952 4290 ex
978 4218 1080 4294 vobis
1108 4218 1213 4289 horno
1241 4219 1299 4310 qui
1325 4217 1434 4292 habet
1459 4227 1598 4292 eentum
1627 4240 1731 4304 oves,
1759 4229 1796 4292 et
1821 4221 1850 4292 ei

361 4333 552 4426 perdiderit
577 4356 679 4410 unam
707 4355 754 4408 ex
780 4335 852 4420 illis,
880 4359 994 4412 nonne
1029 4335 1165 4410 dimittit
1198 4338 1386 4430 nonaginta
1420 4357 1547 4412 novem
1583 4339 1617 4412 in
1644 4337 1788 4414 deserto
1815 4348 1851 4414 ot

359 4453 456 4526 vadit
481 4453 527 4528 ad
555 4453 645 4526 illam
680 4474 770 4545 quae
795 4455 962 4546 perierat,
998 4455 1114 4532 dobeo
1139 4454 1289 4528 inveniat
1319 4456 1435 4528 illam?
1479 4450 1552 4530 llit
1577 4477 1655 4528 oum
1683 4458 1850 4534 invenerit

360 4571 460 4654 illam,
488 4571 631 4663 imponit
658 4572 692 4644 in
724 4593 864 4648 umeros
895 4597 979 4650 suos
1012 4573 1184 4666 gaudens,
1229 4565 1295 4647 ‘et
1320 4573 1466 4654 veniens
1498 4573 1643 4648 domum
1677 4585 1850 4652 oonvooat

359 4689 491 4760 amieos
522 4699 558 4760 et
589 4691 738 4776 vicinos,
772 4692 891 4766 dioens
924 4695 988 4766 illis
1023 4691 1308 4784 congratulamini
1349 4691 1445 4776 mihi,
1487 4692 1567 4784 quia
1598 4693 1711 4766 inveni
1744 4713 1849 4766 ovem

355 4824 472 4880 meam
500 4829 590 4900 quae
616 4809 775 4902 perierat.
827 4803 944 4886 qDioo
971 4811 1073 4884 vobis
1099 4809 1196 4904 qnod
1221 4810 1267 4884 ita
1293 4809 1458 4902 gaudium
1484 4810 1549 4886 erit
1574 4810 1607 4885 in
1625 4813 1724 4888 eaelo
1741 4832 1848 4904 super

359 4947 427 4998 uuo
454 4937 639 5017 peccatore
667 4929 907 5020 paenitentiam
935 4929 1085 5004 habente
1112 4949 1216 5020 quam
1243 4949 1349 5021 super
1375 4929 1723 5022 nonagintanovem
1749 4931 1846 5004 iustis
1985 4973 1995 4986 ι

357 5043 414 5133 qui
442 5063 511 5116 nou
537 5047 691 5142 indigent
716 5047 940 5144 paenitentia.⁴
983 5038 1194 5122 ⁸‘⁴⁸b¹⁰·'dut
1224 5069 1315 5140 quae
1347 5048 1469 5124 mulier
1500 5047 1638 5124 babens
1679 5049 1845 5142 dragmas

902 5165 984 5252 XtV,
1013 5169 1061 5244 20
1093 5205 1137 5220 -
1166 5167 1234 5250 XV,
1263 5171 1296 5240 8.
