4254 6130
385 339 455 412 lib
680 343 859 412 alatrum
886 345 1096 410 LEGTIONUII
1124 345 1330 418 SECUNDUM,
1349 344 1541 410 IOHANNEII

504 551 556 621 XI.
584 548 684 635 Quod
711 547 797 621 filins
822 549 909 622 sicut
934 558 1033 643 pater
1059 548 1226 622 suscitans
1258 558 1412 622 mortuos
1446 551 1488 622 sit
1521 551 1706 642 aequaliter
1733 550 1844 621 hono-

582 669 718 754 randus,
745 669 872 762 inquo
900 668 1081 740 credentes
1108 677 1282 740 transeant
1319 667 1364 740 de
1390 679 1501 742 morte
1534 667 1580 740 ad
1605 669 1725 740 vitam:
1759 691 1846 740 ven-

582 799 689 862 tmam
717 809 854 882 quoque
880 789 1074 884 pronuntiat
1099 789 1226 872 horam
1246 811 1314 882 qua
1340 790 1385 862 de
1412 788 1639 890 monumentis
1663 789 1746 860 boni
1769 811 1844 862 ma-

582 910 671 1003 lique
697 919 885 1002 resurgant.

434 1099 440 1108 ,
489 1029 554 1100 XII.
582 1029 648 1100 Pro
675 1027 867 1100 testimonio
886 1049 950 1100 suo
968 1028 1150 1100 Iohannem
1175 1027 1347 1100 lucernam
1365 1029 1529 1122 appellat:
1557 1037 1689 1121 patrem
1708 1049 1846 1122 quoque

584 1157 619 1218 ot
644 1147 828 1241 scripturas
854 1147 965 1220 dese
991 1147 1219 1220 testimonium
1251 1147 1450 1240 perbibere,
1482 1147 1628 1225 Iudaeos
1661 1147 1761 1220 alium
1787 1171 1845 1219 re-

586 1279 755 1362 cepturos,
783 1267 828 1339 de
855 1288 895 1338 se
921 1277 1035 1364 autem
1059 1267 1181 1338 Mosen
1206 1267 1384 1361 scripsisse
1411 1275 1563 1340 testatur.

475 1387 554 1458 XIII.
583 1387 832 1481 Propinquante
856 1386 986 1481 pascha
1012 1386 1215 1458 Iudaeorum
1242 1385 1288 1458 de
1314 1389 1461 1482 quinquo
1488 1389 1633 1482 panibus
1657 1397 1692 1459 et
1708 1387 1845 1459 duobus

584 1507 734 1601 piscibus
760 1507 906 1602 qrrinque
932 1506 1022 1578 miha
1047 1507 1219 1578 bominum
1247 1508 1425 1582 saturavit:
1459 1531 1523 1604 pro
1549 1529 1617 1602 quo
1643 1508 1741 1601 signo
1767 1529 1844 1578 cum

584 1647 702 1720 regem
729 1648 807 1698 eum
833 1628 958 1698 vehent
984 1628 1106 1712 lacere,
1134 1626 1231 1718 sugit:
1266 1638 1302 1700 st
1327 1629 1504 1702 ambulans
1529 1647 1633 1721 snpra
1658 1649 1753 1699 mare
1780 1649 1843 1722 pa-

584 1747 740 1818 ventibus
765 1746 937 1841 discipulis
963 1746 1009 1818 ait
1025 1746 1100 1838 Ego
1126 1767 1211 1829 sum,
1238 1746 1342 1817 nolite
1367 1741 1494 1818 timere.

396 1895 399 1900 ·
465 1867 557 1938 XIIIl.
585 1863 614 1936 Α
641 1866 749 1938 turbis
780 1867 954 1961 quaesitus
987 1875 1021 1937 ot
1054 1866 1209 1940 invenus
1242 1867 1288 1938 ait
1320 1865 1515 1960 Operamini
1547 1865 1659 1938 cibum
1695 1866 1845 1959 quinon

584 1986 679 2080 perit,
706 1997 741 2058 et
765 1997 889 2080 panem
916 1987 963 2059 de
989 1985 1091 2058 caelis
1117 2007 1237 2058 verum
1263 1987 1344 2060 dicit
1369 1985 1454 2058 dare
1480 1986 1585 2057 vitam
1610 1985 1748 2058 mundo.

492 2105 558 2178 XV.
587 2105 715 2180 Panem
741 2106 831 2178 vitae
857 2106 1002 2178 sedicit
1028 2114 1062 2176 et
1087 2105 1269 2178 credentes
1295 2106 1327 2178 in
1354 2127 1393 2178 se
1419 2107 1697 2178 resuscitaturum
1723 2105 1756 2176 in
1782 2129 1845 2178 no-

583 2223 724 2296 vissimo
751 2225 830 2296 die?
1478 2211 1481 2219 ¹

476 2345 557 2416 XVI.
583 2345 831 2416 mammantes
863 2344 988 2438 loseph
1027 2366 1106 2417 enm
1140 2346 1242 2418 filium
1277 2345 1407 2418 dicunt:
1450 2355 1485 2418 at
1517 2347 1591 2440 ipse
1624 2347 1710 2418 inter
1742 2348 1846 2418 multa

586 2485 724 2537 carmem
751 2485 849 2536 suam
875 2487 1000 2558 panem
1027 2487 1066 2538 se
1093 2465 1250 2538 daturum
1277 2468 1324 2538 ait
1348 2487 1413 2560 pro
1440 2467 1558 2538 mumdi
1574 2467 1651 2552 vita,
1679 2477 1714 2539 et
1731 2477 1845 2538 cetera

586 2585 705 2656 similia
730 2583 945 2678 plurimade
971 2605 1063 2680 pane
1088 2597 1124 2658 et
1150 2607 1253 2658 carne
1279 2607 1341 2660 sua
1368 2597 1519 2660 testatur.

468 2705 562 2778 XVII.
588 2706 700 2776 Verba
733 2727 795 2777 sua
828 2705 981 2800 spiritum
1014 2706 1187 2800 uitamque
1213 2708 1420 2801 pronuntIat,
1449 2717 1484 2779 et
1510 2731 1612 2780 unum
1639 2729 1685 2779 ex
1711 2706 1847 2778 duode-

586 2825 650 2896 cim
677 2825 849 2896 dIabqum
876 2819 1046 2920 appellat'

456 2944 563 3016 XVIII.
589 2943 722 3016 ludaeis
747 2944 938 3016 interficere
964 2967 1042 3018 eum
1070 2948 1312 3040 quaerentibus
1338 2947 1492 3020 ascendit
1526 2948 1658 3022 occulte
1684 2947 1729 3020 ad
1755 2947 1848 3020 dIem

586 3067 708 3137 tostum
735 3066 995 3159 scaenopegiae,
1022 3067 1080 3138 ubi
1105 3067 1242 3140 diversa
1269 3068 1315 3140 dc
1341 3089 1385 3140 eo
1412 3077 1447 3140 ct
1473 3069 1518 3142 ab
1545 3087 1589 3142 eo
1615 3069 1786 3154 dIcnntur,
1814 3079 1849 3140 et

586 3197 790 3280 quaerentes
816 3208 894 3258 eum
921 3187 1183 3281 adprehendere
1209 3199 1389 3282 nequeunt
1417 3189 1495 3281 quia
1522 3189 1674 3288 nondum
1707 3201 1848 3262 venerat

588 3306 781 3378 horacius

486 3427 565 3498 XIX.
592 3427 700 3498 Multis
725 3425 771 3498 ds
798 3427 897 3498 turba
923 3427 1143 3500 credentibus
1172 3429 1315 3522 plurima
1349 3429 1510 3522 loquitur,
1544 3430 1631 3502 Inter
1662 3449 1751 3522 quae
1784 3429 1848 3514 Qui

589 3546 655 3618 sitit
679 3547 794 3619 vcnIat
825 3547 870 3620 ad
902 3567 959 3618 me
993 3557 1027 3619 et
1060 3547 1173 3620 hibat:
1208 3548 1400 3620 Nicodemo
1431 3570 1570 3643 qnoque
1602 3571 1667 3644 pro
1701 3549 1776 3644 ipso
1803 3549 1848 3621 de

475 3651 481 3661 ⁸
588 3666 759 3738 audientia
784 3666 908 3738 dicenti
934 3667 1099 3740 resistitur
1125 3689 1145 3740 a
1172 3663 1386 3741 Pharisaeis.'

492 3787 562 3859 XX.
588 3787 761 3860 Mulierem
792 3785 826 3856 in
851 3785 1018 3858 adulterio
1045 3788 1290 3882 reprehensam
1316 3799 1419 3882 atque
1445 3787 1491 3860 ad
1517 3810 1556 3860 se
1574 3789 1757 3862 adductam
1784 3809 1848 3860 nec

588 3907 632 3978 ob
659 3906 915 3980 accusatoribus
941 3908 1204 3980 condemnatam
1231 3909 1305 4002 ipse
1332 3907 1398 3980 sub
1425 3907 1627 3982 condicione
1660 3931 1728 4002 qua
1762 3910 1847 3980 ulte-

590 4029 660 4100 rius
684 4049 753 4100 non
778 4035 940 4119 peccaret
965 4029 1120 4102 absolvit.

483 4147 566 4220 XXI
593 4149 718 4221 Lucem
744 4145 861 4219 mundi
887 4167 925 4218 se
952 4147 1071 4220 dicens
1098 4148 1303 4220 Pharisaeos
1329 4149 1376 4222 de
1400 4149 1541 4242 proprio
1572 4149 1764 4222 testImonio
1792 4171 1848 4222 rc-

589 4269 751 4342 subantes
777 4269 894 4361 arguit,
922 4268 1079 4340 iudicirnn
1105 4291 1205 4340 sunm
1231 4290 1351 4340 verum
1378 4289 1458 4340 esse
1484 4265 1698 4340 confirmans.

466 4391 562 4463 XXII.
589 4387 677 4458 Dicit
704 4387 838 4460 Indaeis
869 4387 911 4458 lit
942 4409 1007 4459 sos
1039 4389 1072 4458 in
1105 4397 1249 4482 peccato
1281 4399 1401 4460 vestro
1433 4388 1638 4460 moriemini:
1673 4411 1694 4461 a
1726 4387 1850 4482 quibus

589 4507 815 4601 interrogatus
841 4507 916 4601 quis
943 4519 1045 4593 esset,
1071 4509 1269 4604 principium
1303 4529 1342 4580 se
1375 4527 1454 4580 esse
1488 4508 1684 4602 respondit,
1718 4506 1850 4580 addens

590 4628 672 4699 Cum
699 4629 929 4700 exaltaveritis
947 4627 1048 4700 fllinm
1068 4629 1222 4715 hominis,
1250 4638 1329 4700 tunc
1345 4629 1563 4722 cognoscetis
1580 4630 1660 4722 qula
1677 4647 1745 4721 ego
1764 4651 1849 4700 sumn.

452 4747 561 4820 XXIII.
587 4749 720 4822 Iudaeis
746 4747 963 4821 credentibus
991 4749 1037 4820 ait
1062 4750 1096 4820 Si
1122 4749 1314 4822 manseritis
1345 4751 1379 4820 In
1412 4767 1572 4820 sermone
1598 4769 1694 4835 meo,
1725 4749 1851 4821 veritas

590 4869 748 4942 liberabit
774 4890 852 4941 vos:
880 4868 1004 4961 quibus
1030 4868 1317 4962 respondentibus
1344 4891 1384 4940 se
1410 4889 1490 4942 esse
1516 4869 1652 4957 liberos,
1679 4869 1760 4942 dicit
1786 4869 1849 4954 Qui

590 4989 669 5062 lacit
701 4999 879 5082 peecatum
912 5007 1033 5060 servus
1050 4999 1120 5060 -est
1151 4989 1297 5083 peccati,
1333 5001 1368 5061 et
1397 4989 1483 5061 inter
1509 4989 1573 5062 alia
1600 4990 1703 5063 multa
1729 4987 1850 5062 diaho-

590 5111 658 5181 Ium
684 5109 890 5182 homicidam
917 5117 952 5180 et
977 5109 1146 5182 mendacii
1171 5121 1304 5204 patron
1331 5109 1497 5203 adsignat.

442 5229 564 5304 XXIIII.
590 5230 655 5318 Qui
681 5251 884 5316 sermonem,
911 5229 1027 5322 inquit,
1055 5251 1168 5302 meum
1204 5230 1406 5316 servaverit,
1442 5229 1588 5303 mortem
1620 5251 1689 5302 non
1721 5229 1851 5303 videbit
