<?xml version="1.0" encoding="UTF-8"?>
<!DOCTYPE html PUBLIC "-//W3C//DTD XHTML 1.0 Transitional//EN"
    "http://www.w3.org/TR/xhtml1/DTD/xhtml1-transitional.dtd">
<html xmlns="http://www.w3.org/1999/xhtml" xml:lang="en" lang="en">
 <head>
  <title>
</title>
<meta http-equiv="Content-Type" content="text/html;charset=utf-8" />
  <meta name='ocr-system' content='tesseract 3.04.00' />
  <meta name='ocr-capabilities' content='ocr_page ocr_carea ocr_par ocr_line ocrx_word'/>
</head>
<body>
  <div class='ocr_page' id='page_1' title='image "./novumtestamentu02tiscgoog_0114.png"; bbox 0 0 4242 6118; ppageno 0'>
   <div class='ocr_carea' id='block_1_1' title="bbox 491 1333 1763 1568">
    <p class='ocr_par' dir='ltr' id='par_1_1' title="bbox 491 1333 1763 1568">
     <span class='ocr_line' id='line_1_1' title="bbox 491 1333 1763 1568; baseline -0.004 -48"><span class='ocrx_word' id='word_1_1' title='bbox 491 1345 867 1521; x_wconf 79' lang='lat' dir='ltr'><strong>avluoauun</strong></span> <span class='ocrx_word' id='word_1_2' title='bbox 915 1417 1222 1568; x_wconf 81' lang='lat' dir='ltr'><strong>saounouu</strong></span> <span class='ocrx_word' id='word_1_3' title='bbox 1266 1417 1519 1520; x_wconf 80' lang='lat' dir='ltr'><strong>uanouu.</strong></span> <span class='ocrx_word' id='word_1_4' title='bbox 1649 1389 1651 1394; x_wconf 81' lang='grc'><strong>’</strong></span> <span class='ocrx_word' id='word_1_5' title='bbox 1758 1333 1763 1346; x_wconf 60' lang='grc'><strong>’</strong></span> 
     </span>
    </p>
   </div>
   <div class='ocr_carea' id='block_1_2' title="bbox 995 1711 1017 1778">
    <p class='ocr_par' dir='ltr' id='par_1_2' title="bbox 995 1711 1017 1778">
     <span class='ocr_line' id='line_1_2' title="bbox 995 1711 1017 1778; baseline 0 0"><span class='ocrx_word' id='word_1_6' title='bbox 995 1711 1017 1778; x_wconf 90' lang='lat'><strong>1.</strong></span> 
     </span>
    </p>
   </div>
   <div class='ocr_carea' id='block_1_3' title="bbox 204 1887 1801 3662">
    <p class='ocr_par' dir='ltr' id='par_1_3' title="bbox 204 1887 1801 3662">
     <span class='ocr_line' id='line_1_3' title="bbox 337 1887 1801 2004; baseline -0.001 -17"><span class='ocrx_word' id='word_1_7' title='bbox 337 1894 427 1949; x_wconf 65' lang='lat'>⁴⁰⁸²)</span> <span class='ocrx_word' id='word_1_8' title='bbox 453 1887 589 1987; x_wconf 77' lang='lat' dir='ltr'><strong>Initium</strong></span> <span class='ocrx_word' id='word_1_9' title='bbox 626 1913 796 2004; x_wconf 79' lang='lat' dir='ltr'><strong>evangelii</strong></span> <span class='ocrx_word' id='word_1_10' title='bbox 829 1911 907 1982; x_wconf 87' lang='lat' dir='ltr'><strong>lesu</strong></span> <span class='ocrx_word' id='word_1_11' title='bbox 943 1912 1064 1984; x_wconf 88' lang='lat' dir='ltr'><strong>Christi</strong></span> <span class='ocrx_word' id='word_1_12' title='bbox 1096 1912 1153 1982; x_wconf 88' lang='lat' dir='ltr'><strong>filii</strong></span> <span class='ocrx_word' id='word_1_13' title='bbox 1186 1909 1243 1980; x_wconf 91' lang='lat' dir='ltr'><strong>dei</strong></span> <span class='ocrx_word' id='word_1_14' title='bbox 1294 1902 1412 1980; x_wconf 72' lang='lat' dir='ltr'><strong>’sicut</strong></span> <span class='ocrx_word' id='word_1_15' title='bbox 1445 1914 1609 2003; x_wconf 90' lang='lat' dir='ltr'><strong>scriptum</strong></span> <span class='ocrx_word' id='word_1_16' title='bbox 1635 1923 1689 1984; x_wconf 88' lang='lat' dir='ltr'><strong>est</strong></span> <span class='ocrx_word' id='word_1_17' title='bbox 1714 1916 1751 1985; x_wconf 90' lang='lat' dir='ltr'><strong>in</strong></span> <span class='ocrx_word' id='word_1_18' title='bbox 1798 1959 1801 1968; x_wconf 89' lang='lat'>·</span> 
     </span>
     <span class='ocr_line' id='line_1_4' title="bbox 258 2027 1755 2127; baseline 0 -23"><span class='ocrx_word' id='word_1_19' title='bbox 258 2031 362 2104; x_wconf 83' lang='lat' dir='ltr'><strong>Esaia</strong></span> <span class='ocrx_word' id='word_1_20' title='bbox 388 2033 561 2127; x_wconf 87' lang='lat' dir='ltr'><strong>propbeta</strong></span> <span class='ocrx_word' id='word_1_21' title='bbox 587 2033 681 2102; x_wconf 87' lang='lat' dir='ltr'><strong>Eece</strong></span> <span class='ocrx_word' id='word_1_22' title='bbox 708 2031 805 2102; x_wconf 93' lang='lat' dir='ltr'><strong>mitto</strong></span> <span class='ocrx_word' id='word_1_23' title='bbox 832 2032 994 2123; x_wconf 80' lang='lat' dir='ltr'><strong>angelum</strong></span> <span class='ocrx_word' id='word_1_24' title='bbox 1020 2051 1136 2101; x_wconf 92' lang='lat' dir='ltr'><strong>meum</strong></span> <span class='ocrx_word' id='word_1_25' title='bbox 1165 2038 1244 2099; x_wconf 93' lang='lat' dir='ltr'><strong>ante</strong></span> <span class='ocrx_word' id='word_1_26' title='bbox 1271 2027 1392 2099; x_wconf 81' lang='lat' dir='ltr'><strong>faciem</strong></span> <span class='ocrx_word' id='word_1_27' title='bbox 1418 2038 1531 2114; x_wconf 91' lang='lat' dir='ltr'><strong>tuam,</strong></span> <span class='ocrx_word' id='word_1_28' title='bbox 1559 2031 1617 2122; x_wconf 88' lang='lat' dir='ltr'><strong>qui</strong></span> <span class='ocrx_word' id='word_1_29' title='bbox 1643 2045 1755 2125; x_wconf 79' lang='lat' dir='ltr'><strong>prae-&#39;</strong></span> 
     </span>
     <span class='ocr_line' id='line_1_5' title="bbox 258 2142 1750 2246; baseline 0 -24"><span class='ocrx_word' id='word_1_30' title='bbox 258 2150 397 2246; x_wconf 86' lang='lat' dir='ltr'><strong>parabit</strong></span> <span class='ocrx_word' id='word_1_31' title='bbox 421 2151 515 2223; x_wconf 87' lang='lat' dir='ltr'><strong>viam</strong></span> <span class='ocrx_word' id='word_1_32' title='bbox 543 2161 658 2222; x_wconf 89' lang='lat' dir='ltr'><strong>tuam:</strong></span> <span class='ocrx_word' id='word_1_33' title='bbox 703 2142 792 2198; x_wconf 53' lang='grc' dir='ltr'><strong>ΜΗ)</strong></span> <span class='ocrx_word' id='word_1_34' title='bbox 810 2170 884 2220; x_wconf 83' lang='lat' dir='ltr'><strong>vox</strong></span> <span class='ocrx_word' id='word_1_35' title='bbox 911 2149 1088 2222; x_wconf 91' lang='lat' dir='ltr'><strong>clamantis</strong></span> <span class='ocrx_word' id='word_1_36' title='bbox 1115 2149 1149 2221; x_wconf 90' lang='lat' dir='ltr'><strong>in</strong></span> <span class='ocrx_word' id='word_1_37' title='bbox 1176 2148 1318 2219; x_wconf 90' lang='lat' dir='ltr'><strong>deserto</strong></span> <span class='ocrx_word' id='word_1_38' title='bbox 1345 2145 1469 2218; x_wconf 89' lang='lat' dir='ltr'><strong>Parate</strong></span> <span class='ocrx_word' id='word_1_39' title='bbox 1494 2148 1586 2218; x_wconf 88' lang='lat' dir='ltr'><strong>viam</strong></span> <span class='ocrx_word' id='word_1_40' title='bbox 1612 2151 1750 2237; x_wconf 89' lang='lat' dir='ltr'><strong>domini,</strong></span> 
     </span>
     <span class='ocr_line' id='line_1_6' title="bbox 258 2256 1752 2364; baseline 0.001 -25"><span class='ocrx_word' id='word_1_41' title='bbox 258 2279 375 2340; x_wconf 88' lang='lat' dir='ltr'><strong>rectas</strong></span> <span class='ocrx_word' id='word_1_42' title='bbox 400 2270 501 2342; x_wconf 82' lang='lat' dir='ltr'><strong>facite</strong></span> <span class='ocrx_word' id='word_1_43' title='bbox 527 2269 673 2364; x_wconf 80' lang='lat' dir='ltr'><strong>semitas</strong></span> <span class='ocrx_word' id='word_1_44' title='bbox 704 2268 788 2341; x_wconf 91' lang='lat' dir='ltr'><strong>eius.</strong></span> <span class='ocrx_word' id='word_1_45' title='bbox 841 2256 930 2318; x_wconf 60' lang='lat'><strong>“³⁶⁴</strong></span> <span class='ocrx_word' id='word_1_46' title='bbox 947 2269 1024 2339; x_wconf 85' lang='lat' dir='ltr'><strong>Fuit</strong></span> <span class='ocrx_word' id='word_1_47' title='bbox 1056 2268 1226 2339; x_wconf 87' lang='lat' dir='ltr'><strong>lohannes</strong></span> <span class='ocrx_word' id='word_1_48' title='bbox 1258 2265 1293 2334; x_wconf 90' lang='lat' dir='ltr'><strong>in</strong></span> <span class='ocrx_word' id='word_1_49' title='bbox 1325 2264 1468 2337; x_wconf 90' lang='lat' dir='ltr'><strong>deserto</strong></span> <span class='ocrx_word' id='word_1_50' title='bbox 1501 2266 1681 2360; x_wconf 86' lang='lat' dir='ltr'><strong>baptizans</strong></span> <span class='ocrx_word' id='word_1_51' title='bbox 1715 2281 1752 2340; x_wconf 89' lang='lat' dir='ltr'><strong>et</strong></span> 
     </span>
     <span class='ocr_line' id='line_1_7' title="bbox 260 2377 1750 2482; baseline 0.001 -25"><span class='ocrx_word' id='word_1_52' title='bbox 260 2386 469 2482; x_wconf 87' lang='lat' dir='ltr'><strong>praedicans</strong></span> <span class='ocrx_word' id='word_1_53' title='bbox 494 2387 710 2481; x_wconf 90' lang='lat' dir='ltr'><strong>baptismum</strong></span> <span class='ocrx_word' id='word_1_54' title='bbox 727 2385 960 2482; x_wconf 90' lang='lat' dir='ltr'><strong>paenitentiae</strong></span> <span class='ocrx_word' id='word_1_55' title='bbox 985 2386 1278 2458; x_wconf 87' lang='lat' dir='ltr'><strong>inremissionem</strong></span> <span class='ocrx_word' id='word_1_56' title='bbox 1295 2391 1529 2478; x_wconf 80' lang='lat' dir='ltr'><strong>peccatomm.</strong></span> <span class='ocrx_word' id='word_1_57' title='bbox 1554 2377 1628 2456; x_wconf 70' lang='grc' dir='ltr'><strong>ὃΕι</strong></span> <span class='ocrx_word' id='word_1_58' title='bbox 1644 2395 1750 2479; x_wconf 79' lang='lat' dir='ltr'><strong>egre-</strong></span> 
     </span>
     <span class='ocr_line' id='line_1_8' title="bbox 261 2503 1752 2596; baseline -0.001 -18"><span class='ocrx_word' id='word_1_59' title='bbox 261 2507 422 2578; x_wconf 90' lang='lat' dir='ltr'><strong>diebatur</strong></span> <span class='ocrx_word' id='word_1_60' title='bbox 454 2507 500 2579; x_wconf 90' lang='lat' dir='ltr'><strong>ad</strong></span> <span class='ocrx_word' id='word_1_61' title='bbox 535 2507 630 2576; x_wconf 91' lang='lat' dir='ltr'><strong>illum</strong></span> <span class='ocrx_word' id='word_1_62' title='bbox 665 2506 778 2578; x_wconf 91' lang='lat' dir='ltr'><strong>omnis</strong></span> <span class='ocrx_word' id='word_1_63' title='bbox 813 2504 964 2576; x_wconf 87' lang='lat' dir='ltr'><strong>iudaeae</strong></span> <span class='ocrx_word' id='word_1_64' title='bbox 999 2505 1096 2596; x_wconf 82' lang='lat' dir='ltr'><strong>regio</strong></span> <span class='ocrx_word' id='word_1_65' title='bbox 1132 2512 1168 2574; x_wconf 92' lang='lat' dir='ltr'><strong>et</strong></span> <span class='ocrx_word' id='word_1_66' title='bbox 1198 2503 1487 2596; x_wconf 81' lang='lat' dir='ltr'><strong>Hierosolymitae</strong></span> <span class='ocrx_word' id='word_1_67' title='bbox 1519 2504 1686 2590; x_wconf 88' lang='lat' dir='ltr'><strong>universi,</strong></span> <span class='ocrx_word' id='word_1_68' title='bbox 1715 2517 1752 2576; x_wconf 89' lang='lat' dir='ltr'><strong>et</strong></span> 
     </span>
     <span class='ocr_line' id='line_1_9' title="bbox 260 2616 1753 2717; baseline 0 -23"><span class='ocrx_word' id='word_1_69' title='bbox 260 2625 524 2717; x_wconf 79' lang='lat' dir='ltr'><strong>baptizabantur</strong></span> <span class='ocrx_word' id='word_1_70' title='bbox 552 2625 598 2695; x_wconf 86' lang='lat' dir='ltr'><strong>ab</strong></span> <span class='ocrx_word' id='word_1_71' title='bbox 624 2625 682 2695; x_wconf 92' lang='lat' dir='ltr'><strong>illo</strong></span> <span class='ocrx_word' id='word_1_72' title='bbox 709 2625 744 2695; x_wconf 91' lang='lat' dir='ltr'><strong>in</strong></span> <span class='ocrx_word' id='word_1_73' title='bbox 769 2622 918 2695; x_wconf 88' lang='lat' dir='ltr'><strong>Iordane</strong></span> <span class='ocrx_word' id='word_1_74' title='bbox 943 2623 1081 2694; x_wconf 89' lang='lat' dir='ltr'><strong>tlumine</strong></span> <span class='ocrx_word' id='word_1_75' title='bbox 1099 2621 1303 2694; x_wconf 89' lang='lat' dir='ltr'><strong>confitentes</strong></span> <span class='ocrx_word' id='word_1_76' title='bbox 1320 2631 1465 2714; x_wconf 84' lang='lat' dir='ltr'><strong>peccata</strong></span> <span class='ocrx_word' id='word_1_77' title='bbox 1483 2644 1555 2693; x_wconf 89' lang='lat' dir='ltr'><strong>sua.</strong></span> <span class='ocrx_word' id='word_1_78' title='bbox 1590 2616 1658 2692; x_wconf 71' lang='grc' dir='ltr'><strong>οΕι</strong></span> <span class='ocrx_word' id='word_1_79' title='bbox 1676 2634 1753 2696; x_wconf 90' lang='lat' dir='ltr'><strong>erat</strong></span> 
     </span>
     <span class='ocr_line' id='line_1_10' title="bbox 260 2739 1750 2836; baseline -0.001 -23"><span class='ocrx_word' id='word_1_80' title='bbox 260 2743 432 2815; x_wconf 88' lang='lat' dir='ltr'><strong>lohannes</strong></span> <span class='ocrx_word' id='word_1_81' title='bbox 459 2744 603 2816; x_wconf 89' lang='lat' dir='ltr'><strong>vestitus</strong></span> <span class='ocrx_word' id='word_1_82' title='bbox 629 2743 708 2836; x_wconf 91' lang='lat' dir='ltr'><strong>pilis</strong></span> <span class='ocrx_word' id='word_1_83' title='bbox 735 2743 870 2827; x_wconf 87' lang='lat' dir='ltr'><strong>cameli,</strong></span> <span class='ocrx_word' id='word_1_84' title='bbox 898 2752 933 2814; x_wconf 88' lang='lat' dir='ltr'><strong>et</strong></span> <span class='ocrx_word' id='word_1_85' title='bbox 958 2763 1047 2814; x_wconf 89' lang='lat' dir='ltr'><strong>zona</strong></span> <span class='ocrx_word' id='word_1_86' title='bbox 1072 2741 1208 2836; x_wconf 90' lang='lat' dir='ltr'><strong>pellicia</strong></span> <span class='ocrx_word' id='word_1_87' title='bbox 1234 2739 1327 2810; x_wconf 90' lang='lat' dir='ltr'><strong>cirea</strong></span> <span class='ocrx_word' id='word_1_88' title='bbox 1352 2741 1490 2812; x_wconf 91' lang='lat' dir='ltr'><strong>lumbos</strong></span> <span class='ocrx_word' id='word_1_89' title='bbox 1516 2741 1607 2826; x_wconf 89' lang='lat' dir='ltr'><strong>eius,</strong></span> <span class='ocrx_word' id='word_1_90' title='bbox 1636 2750 1670 2812; x_wconf 91' lang='lat' dir='ltr'><strong>et</strong></span> <span class='ocrx_word' id='word_1_91' title='bbox 1696 2743 1750 2812; x_wconf 91' lang='lat' dir='ltr'><strong>lu-</strong></span> 
     </span>
     <span class='ocr_line' id='line_1_11' title="bbox 261 2847 1751 2954; baseline 0 -23"><span class='ocrx_word' id='word_1_92' title='bbox 261 2870 378 2932; x_wconf 90' lang='lat' dir='ltr'><strong>custas</strong></span> <span class='ocrx_word' id='word_1_93' title='bbox 404 2863 534 2932; x_wconf 90' lang='lat' dir='ltr'><strong>etmel</strong></span> <span class='ocrx_word' id='word_1_94' title='bbox 561 2861 721 2935; x_wconf 88' lang='lat' dir='ltr'><strong>silvestre</strong></span> <span class='ocrx_word' id='word_1_95' title='bbox 748 2860 887 2934; x_wconf 89' lang='lat' dir='ltr'><strong>edebat.</strong></span> <span class='ocrx_word' id='word_1_96' title='bbox 940 2861 983 2930; x_wconf 91' lang='lat' dir='ltr'><strong>Et</strong></span> <span class='ocrx_word' id='word_1_97' title='bbox 1015 2859 1242 2954; x_wconf 88' lang='lat' dir='ltr'><strong>praedicabat</strong></span> <span class='ocrx_word' id='word_1_98' title='bbox 1275 2858 1396 2930; x_wconf 89' lang='lat' dir='ltr'><strong>dicens</strong></span> <span class='ocrx_word' id='word_1_99' title='bbox 1446 2847 1536 2906; x_wconf 49' lang='grc' dir='ltr'><strong>ΜΗ</strong></span> <span class='ocrx_word' id='word_1_100' title='bbox 1553 2861 1653 2931; x_wconf 83' lang='lat' dir='ltr'><strong>Venit</strong></span> <span class='ocrx_word' id='word_1_101' title='bbox 1677 2862 1751 2931; x_wconf 86' lang='lat' dir='ltr'><strong>for-</strong></span> 
     </span>
     <span class='ocr_line' id='line_1_12' title="bbox 261 2977 1751 3073; baseline -0.001 -22"><span class='ocrx_word' id='word_1_102' title='bbox 261 2980 329 3051; x_wconf 87' lang='lat' dir='ltr'><strong>tior</strong></span> <span class='ocrx_word' id='word_1_103' title='bbox 354 3000 411 3051; x_wconf 92' lang='lat' dir='ltr'><strong>me</strong></span> <span class='ocrx_word' id='word_1_104' title='bbox 436 2989 610 3073; x_wconf 84' lang='lat' dir='ltr'><strong>postne,</strong></span> <span class='ocrx_word' id='word_1_105' title='bbox 639 2981 737 3053; x_wconf 87' lang='lat' dir='ltr'><strong>cuius</strong></span> <span class='ocrx_word' id='word_1_106' title='bbox 770 3001 842 3051; x_wconf 95' lang='lat' dir='ltr'><strong>non</strong></span> <span class='ocrx_word' id='word_1_107' title='bbox 875 3000 951 3049; x_wconf 90' lang='lat' dir='ltr'><strong>sum</strong></span> <span class='ocrx_word' id='word_1_108' title='bbox 983 2979 1108 3072; x_wconf 82' lang='lat' dir='ltr'><strong>dignus</strong></span> <span class='ocrx_word' id='word_1_109' title='bbox 1133 2977 1368 3072; x_wconf 88' lang='lat' dir='ltr'><strong>procumbens</strong></span> <span class='ocrx_word' id='word_1_110' title='bbox 1402 2979 1540 3049; x_wconf 85' lang='lat' dir='ltr'><strong>solvere</strong></span> <span class='ocrx_word' id='word_1_111' title='bbox 1567 2978 1751 3070; x_wconf 82' lang='lat' dir='ltr'><strong>corrigiam</strong></span> 
     </span>
     <span class='ocr_line' id='line_1_13' title="bbox 263 3091 1753 3191; baseline 0 -22"><span class='ocrx_word' id='word_1_112' title='bbox 263 3097 565 3170; x_wconf 83' lang='lat' dir='ltr'><strong>calciamentorum</strong></span> <span class='ocrx_word' id='word_1_113' title='bbox 592 3097 683 3169; x_wconf 92' lang='lat' dir='ltr'><strong>eius:</strong></span> <span class='ocrx_word' id='word_1_114' title='bbox 736 3091 836 3191; x_wconf 65' lang='grc' dir='ltr'><strong>8εςο</strong></span> <span class='ocrx_word' id='word_1_115' title='bbox 863 3097 1036 3190; x_wconf 87' lang='lat' dir='ltr'><strong>baptizavi</strong></span> <span class='ocrx_word' id='word_1_116' title='bbox 1060 3119 1125 3170; x_wconf 87' lang='lat' dir='ltr'><strong>vos</strong></span> <span class='ocrx_word' id='word_1_117' title='bbox 1152 3117 1252 3188; x_wconf 85' lang='lat' dir='ltr'><strong>aqua,</strong></span> <span class='ocrx_word' id='word_1_118' title='bbox 1278 3095 1334 3166; x_wconf 92' lang='lat' dir='ltr'><strong>ille</strong></span> <span class='ocrx_word' id='word_1_119' title='bbox 1359 3119 1447 3169; x_wconf 86' lang='lat' dir='ltr'><strong>vero</strong></span> <span class='ocrx_word' id='word_1_120' title='bbox 1472 3097 1661 3190; x_wconf 88' lang='lat' dir='ltr'><strong>baptizabit</strong></span> <span class='ocrx_word' id='word_1_121' title='bbox 1685 3119 1753 3169; x_wconf 87' lang='lat' dir='ltr'><strong>vos</strong></span> 
     </span>
     <span class='ocr_line' id='line_1_14' title="bbox 204 3205 1752 3310; baseline -0.001 -22"><span class='ocrx_word' id='word_1_122' title='bbox 204 3261 214 3270; x_wconf 87' lang='lat'><em>-</em></span> <span class='ocrx_word' id='word_1_123' title='bbox 263 3217 383 3310; x_wconf 90' lang='lat' dir='ltr'><strong>spiritu</strong></span> <span class='ocrx_word' id='word_1_124' title='bbox 397 3269 403 3286; x_wconf 91' lang='lat'><strong>.</strong></span> <span class='ocrx_word' id='word_1_125' title='bbox 417 3225 549 3288; x_wconf 90' lang='lat' dir='ltr'><strong>sancto.</strong></span> <span class='ocrx_word' id='word_1_126' title='bbox 592 3205 682 3268; x_wconf 44' lang='grc' dir='ltr'><strong>ω)</strong></span> <span class='ocrx_word' id='word_1_127' title='bbox 701 3219 743 3289; x_wconf 85' lang='lat' dir='ltr'><strong>llt</strong></span> <span class='ocrx_word' id='word_1_128' title='bbox 768 3219 895 3288; x_wconf 86' lang='lat' dir='ltr'><strong>laetum</strong></span> <span class='ocrx_word' id='word_1_129' title='bbox 922 3226 976 3286; x_wconf 88' lang='lat' dir='ltr'><strong>est</strong></span> <span class='ocrx_word' id='word_1_130' title='bbox 1000 3216 1035 3286; x_wconf 93' lang='lat' dir='ltr'><strong>in</strong></span> <span class='ocrx_word' id='word_1_131' title='bbox 1060 3215 1182 3288; x_wconf 88' lang='lat' dir='ltr'><strong>diebus</strong></span> <span class='ocrx_word' id='word_1_132' title='bbox 1207 3213 1271 3282; x_wconf 91' lang='lat' dir='ltr'><strong>illis</strong></span> <span class='ocrx_word' id='word_1_133' title='bbox 1296 3217 1390 3286; x_wconf 90' lang='lat' dir='ltr'><strong>venit</strong></span> <span class='ocrx_word' id='word_1_134' title='bbox 1414 3217 1510 3287; x_wconf 90' lang='lat' dir='ltr'><strong>lesus</strong></span> <span class='ocrx_word' id='word_1_135' title='bbox 1536 3238 1557 3286; x_wconf 92' lang='lat' dir='ltr'><strong>a</strong></span> <span class='ocrx_word' id='word_1_136' title='bbox 1579 3217 1752 3288; x_wconf 88' lang='lat' dir='ltr'><strong>Nazareth</strong></span> 
     </span>
     <span class='ocr_line' id='line_1_15' title="bbox 265 3326 1751 3425; baseline -0.001 -19"><span class='ocrx_word' id='word_1_137' title='bbox 265 3335 447 3420; x_wconf 88' lang='lat' dir='ltr'><strong>Galilaeae,</strong></span> <span class='ocrx_word' id='word_1_138' title='bbox 476 3344 512 3404; x_wconf 88' lang='lat' dir='ltr'><strong>et</strong></span> <span class='ocrx_word' id='word_1_139' title='bbox 535 3333 730 3425; x_wconf 89' lang='lat' dir='ltr'><strong>baptizatus</strong></span> <span class='ocrx_word' id='word_1_140' title='bbox 757 3335 870 3405; x_wconf 88' lang='lat' dir='ltr'><strong>estin</strong></span> <span class='ocrx_word' id='word_1_141' title='bbox 901 3332 1048 3404; x_wconf 85' lang='lat' dir='ltr'><strong>Iordane</strong></span> <span class='ocrx_word' id='word_1_142' title='bbox 1081 3333 1127 3404; x_wconf 89' lang='lat' dir='ltr'><strong>ab</strong></span> <span class='ocrx_word' id='word_1_143' title='bbox 1159 3331 1322 3402; x_wconf 90' lang='lat' dir='ltr'><strong>Iohanne.</strong></span> <span class='ocrx_word' id='word_1_144' title='bbox 1374 3326 1400 3372; x_wconf 79' lang='lat'><strong>¹⁰</strong></span> <span class='ocrx_word' id='word_1_145' title='bbox 1417 3335 1459 3404; x_wconf 84' lang='lat' dir='ltr'><strong>Et</strong></span> <span class='ocrx_word' id='word_1_146' title='bbox 1485 3335 1599 3406; x_wconf 91' lang='lat' dir='ltr'><strong>statim</strong></span> <span class='ocrx_word' id='word_1_147' title='bbox 1625 3355 1751 3405; x_wconf 89' lang='lat' dir='ltr'><strong>ascen-</strong></span> 
     </span>
     <span class='ocr_line' id='line_1_16' title="bbox 265 3450 1751 3547; baseline 0 -24"><span class='ocrx_word' id='word_1_148' title='bbox 265 3453 425 3524; x_wconf 88' lang='lat' dir='ltr'><strong>deusde</strong></span> <span class='ocrx_word' id='word_1_149' title='bbox 452 3473 544 3545; x_wconf 86' lang='lat' dir='ltr'><strong>aqua</strong></span> <span class='ocrx_word' id='word_1_150' title='bbox 569 3451 656 3524; x_wconf 83' lang='lat' dir='ltr'><strong>vidit</strong></span> <span class='ocrx_word' id='word_1_151' title='bbox 681 3463 823 3547; x_wconf 88' lang='lat' dir='ltr'><strong>apertos</strong></span> <span class='ocrx_word' id='word_1_152' title='bbox 850 3451 967 3522; x_wconf 89' lang='lat' dir='ltr'><strong>caelos</strong></span> <span class='ocrx_word' id='word_1_153' title='bbox 1002 3460 1038 3522; x_wconf 92' lang='lat' dir='ltr'><strong>et</strong></span> <span class='ocrx_word' id='word_1_154' title='bbox 1069 3450 1222 3544; x_wconf 89' lang='lat' dir='ltr'><strong>spiritum</strong></span> <span class='ocrx_word' id='word_1_155' title='bbox 1256 3457 1433 3543; x_wconf 90' lang='lat' dir='ltr'><strong>tamquam</strong></span> <span class='ocrx_word' id='word_1_156' title='bbox 1461 3453 1658 3524; x_wconf 90' lang='lat' dir='ltr'><strong>columbam</strong></span> <span class='ocrx_word' id='word_1_157' title='bbox 1685 3452 1751 3524; x_wconf 90' lang='lat' dir='ltr'><strong>de-</strong></span> 
     </span>
     <span class='ocr_line' id='line_1_17' title="bbox 264 3561 1751 3662; baseline 0.002 -20"><span class='ocrx_word' id='word_1_158' title='bbox 264 3571 490 3645; x_wconf 88' lang='lat' dir='ltr'><strong>scendentem</strong></span> <span class='ocrx_word' id='word_1_159' title='bbox 517 3580 552 3640; x_wconf 89' lang='lat' dir='ltr'><strong>et</strong></span> <span class='ocrx_word' id='word_1_160' title='bbox 578 3582 774 3643; x_wconf 90' lang='lat' dir='ltr'><strong>manentem</strong></span> <span class='ocrx_word' id='word_1_161' title='bbox 800 3569 953 3662; x_wconf 89' lang='lat' dir='ltr'><strong>inipso,</strong></span> <span class='ocrx_word' id='word_1_162' title='bbox 997 3561 1019 3605; x_wconf 79' lang='lat'><strong>⁴¹</strong></span> <span class='ocrx_word' id='word_1_163' title='bbox 1040 3579 1076 3650; x_wconf 83' lang='lat' dir='ltr'><strong>et</strong></span> <span class='ocrx_word' id='word_1_164' title='bbox 1105 3589 1178 3640; x_wconf 85' lang='lat' dir='ltr'><strong>vox</strong></span> <span class='ocrx_word' id='word_1_165' title='bbox 1213 3568 1303 3642; x_wconf 86' lang='lat' dir='ltr'><strong>laeta</strong></span> <span class='ocrx_word' id='word_1_166' title='bbox 1338 3580 1392 3641; x_wconf 92' lang='lat' dir='ltr'><strong>est</strong></span> <span class='ocrx_word' id='word_1_167' title='bbox 1424 3569 1471 3643; x_wconf 91' lang='lat' dir='ltr'><strong>de</strong></span> <span class='ocrx_word' id='word_1_168' title='bbox 1502 3573 1608 3642; x_wconf 88' lang='lat' dir='ltr'><strong>caelis</strong></span> <span class='ocrx_word' id='word_1_169' title='bbox 1635 3572 1685 3641; x_wconf 87' lang='lat' dir='ltr'><strong>Tu</strong></span> <span class='ocrx_word' id='word_1_170' title='bbox 1711 3594 1751 3644; x_wconf 92' lang='lat' dir='ltr'><strong>es</strong></span> 
     </span>
    </p>
   </div>
   <div class='ocr_carea' id='block_1_4' title="bbox 264 3678 1891 3785">
    <p class='ocr_par' dir='ltr' id='par_1_4' title="bbox 264 3678 1891 3785">
     <span class='ocr_line' id='line_1_18' title="bbox 264 3678 1891 3785; baseline 0.002 -25"><span class='ocrx_word' id='word_1_171' title='bbox 264 3687 352 3760; x_wconf 85' lang='lat' dir='ltr'><strong>filius</strong></span> <span class='ocrx_word' id='word_1_172' title='bbox 384 3709 484 3760; x_wconf 88' lang='lat' dir='ltr'><strong>meus</strong></span> <span class='ocrx_word' id='word_1_173' title='bbox 517 3688 678 3774; x_wconf 88' lang='lat' dir='ltr'><strong>dilectus,</strong></span> <span class='ocrx_word' id='word_1_174' title='bbox 712 3691 746 3760; x_wconf 91' lang='lat' dir='ltr'><strong>in</strong></span> <span class='ocrx_word' id='word_1_175' title='bbox 778 3698 813 3760; x_wconf 89' lang='lat' dir='ltr'><strong>te</strong></span> <span class='ocrx_word' id='word_1_176' title='bbox 846 3687 1048 3780; x_wconf 86' lang='lat' dir='ltr'><strong>complacui.</strong></span> <span class='ocrx_word' id='word_1_177' title='bbox 1101 3678 1263 3757; x_wconf 50' lang='grc' dir='ltr'><strong>1’(Μιιι</strong></span> <span class='ocrx_word' id='word_1_178' title='bbox 1294 3689 1408 3759; x_wconf 90' lang='lat' dir='ltr'><strong>statim</strong></span> <span class='ocrx_word' id='word_1_179' title='bbox 1441 3689 1580 3784; x_wconf 88' lang='lat' dir='ltr'><strong>spiritus</strong></span> <span class='ocrx_word' id='word_1_180' title='bbox 1611 3691 1753 3785; x_wconf 85' lang='lat' dir='ltr'><strong>expellit</strong></span> <span class='ocrx_word' id='word_1_181' title='bbox 1887 3770 1891 3779; x_wconf 64' lang='grc'><em>,</em></span> 
     </span>
    </p>
   </div>
   <div class='ocr_carea' id='block_1_5' title="bbox 261 3801 1753 5088">
    <p class='ocr_par' dir='ltr' id='par_1_5' title="bbox 261 3801 1753 5088">
     <span class='ocr_line' id='line_1_19' title="bbox 265 3801 1752 3904; baseline 0.003 -24"><span class='ocrx_word' id='word_1_182' title='bbox 265 3809 405 3880; x_wconf 90' lang='lat' dir='ltr'><strong>eumin</strong></span> <span class='ocrx_word' id='word_1_183' title='bbox 431 3807 618 3879; x_wconf 90' lang='lat' dir='ltr'><strong>desertum.</strong></span> <span class='ocrx_word' id='word_1_184' title='bbox 671 3801 755 3880; x_wconf 78' lang='grc' dir='ltr'><strong>13Ει</strong></span> <span class='ocrx_word' id='word_1_185' title='bbox 781 3817 856 3880; x_wconf 91' lang='lat' dir='ltr'><strong>erat</strong></span> <span class='ocrx_word' id='word_1_186' title='bbox 881 3807 916 3876; x_wconf 89' lang='lat' dir='ltr'><strong>in</strong></span> <span class='ocrx_word' id='word_1_187' title='bbox 942 3806 1084 3878; x_wconf 90' lang='lat' dir='ltr'><strong>deserto</strong></span> <span class='ocrx_word' id='word_1_188' title='bbox 1111 3807 1340 3901; x_wconf 80' lang='lat' dir='ltr'><strong>quadraginta</strong></span> <span class='ocrx_word' id='word_1_189' title='bbox 1373 3809 1498 3881; x_wconf 86' lang='lat' dir='ltr'><strong>diebus</strong></span> <span class='ocrx_word' id='word_1_190' title='bbox 1531 3821 1566 3882; x_wconf 91' lang='lat' dir='ltr'><strong>et</strong></span> <span class='ocrx_word' id='word_1_191' title='bbox 1598 3811 1752 3904; x_wconf 86' lang='lat' dir='ltr'><strong>quadra-</strong></span> 
     </span>
     <span class='ocr_line' id='line_1_20' title="bbox 265 3917 1751 4026; baseline 0.003 -28"><span class='ocrx_word' id='word_1_192' title='bbox 265 3929 367 4026; x_wconf 45' lang='lat' dir='ltr'><strong>ginta,</strong></span> <span class='ocrx_word' id='word_1_193' title='bbox 384 3927 561 4010; x_wconf 89' lang='lat' dir='ltr'><strong>noctibus,</strong></span> <span class='ocrx_word' id='word_1_194' title='bbox 589 3935 625 3997; x_wconf 91' lang='lat' dir='ltr'><strong>et</strong></span> <span class='ocrx_word' id='word_1_195' title='bbox 650 3929 859 4000; x_wconf 87' lang='lat' dir='ltr'><strong>temtabatur</strong></span> <span class='ocrx_word' id='word_1_196' title='bbox 885 3949 906 3997; x_wconf 95' lang='lat' dir='ltr'><strong>a</strong></span> <span class='ocrx_word' id='word_1_197' title='bbox 932 3935 1062 4010; x_wconf 74' lang='lat' dir='ltr'><strong>satana</strong></span> <span class='ocrx_word' id='word_1_198' title='bbox 1106 3917 1169 3970; x_wconf 59' lang='grc' dir='ltr'><strong>Μ’)</strong></span> <span class='ocrx_word' id='word_1_199' title='bbox 1188 3936 1332 4020; x_wconf 87' lang='lat' dir='ltr'><strong>eratque</strong></span> <span class='ocrx_word' id='word_1_200' title='bbox 1360 3949 1439 4000; x_wconf 90' lang='lat' dir='ltr'><strong>oum</strong></span> <span class='ocrx_word' id='word_1_201' title='bbox 1464 3930 1598 4014; x_wconf 87' lang='lat' dir='ltr'><strong>bestiis,</strong></span> <span class='ocrx_word' id='word_1_202' title='bbox 1626 3939 1663 4000; x_wconf 93' lang='lat' dir='ltr'><strong>et</strong></span> <span class='ocrx_word' id='word_1_203' title='bbox 1688 3953 1751 4002; x_wconf 88' lang='lat' dir='ltr'><strong>an-</strong></span> 
     </span>
     <span class='ocr_line' id='line_1_21' title="bbox 265 4025 1753 4138; baseline 0.001 -21"><span class='ocrx_word' id='word_1_204' title='bbox 265 4047 334 4138; x_wconf 81' lang='lat' dir='ltr'><strong>geli</strong></span> <span class='ocrx_word' id='word_1_205' title='bbox 359 4045 598 4116; x_wconf 88' lang='lat' dir='ltr'><strong>ministrabant</strong></span> <span class='ocrx_word' id='word_1_206' title='bbox 622 4045 677 4116; x_wconf 90' lang='lat' dir='ltr'><strong>illi.</strong></span> <span class='ocrx_word' id='word_1_207' title='bbox 731 4036 757 4084; x_wconf 70' lang='lat'><strong>⁴⁸</strong></span> <span class='ocrx_word' id='word_1_208' title='bbox 770 4034 836 4092; x_wconf 55' lang='grc' dir='ltr'><strong>(Μ’)</strong></span> <span class='ocrx_word' id='word_1_209' title='bbox 853 4045 1040 4138; x_wconf 82' lang='lat' dir='ltr'><strong>Postquam</strong></span> <span class='ocrx_word' id='word_1_210' title='bbox 1068 4053 1184 4116; x_wconf 90' lang='lat' dir='ltr'><strong>autem</strong></span> <span class='ocrx_word' id='word_1_211' title='bbox 1210 4045 1355 4117; x_wconf 89' lang='lat' dir='ltr'><strong>traditus</strong></span> <span class='ocrx_word' id='word_1_212' title='bbox 1382 4057 1436 4118; x_wconf 90' lang='lat' dir='ltr'><strong>est</strong></span> <span class='ocrx_word' id='word_1_213' title='bbox 1452 4025 1632 4132; x_wconf 86' lang='lat' dir='ltr'><strong>lohannes,</strong></span> <span class='ocrx_word' id='word_1_214' title='bbox 1658 4049 1753 4120; x_wconf 90' lang='lat' dir='ltr'><strong>venit</strong></span> 
     </span>
     <span class='ocr_line' id='line_1_22' title="bbox 263 4156 1753 4258; baseline 0.001 -24"><span class='ocrx_word' id='word_1_215' title='bbox 263 4157 359 4236; x_wconf 83' lang='lat' dir='ltr'><strong>lesus</strong></span> <span class='ocrx_word' id='word_1_216' title='bbox 392 4166 427 4234; x_wconf 90' lang='lat' dir='ltr'><strong>in</strong></span> <span class='ocrx_word' id='word_1_217' title='bbox 461 4164 664 4248; x_wconf 89' lang='lat' dir='ltr'><strong>Galilaeam,</strong></span> <span class='ocrx_word' id='word_1_218' title='bbox 703 4156 766 4211; x_wconf 53' lang='grc' dir='ltr'><strong>Μ)</strong></span> <span class='ocrx_word' id='word_1_219' title='bbox 780 4165 987 4258; x_wconf 88' lang='lat' dir='ltr'><strong>praedicans</strong></span> <span class='ocrx_word' id='word_1_220' title='bbox 1025 4163 1242 4256; x_wconf 79' lang='lat' dir='ltr'><strong>evangelium</strong></span> <span class='ocrx_word' id='word_1_221' title='bbox 1281 4165 1379 4256; x_wconf 81' lang='lat' dir='ltr'><strong>regni</strong></span> <span class='ocrx_word' id='word_1_222' title='bbox 1414 4164 1472 4236; x_wconf 88' lang='lat' dir='ltr'><strong>dei</strong></span> <span class='ocrx_word' id='word_1_223' title='bbox 1522 4159 1548 4201; x_wconf 77' lang='lat'><strong>¹⁵</strong></span> <span class='ocrx_word' id='word_1_224' title='bbox 1565 4176 1602 4236; x_wconf 91' lang='lat' dir='ltr'><strong>et</strong></span> <span class='ocrx_word' id='word_1_225' title='bbox 1632 4166 1753 4238; x_wconf 88' lang='lat' dir='ltr'><strong>diceus</strong></span> 
     </span>
     <span class='ocr_line' id='line_1_23' title="bbox 264 4282 1751 4378; baseline 0 -24"><span class='ocrx_word' id='word_1_226' title='bbox 264 4283 426 4374; x_wconf 90' lang='lat' dir='ltr'><strong>quoniam</strong></span> <span class='ocrx_word' id='word_1_227' title='bbox 452 4283 631 4377; x_wconf 88' lang='lat' dir='ltr'><strong>impletum</strong></span> <span class='ocrx_word' id='word_1_228' title='bbox 661 4292 715 4354; x_wconf 90' lang='lat' dir='ltr'><strong>est</strong></span> <span class='ocrx_word' id='word_1_229' title='bbox 740 4292 878 4377; x_wconf 89' lang='lat' dir='ltr'><strong>tempus</strong></span> <span class='ocrx_word' id='word_1_230' title='bbox 913 4291 949 4354; x_wconf 93' lang='lat' dir='ltr'><strong>et</strong></span> <span class='ocrx_word' id='word_1_231' title='bbox 983 4282 1271 4375; x_wconf 88' lang='lat' dir='ltr'><strong>appropinquavit</strong></span> <span class='ocrx_word' id='word_1_232' title='bbox 1303 4304 1448 4375; x_wconf 79' lang='lat' dir='ltr'><strong>regnum</strong></span> <span class='ocrx_word' id='word_1_233' title='bbox 1484 4285 1559 4356; x_wconf 92' lang='lat' dir='ltr'><strong>dei:</strong></span> <span class='ocrx_word' id='word_1_234' title='bbox 1593 4285 1751 4378; x_wconf 89' lang='lat' dir='ltr'><strong>paenite-</strong></span> 
     </span>
     <span class='ocr_line' id='line_1_24' title="bbox 264 4393 1752 4494; baseline 0.003 -24"><span class='ocrx_word' id='word_1_235' title='bbox 264 4401 407 4471; x_wconf 90' lang='lat' dir='ltr'><strong>miniet</strong></span> <span class='ocrx_word' id='word_1_236' title='bbox 433 4401 564 4472; x_wconf 89' lang='lat' dir='ltr'><strong>credite</strong></span> <span class='ocrx_word' id='word_1_237' title='bbox 591 4403 782 4494; x_wconf 81' lang='lat' dir='ltr'><strong>evangelio.</strong></span> <span class='ocrx_word' id='word_1_238' title='bbox 834 4393 861 4438; x_wconf 78' lang='lat'><strong>¹⁶</strong></span> <span class='ocrx_word' id='word_1_239' title='bbox 877 4403 920 4473; x_wconf 90' lang='lat' dir='ltr'><strong>Et</strong></span> <span class='ocrx_word' id='word_1_240' title='bbox 945 4401 1159 4494; x_wconf 89' lang='lat' dir='ltr'><strong>praeteriens</strong></span> <span class='ocrx_word' id='word_1_241' title='bbox 1193 4421 1295 4472; x_wconf 89' lang='lat' dir='ltr'><strong>secus</strong></span> <span class='ocrx_word' id='word_1_242' title='bbox 1326 4425 1424 4474; x_wconf 91' lang='lat' dir='ltr'><strong>mare</strong></span> <span class='ocrx_word' id='word_1_243' title='bbox 1458 4403 1632 4476; x_wconf 83' lang='lat' dir='ltr'><strong>Galilaeae</strong></span> <span class='ocrx_word' id='word_1_244' title='bbox 1666 4403 1752 4475; x_wconf 86' lang='lat' dir='ltr'><strong>vidit</strong></span> 
     </span>
     <span class='ocr_line' id='line_1_25' title="bbox 265 4519 1752 4608; baseline 0.003 -20"><span class='ocrx_word' id='word_1_245' title='bbox 265 4519 441 4591; x_wconf 88' lang='lat' dir='ltr'><strong>Simonem</strong></span> <span class='ocrx_word' id='word_1_246' title='bbox 469 4529 504 4591; x_wconf 91' lang='lat' dir='ltr'><strong>et</strong></span> <span class='ocrx_word' id='word_1_247' title='bbox 528 4519 706 4592; x_wconf 86' lang='lat' dir='ltr'><strong>Andrcam</strong></span> <span class='ocrx_word' id='word_1_248' title='bbox 732 4521 871 4592; x_wconf 79' lang='lat' dir='ltr'><strong>fratrem</strong></span> <span class='ocrx_word' id='word_1_249' title='bbox 899 4521 988 4604; x_wconf 86' lang='lat' dir='ltr'><strong>eius,</strong></span> <span class='ocrx_word' id='word_1_250' title='bbox 1016 4520 1188 4592; x_wconf 88' lang='lat' dir='ltr'><strong>mittentes</strong></span> <span class='ocrx_word' id='word_1_251' title='bbox 1213 4521 1299 4592; x_wconf 91' lang='lat' dir='ltr'><strong>retia</strong></span> <span class='ocrx_word' id='word_1_252' title='bbox 1325 4522 1359 4592; x_wconf 92' lang='lat' dir='ltr'><strong>in</strong></span> <span class='ocrx_word' id='word_1_253' title='bbox 1384 4544 1497 4608; x_wconf 89' lang='lat' dir='ltr'><strong>mare;</strong></span> <span class='ocrx_word' id='word_1_254' title='bbox 1533 4533 1632 4594; x_wconf 91' lang='lat' dir='ltr'><strong>erant</strong></span> <span class='ocrx_word' id='word_1_255' title='bbox 1661 4522 1752 4592; x_wconf 89' lang='lat' dir='ltr'><strong>enim</strong></span> 
     </span>
     <span class='ocr_line' id='line_1_26' title="bbox 263 4631 1753 4732; baseline 0.003 -26"><span class='ocrx_word' id='word_1_256' title='bbox 263 4638 466 4730; x_wconf 89' lang='lat' dir='ltr'><strong>piscatores.</strong></span> <span class='ocrx_word' id='word_1_257' title='bbox 510 4631 626 4686; x_wconf 63' lang='lat' dir='ltr'><strong>¹⁷¹¹⁰³l</strong></span> <span class='ocrx_word' id='word_1_258' title='bbox 640 4641 683 4711; x_wconf 86' lang='lat' dir='ltr'><strong>Et</strong></span> <span class='ocrx_word' id='word_1_259' title='bbox 709 4639 795 4710; x_wconf 84' lang='lat' dir='ltr'><strong>dixit</strong></span> <span class='ocrx_word' id='word_1_260' title='bbox 821 4639 873 4710; x_wconf 90' lang='lat' dir='ltr'><strong>eis</strong></span> <span class='ocrx_word' id='word_1_261' title='bbox 899 4640 993 4710; x_wconf 87' lang='lat' dir='ltr'><strong>lesus</strong></span> <span class='ocrx_word' id='word_1_262' title='bbox 1019 4639 1139 4710; x_wconf 87' lang='lat' dir='ltr'><strong>Venite</strong></span> <span class='ocrx_word' id='word_1_263' title='bbox 1165 4648 1247 4732; x_wconf 91' lang='lat' dir='ltr'><strong>post</strong></span> <span class='ocrx_word' id='word_1_264' title='bbox 1272 4661 1346 4724; x_wconf 91' lang='lat' dir='ltr'><strong>me,</strong></span> <span class='ocrx_word' id='word_1_265' title='bbox 1375 4642 1559 4714; x_wconf 79' lang='lat' dir='ltr'><strong>etfaciam</strong></span> <span class='ocrx_word' id='word_1_266' title='bbox 1585 4661 1651 4712; x_wconf 91' lang='lat' dir='ltr'><strong>vos</strong></span> <span class='ocrx_word' id='word_1_267' title='bbox 1677 4639 1753 4711; x_wconf 89' lang='lat' dir='ltr'><strong>lieri</strong></span> 
     </span>
     <span class='ocr_line' id='line_1_27' title="bbox 263 4749 1750 4853; baseline 0.001 -28"><span class='ocrx_word' id='word_1_268' title='bbox 263 4757 457 4848; x_wconf 88' lang='lat' dir='ltr'><strong>piscatores</strong></span> <span class='ocrx_word' id='word_1_269' title='bbox 496 4759 682 4831; x_wconf 90' lang='lat' dir='ltr'><strong>hominum.</strong></span> <span class='ocrx_word' id='word_1_270' title='bbox 735 4749 762 4794; x_wconf 78' lang='lat'><strong>&#39;⁸</strong></span> <span class='ocrx_word' id='word_1_271' title='bbox 778 4758 821 4828; x_wconf 85' lang='lat' dir='ltr'><strong>llt</strong></span> <span class='ocrx_word' id='word_1_272' title='bbox 858 4759 1014 4853; x_wconf 87' lang='lat' dir='ltr'><strong>protinus</strong></span> <span class='ocrx_word' id='word_1_273' title='bbox 1054 4758 1179 4828; x_wconf 90' lang='lat' dir='ltr'><strong>relictis</strong></span> <span class='ocrx_word' id='word_1_274' title='bbox 1221 4756 1352 4828; x_wconf 91' lang='lat' dir='ltr'><strong>retibus</strong></span> <span class='ocrx_word' id='word_1_275' title='bbox 1380 4761 1504 4842; x_wconf 76' lang='lat' dir='ltr'><strong>,secuti</strong></span> <span class='ocrx_word' id='word_1_276' title='bbox 1545 4769 1623 4830; x_wconf 88' lang='lat' dir='ltr'><strong>sunt</strong></span> <span class='ocrx_word' id='word_1_277' title='bbox 1661 4779 1750 4828; x_wconf 91' lang='lat' dir='ltr'><strong>eum.</strong></span> 
     </span>
     <span class='ocr_line' id='line_1_28' title="bbox 262 4866 1751 4970; baseline 0.001 -24"><span class='ocrx_word' id='word_1_278' title='bbox 262 4866 381 4922; x_wconf 56' lang='lat' dir='ltr'><strong>&#39;W&#39;</strong></span> <span class='ocrx_word' id='word_1_279' title='bbox 399 4877 443 4947; x_wconf 86' lang='lat' dir='ltr'><strong>Et</strong></span> <span class='ocrx_word' id='word_1_280' title='bbox 467 4898 677 4969; x_wconf 80' lang='lat' dir='ltr'><strong>progressus</strong></span> <span class='ocrx_word' id='word_1_281' title='bbox 704 4877 786 4948; x_wconf 92' lang='lat' dir='ltr'><strong>inde</strong></span> <span class='ocrx_word' id='word_1_282' title='bbox 812 4877 974 4970; x_wconf 90' lang='lat' dir='ltr'><strong>pusillum</strong></span> <span class='ocrx_word' id='word_1_283' title='bbox 1000 4874 1086 4946; x_wconf 91' lang='lat' dir='ltr'><strong>vidit</strong></span> <span class='ocrx_word' id='word_1_284' title='bbox 1111 4876 1275 4948; x_wconf 90' lang='lat' dir='ltr'><strong>Iacobum</strong></span> <span class='ocrx_word' id='word_1_285' title='bbox 1301 4876 1477 4949; x_wconf 89' lang='lat' dir='ltr'><strong>Zebedaei</strong></span> <span class='ocrx_word' id='word_1_286' title='bbox 1505 4887 1539 4949; x_wconf 91' lang='lat' dir='ltr'><strong>et</strong></span> <span class='ocrx_word' id='word_1_287' title='bbox 1563 4878 1751 4948; x_wconf 88' lang='lat' dir='ltr'><strong>Iohannem</strong></span> 
     </span>
     <span class='ocr_line' id='line_1_29' title="bbox 261 4985 1750 5088; baseline 0.005 -28"><span class='ocrx_word' id='word_1_288' title='bbox 261 4993 402 5065; x_wconf 80' lang='lat' dir='ltr'><strong>tratrem</strong></span> <span class='ocrx_word' id='word_1_289' title='bbox 421 4995 512 5080; x_wconf 88' lang='lat' dir='ltr'><strong>eius,</strong></span> <span class='ocrx_word' id='word_1_290' title='bbox 539 5005 575 5067; x_wconf 92' lang='lat' dir='ltr'><strong>et</strong></span> <span class='ocrx_word' id='word_1_291' title='bbox 599 4996 696 5088; x_wconf 90' lang='lat' dir='ltr'><strong>ipsos</strong></span> <span class='ocrx_word' id='word_1_292' title='bbox 720 4997 754 5066; x_wconf 90' lang='lat' dir='ltr'><strong>in</strong></span> <span class='ocrx_word' id='word_1_293' title='bbox 778 4997 856 5066; x_wconf 86' lang='lat' dir='ltr'><strong>navi</strong></span> <span class='ocrx_word' id='word_1_294' title='bbox 883 5003 1133 5088; x_wconf 88' lang='lat' dir='ltr'><strong>componentes</strong></span> <span class='ocrx_word' id='word_1_295' title='bbox 1151 4995 1253 5076; x_wconf 89' lang='lat' dir='ltr'><strong>retia,</strong></span> <span class='ocrx_word' id='word_1_296' title='bbox 1287 4985 1362 5065; x_wconf 64' lang='lat' dir='ltr'><strong>²⁰et</strong></span> <span class='ocrx_word' id='word_1_297' title='bbox 1379 4997 1494 5066; x_wconf 87' lang='lat' dir='ltr'><strong>statim</strong></span> <span class='ocrx_word' id='word_1_298' title='bbox 1511 4997 1650 5068; x_wconf 88' lang='lat' dir='ltr'><strong>vocavit</strong></span> <span class='ocrx_word' id='word_1_299' title='bbox 1666 4996 1750 5070; x_wconf 87' lang='lat' dir='ltr'><strong>illos.</strong></span> 
     </span>
    </p>
   </div>
   <div class='ocr_carea' id='block_1_6' title="bbox 259 5113 1750 5313">
    <p class='ocr_par' dir='ltr' id='par_1_6' title="bbox 259 5113 1750 5313">
     <span class='ocr_line' id='line_1_30' title="bbox 259 5113 1750 5206; baseline 0.003 -24"><span class='ocrx_word' id='word_1_300' title='bbox 259 5113 301 5182; x_wconf 89' lang='lat' dir='ltr'><strong>Et</strong></span> <span class='ocrx_word' id='word_1_301' title='bbox 326 5114 447 5184; x_wconf 92' lang='lat' dir='ltr'><strong>relicto</strong></span> <span class='ocrx_word' id='word_1_302' title='bbox 474 5123 574 5206; x_wconf 89' lang='lat' dir='ltr'><strong>patre</strong></span> <span class='ocrx_word' id='word_1_303' title='bbox 601 5135 665 5185; x_wconf 91' lang='lat' dir='ltr'><strong>suo</strong></span> <span class='ocrx_word' id='word_1_304' title='bbox 690 5113 874 5186; x_wconf 91' lang='lat' dir='ltr'><strong>Zebedaeo</strong></span> <span class='ocrx_word' id='word_1_305' title='bbox 903 5114 938 5182; x_wconf 92' lang='lat' dir='ltr'><strong>in</strong></span> <span class='ocrx_word' id='word_1_306' title='bbox 963 5114 1043 5185; x_wconf 87' lang='lat' dir='ltr'><strong>navi</strong></span> <span class='ocrx_word' id='word_1_307' title='bbox 1060 5135 1138 5184; x_wconf 91' lang='lat' dir='ltr'><strong>cum</strong></span> <span class='ocrx_word' id='word_1_308' title='bbox 1158 5114 1403 5185; x_wconf 88' lang='lat' dir='ltr'><strong>mercennariis</strong></span> <span class='ocrx_word' id='word_1_309' title='bbox 1427 5115 1536 5186; x_wconf 87' lang='lat' dir='ltr'><strong>secuti</strong></span> <span class='ocrx_word' id='word_1_310' title='bbox 1562 5124 1640 5185; x_wconf 92' lang='lat' dir='ltr'><strong>sunt</strong></span> <span class='ocrx_word' id='word_1_311' title='bbox 1660 5135 1750 5186; x_wconf 89' lang='lat' dir='ltr'><strong>oum.</strong></span> 
     </span>
     <span class='ocr_line' id='line_1_31' title="bbox 884 5234 1129 5313; baseline 0.004 -13"><span class='ocrx_word' id='word_1_312' title='bbox 884 5234 907 5313; x_wconf 93' lang='lat' dir='ltr'><strong>l,</strong></span> <span class='ocrx_word' id='word_1_313' title='bbox 938 5237 951 5300; x_wconf 83' lang='lat' dir='ltr'><strong>t</strong></span> <span class='ocrx_word' id='word_1_314' title='bbox 993 5272 1038 5284; x_wconf 90' lang='lat'><strong>—</strong></span> <span class='ocrx_word' id='word_1_315' title='bbox 1071 5235 1129 5305; x_wconf 79' lang='lat'><strong>20.</strong></span> 
     </span>
    </p>
   </div>
   <div class='ocr_carea' id='block_1_7' title="bbox 0 0 2132 6116">
    <p class='ocr_par' dir='ltr' id='par_1_7' title="bbox 0 0 2132 6116">
     <span class='ocr_line' id='line_1_32' title="bbox 0 0 2132 6116; baseline 0 0"><span class='ocrx_word' id='word_1_316' title='bbox 0 0 2132 6116; x_wconf 95' lang='lat' dir='ltr'><strong> </strong></span> 
     </span>
    </p>
   </div>
  </div>
 </body>
</html>
