4102 6128
323 407 370 477 38
428 505 431 514 γ
713 408 951 473 Evanonttou
976 409 1176 474 SECUNDUM
1201 409 1403 472 blAl'l'llEUll

322 611 387 684 Alii
411 611 584 686 lobannen
609 607 803 708 baptistam,
831 615 885 686 alii
903 623 1017 684 antem
1035 615 1175 699 Heliam,
1203 613 1258 683 alii
1274 634 1360 684 vero
1378 613 1581 684 Hieremiam
1599 623 1658 684 aut
1681 633 1785 686 unum

323 755 370 804 ex
395 732 582 825 prophetis.
622 724 648 769 ⁴⁶
663 734 751 805 Dicit
775 733 839 804 illis
863 731 934 805 Vos
961 741 1074 804 autem
1093 753 1197 826 quem
1223 755 1280 804 me
1308 754 1391 804 esse
1408 732 1543 804 dicitis?
1586 723 1612 770 ¹⁰
1627 733 1795 828 llespon-·

323 855 410 926 dens
437 833 555 924 Simon
581 853 700 925 Petrus
728 853 814 924 dixit
839 853 889 924 Tu
916 849 968 924 es'
983 832 1135 924 Christus
1162 852 1249 924 tibus
1269 849 1333 926 *dei
1350 854 1440 926 vivi:
1472 844 1497 889 ¹⁷
1510 844 1613 900 (M)
1626 853 1785 947 llespon-

246 970 252 982 ‘
323 973 411 1045 dens
429 981 543 1044 autem
560 974 656 1045 lesus
683 972 770 1045 dixit
788 974 914 1044 Beatus
940 993 990 1058 es,
1018 972 1135 1046 Simon
1157 973 1225 1044 Bar
1249 975 1345 1060 lona,
1373 974 1452 1068 quia
1477 995 1559 1046 caro
1586 983 1621 1045 et
1646 973 1786 1066 sanguis

299 1113 392 1166 'non
417 1093 581 1164 revelavit
607 1093 677 1178 tibi,
705 1091 770 1165 sed
796 1103 894 1187 pater
919 1115 1019 1164 meus
1046 1092 1162 1185 quiin
1189 1093 1293 1165 caelis
1320 1103 1383 1166 est.
1427 1083 1453 1130 ⁴⁸
1467 1093 1510 1164 Et
1535 1115 1603 1186 ego
1630 1093 1708 1165 dico
1724 1093 1786 1166 tibi

322 1214 402 1306 qiua
428 1223 462 1284 tu
489 1234 528 1284 es
554 1213 685 1298 Petrus,
712 1223 748 1284 at
773 1235 879 1307 super
905 1213 993 1284 hanc
1015 1211 1149 1306 petram
1175 1211 1368 1286 aedificabo
1392 1212 1573 1284 eeclesiam
1591 1235 1724 1299 meam,
1752 1223 1788 1284 et

190 1409 195 1416 ,
321 1341 444 1426 portae
477 1332 572 1404 interi
608 1355 678 1405 non
708 1334 957 1428 praevalebunt
976 1323 1176 1404 'advorsum
1208 1356 1295 1406 eam.
1348 1328 1374 1374 ⁴⁹
1389 1334 1432 1405 Et
1463 1333 1524 1403 tibi
1549 1331 1643 1406 dabo
1670 1333 1787 1405 claves

321 1452 418 1543 regni
445 1451 636 1524 caelorum:
664 1464 699 1524 et
724 1455 967 1547 quodcumque
993 1453 1153 1546 ligaveris
1181 1476 1288 1548 super
1320 1465 1464 1538 terram,
1492 1454 1556 1524 erit
1586 1455 1726 1546 ligatum
1752 1453 1786 1523 in

322 1571 445 1656 caelis;
481 1581 516 1642 et
549 1573 794 1668 quodcumque
827 1573 973 1647 solveris
1007 1595 1113 1666 snper
1148 1583 1292 1658 terram,
1327 1574 1392 1644 erit
1424 1574 1572 1645 solutum
1606 1575 1640 1645 in
1671 1573 1784 1644 caelis.

320 1683 347 1730 ¹⁰
360 1682 453 1738 (ω’)
467 1692 561 1764 Tunc
586 1695 763 1788 praecepit
788 1695 962 1788 discipulis
991 1694 1062 1766 suis
1089 1701 1126 1764 ut
1151 1694 1277 1765 nemini
1304 1694 1458 1765 dicerent
1484 1693 1563 1786 qnia
1588 1693 1666 1787 ipss
1691 1701 1788 1764 esset

322 1813 418 1882 lesus
451 1811 614 1884 Christus.
665 1806 689 1850 ²¹
709 1815 843 1887 Exinde
873 1815 999 1908 'coepit
1029 1815 1126 1886 lesus
1167 1813 1353 1885 ostendere
1386 1813 1561 1906 discipulis
1601 1814 1674 1884 suis
1707 1813 1787 1905 quia

323 1942 500 2026 oporteret
525 1954 603 2004 cum
637 1934 687 2004 ire
720 1935 994 2030 Hierosolymam
1029 1943 1065 2004 et
1097 1935 1202 2005 multa
1234 1934 1306 2026 pati
1339 1933 1579 2004 asenioribus
1605 1942 1640 2004 et
1665 1931 1788 2004 scribis

324 2063 360 2122 et
384 2051 595 2145 principibus
630 2054 850 2126 sacerdotum
877 2063 913 2124 et
939 2053 1051 2125 occidi
1077 2063 1112 2124 et
1144 2052 1243 2124 tertia
1269 2053 1326 2124 die
1353 2074 1546 2146 resurgere.
1597 2043 1729 2099 ‘'lm‘'
1745 2051 1788 2122 ltt

323 2171 508 2244 adsumens
535 2192 614 2244 eum
637 2172 759 2246 Petrus
785 2174 903 2268 coepit
927 2174 1107 2268 increpare
1131 2175 1222 2246 illurn
1247 2173 1367 2245 dicans
1390 2173 1491 2245 Absit
1505 2195 1535 2256 ‚a
1562 2181 1605 2258 te,
1632 2171 1787 2244 domine:

322 2313 392 2363 non
417 2291 480 2362 erit
504 2293 564 2363 tibi
589 2290 667 2364 boe.
717 2287 746 2332 ³³
763 2295 827 2380 Qui
854 2315 1043 2366 conversus
1071 2293 1157 2364 dixit
1186 2292 1289 2366 Petro
1315 2294 1413 2366 Vade
1445 2302 1526 2389 post
1550 2314 1623 2378 me,
1651 2301 1786 2363 satana:

208 2415 210 2420 '
323 2411 522 2484 scandalum
549 2435 589 2484 es
615 2414 706 2501 mibi,
733 2415 812 2508 quia
836 2435 907 2486 non
931 2414 1026 2507 sapis
1052 2435 1094 2486 ea
1120 2435 1211 2507 quae
1237 2414 1294 2486 dei
1327 2425 1406 2487 sunt
1438 2412 1503 2486 sed
1536 2433 1577 2484 ca
1605 2433 1695 2506 qnae
1720 2411 1786 2482 bo-

323 2531 460 2602 minum.
512 2521 640 2580 “imm
655 2535 749 2606 Tunc
781 2535 878 2606 lesus
912 2532 998 2606 dixit
1031 2533 1206 2628 discipulis
1240 2535 1311 2606 suis
1345 2535 1380 2606 Si
1415 2535 1492 2628 quis
1520 2533 1592 2604 vult
1623 2541 1705 2626 post
1729 2553 1788 2603 me

289 2747 293 2754 Ι
323 2652 456 2737 venire,
491 2651 642 2745 abneget
675 2653 931 2746 semetipsum
965 2663 1001 2724 et
1032 2654 1127 2726 tollat
1160 2677 1298 2726 crucem
1332 2677 1430 2728 suam
1464 2664 1500 2726 et
1531 2663 1695 2746 aequatur
1720 2675 1786 2724 me·
1878 2663 1885 2680 '

205 2855 206 2858 Ἴ
299 2791 301 2796 ’
321 2763 348 2808 ¹⁵
366 2771 432 2856 Qui
458 2771 547 2842 emm
564 2772 710 2844 voluerit
736 2772 884 2844 animam
902 2793 999 2844 suam
1017 2773 1147 2846 salvam
1165 2775 1290 2860 lacere,
1316 2774 1442 2870 perdet
1467 2795 1560 2858 aam;
1588 2774 1646 2868 qui
1672 2781 1787 2847 autom

322 2889 513 2984 perdiderit
538 2883 689 2964 animani
712 2913 809 2964 suam
835 2902 978 2988 propter
994 2913 1060 2978 me,
1088 2893 1237 2966 inveniet
1254 2917 1341 2967 eam.
1384 2887 1411 2932 ¹⁸
1428 2895 1518 2980 Quid
1536 2895 1626 2965 enim
1644 2893 1789 2988 prodest

322 3010 449 3082 bomini
476 3012 505 3082 si
530 3012 693 3084 mundum
719 3013 917 3084 universnm
943 3013 1109 3098 lucretur,
1145 3017 1280 3086 animae
1310 3037 1397 3087 vero
1430 3035 1514 3086 suae
1546 3013 1787 3086 detrimentum

321 3131 494 3226 patiatur?
511 3131 579 3203 Aut
592 3154 694 3224 mam
708 3131 804 3204 dabit
815 3133 921 3206 bomo
936 3134 1236 3206 commutationem
1255 3157 1319 3228 pro
1331 3135 1445 3220 anima
1461 3137 1550 3206 sua‘l
1576 3125 1603 3170 ²⁷
1616 3125 1718 3182 (Μ)
1731 3135 1787 3206 Fi-

321 3251 386 3322 lius
412 3252 501 3322 enim
528 3251 674 3324 hominis
699 3260 862 3325 venturus
888 3263 944 3325 est
974 3255 1008 3324 in
1034 3255 1143 3348 gloria
1169 3255 1278 3350 patris
1301 3255 1354 3326 sui
1380 3277 1457 3326 oum
1483 3254 1613 3347 angelis
1640 3252 1725 3337 suis,
1751 3263 1789 3326 et

322 3379 402 3443 tunc
434 3371 558 3444 reddet
593 3372 772 3466 unicuique
805 3375 994 3448 secundum
1028 3397 1116 3469 opus
1150 3375 1233 3447 eius.
1283 3365 1412 3421 ¹⁸<⁴⁷²²l
1426 3373 1550 3446 Amen*
1563 3373 1642 3446 dico
1668 3372 1787 3459 vobis,

323 3502 401 3563 sunt
425 3492 565 3586 qaudam
592 3492 638 3564 de
663 3492 718 3564 bic
743 3495 910 3568 stantibus
935 3495 992 3588 qui
1023 3516 1093 3568 non
1119 3495 1304 3589 gustabunt
1336 3503 1483 3566 mortem
1509 3495 1624 3568 donec
1649 3495 1791 3568 videant·

323 3613 426 3685 lilium
452 3612 598 3686 bominis
624 3614 817 3687 venientem
843 3616 877 3686 in
902 3637 1012 3708 regno
1039 3636 1112 3687 suo.

1006 3891 1099 3964 XVII.

380 4085 472 4166 '⁴1tt
495 4104 577 4189 post
602 4097 680 4168 dies
711 4115 776 4168 sex
803 4096 973 4168 adsumsit
1005 4099 1100 4171 lesus
1126 4097 1263 4170 Petrum
1295 4107 1330 4168 et
1354 4097 1515 4168 iacobum
1542 4105 1578 4168 et
1602 4093 1786 4165 Iohannem

322 4217 461 4286 fratrem
487 4215 571 4301 eins,
598 4225 634 4288 ct
660 4214 853 4290 ducit'illos
868 4217 913 4288 in
939 4228 1090 4291 montem
1127 4219 1305 4291 excelsum
1341 4239 1516 4290 seorsum:
1560 4210 1626 4286 'et
1648 4211 1785 4286 transii-

322 4345 463 4429 guratus
490 4346 546 4407 est
571 4347 650 4408 ante
676 4336 749 4422 eos,
777 4347 812 4408 et
837 4339 1051 4432 resplenduit
1074 4339 1181 4412 facies
1208 4339 1283 4410 eins
1301 4337 1389 4409 siout
1406 4337 1468 4421 sol,
1494 4335 1700 4407 vestimenta
1723 4355 1787 4406 au-

322 4466 391 4528 tem
423 4455 498 4528 eius
532 4457 621 4528 lacta
655 4467 733 4528 sunt
765 4457 844 4530 alba
876 4459 964 4531 sicut
994 4458 1064 4530 nix.
1110 4451 1183 4530 ³Et
1216 4479 1301 4530 ecoe
1332 4456 1489 4552 apparuit
1520 4455 1583 4526 illis
1609 4455 1725 4528 Moses
1752 4464 1789 4526 et

321 4577 435 4650 Helias
468 4599 547 4648 cum
579 4597 623 4648 eo
656 4578 846 4670 loquentes.
897 4569 1155 4673 ‘Respondeas
1190 4589 1304 4652 autem
1337 4577 1459 4650 Petrus
1491 4575 1578 4648 dixit
1603 4575 1650 4648 ad
1674 4576 1786 4648 lesum
1847 4661 1855 4674 ·

321 4697 476 4783 Domine,
502 4698 632 4769 bonum
650 4707 705 4768 est
720 4720 785 4770 nos
803 4698 859 4769 hio
876 4721 972 4772 esse:
1001 4699 1031 4770 si
1047 4699 1111 4785 vis,
1138 4699 1303 4772 iaciamus
1321 4697 1377 4770 bic
1394 4697 1458 4769 tria
1475 4697 1702 4780 tabernacula,
1727 4693 1787 4766 tibi

321 4839 425 4888 unum
444 4825 480 4888 ct
492 4818 580 4889 llosi
596 4819 703 4890 unum
719 4828 755 4890 et
771 4819 888 4891 ileliae
904 4841 1024 4894 unum..
1043 4812 1187 4893 5ΑάΙιιιο
1204 4839 1247 4891 eo
1265 4819 1436 4913 loquente,
1455 4839 1540 4890 ecce
1557 4817 1658 4890 nubis
1675 4814 1789 4887 lucida

322 4937 539 5008 obumbravit
564 4959 637 5024 eos,
665 4949 700 5010 et
725 4959 810 5010 ecoe
834 4960 907 5011 vox
933 4939 980 5012 de
1004 4940 1097 5012 nube
1124 4939 1243 5010 dicens
1269 4939 1332 5010 llic
1364 4949 1420 5011 est
1451 4937 1538 5010 lilius
1573 4959 1672 5010 meus
1699 4935 1786 5006 dila-

291 5065 406 5140 ·ctus,
433 5057 467 5126 in
492 5081 562 5152 quo
588 5059 668 5131 mihi
695 5061 785 5132 bene
811 5059 1031 5154 complacuit:
1058 5060 1171 5153 ipsum
1199 5056 1324 5132 audito.
1372 5051 1444 5132 “Et
1470 5059 1649 5131 audientes
1680 5054 1786 5126 disci-

322 5177 391 5269 puli
418 5177 616 5252 ceciderunt
640 5181 674 5252 in
699 5183 822 5254 facicm
853 5201 951 5252 suam
978 5189 1014 5252 et
1046 5181 1228 5252 timuerunt
1253 5181 1382 5254 valde.¹
1414 5171 1487 5250 qlit
1519 5178 1666 5250 accessit
1690 5175 1787 5246 lasus

816 5301 906 5428 pau,
934 5302 979 5372 rs
1040 5339 1082 5352 -
1135 5301 1228 5386 nur,
1251 5294 1284 5374 7.
