4146 6120
436 359 512 433 too
956 309 1216 422 aroottrrsrs
1243 358 1421 423 romanis

435 567 571 639 tertium
608 563 732 635 animai
767 563 902 668 habens
932 563 1056 633 facicm
1093 563 1191 654 quasi
1226 563 1387 646 bominis,
1416 574 1452 633 et
1479 573 1638 655 quartum
1665 564 1789 636 animai
1812 567 1902 636 simile

434 686 570 779 aquilae
596 683 733 754 volanti.
787 676 860 752 ⁸Et
886 691 1049 773 quattuor
1076 682 1233 754 animalia
1261 683 1394 775 singula
1422 704 1544 754 eorum
1559 683 1749 754 ,habebant
1774 685 1840 756 alas
1856 705 1901 754 se-

434 829 507 890 nas,
536 813 571 874 et
598 804 631 872 in
657 801 800 872 circuitu
826 811 861 872 et
887 802 977 872 intus
1002 803 1105 894 plena
1132 812 1211 873 sunt
1238 803 1361 888 oculis,
1396 813 1431 874 et
1463 803 1618 895 requiem
1651 825 1724 875 non
1748 803 1902 875 habebant

435 926 492 1012 die
519 944 561 995 ac
587 931 688 994 nocta
715 921 865 992 dicentia
893 923 1038 992 Sanctus
1064 931 1203 992 sanctus
1231 933 1370 994 sanctus
1398 923 1559 995 dominus
1586 921 1675 994 deus
1695 923 1900 1016 omnipotens,

434 1045 491 1137 qui
519 1051 594 1114 erat
620 1053 655 1112 et
681 1041 739 1133 qui
766 1054 821 1110 est
847 1051 882 1110 et
908 1041 966 1131 qui
991 1051 1157 1112 venturus
1183 1051 1246 1112 cst.
1298 1034 1373 1113 ⁹Et
1405 1063 1484 1113 cum
1519 1040 1641 1112 darent
1674 1043 1730 1113 iiia
1763 1042 1900 1114 annalia

399 1207 408 1226 ,
433 1163 577 1256 gloriam
605 1171 640 1230 ct
665 1161 837 1231 honorem
865 1169 900 1229 et
926 1159 1204 1231 benedictionem
1232 1159 1367 1230 sedenti
1394 1179 1500 1250 super
1525 1161 1701 1245 thronum,
1752 1155 1902 1254 10ρεοεε-

432 1283 564 1354 debant
589 1280 707 1372 viginti
733 1287 895 1372 quattuor
922 1279 1080 1350 seniores
1107 1289 1187 1350 ante
1214 1273 1417 1350 'sedentem
1444 1279 1477 1348 in
1504 1279 1638 1366 throno,
1668 1293 1703 1352 et
1728 1281 1902 1352 adorabant

333 1439 336 1454 ·
430 1401 667 1474 viventemin
694 1399 833 1470 saecula
860 1399 1086 1482 saeculorum,
1115 1407 1151 1468 et
1177 1399 1311 1470 mittent
1337 1417 1488 1469 coronas
1521 1420 1603 1470 suas
1638 1410 1717 1470 ante
1750 1401 1902 1480 thronum,

431 1523 586 1594 dicentes
630 1511 653 1555 Η
667 1517 797 1610 Dignus
832 1539 888 1602 cs,
922 1517 1064 1588 domine
1091 1528 1126 1588 et
1152 1519 1241 1590 deus
1271 1527 1404 1600 noster,
1433 1517 1594 1611 accipere
1621 1519 1765 1610 gloriam
1793 1529 1826 1592 et
1849 1519 1902 1588 ho-

430 1661 552 1712 norem
580 1649 616 1709 et
640 1638 818 1720 virtutem,
855 1637 934 1728 quia
967 1647 1003 1706 tu
1036 1639 1162 1708 creasti
1196 1637 1327 1720 omnia,
1356 1646 1390 1706 et
1417 1647 1560 1729 propter
1587 1640 1799 1710 voluntatem
1824 1649 1902 1708 tuan

431 1769 529 1832 crant
556 1768 591 1829 et
617 1767 735 1828 creata
762 1766 848 1826 sunt.

1161 2029 1195 2098 V.

507 2231 578 2308 'Et
604 2238 674 2309 vidi
702 2239 735 2308 in
762 2235 962 2307 'dexteram
991 2235 1144 2307 sedentis
1171 2257 1276 2328 super
1302 2236 1462 2306 thronum
1489 2236 1612 2307 librum
1640 2237 1804 2329 scriptum
1827 2237 1904 2305 intus

429 2368 462 2428 et
489 2358 572 2428 ioris
607 2357 779 2449 signatum
815 2356 933 2448 sigillis
967 2364 1112 2446 septem.
1164 2349 1237 2424 2Et
1265 2355 1337 2426 tidi
1371 2356 1530 2447 angeium
1562 2356 1687 2426 sortem
1715 2366 1750 2426 et
1779 2353 1904 2448 praedi-

429 2487 564 2547 cantem
592 2497 682 2546 voce
708 2497 836 2567 magna
864 2476 929 2560 Qui
957 2483 1011 2544 est
1036 2473 1161 2566 dignus
1189 2476 1325 2566 aperire
1352 2475 1475 2545 librum
1510 2483 1545 2542 et
1579 2475 1715 2545 solvere
1743 2474 1905 2568 signacula

429 2597 528 2666 eius?
571 2587 640 2664 ³Et
674 2615 778 2664 nemo
813 2603 950 2687 poterat
985 2593 1018 2662 in
1050 2593 1149 2664 caclo
1180 2613 1295 2684 neque
1321 2593 1356 2663 in
1382 2603 1473 2663 tarra
1499 2613 1614 2684 nequa
1641 2595 1763 2665 subtus
1791 2605 1904 2666 terram

430 2716 568 2808 aperire
598 2713 721 2783 tibrum
753 2734 869 2805 neque
903 2713 1079 2806 respicere
1114 2712 1216 2782 illurn.
1267 2703 1339 2782 ‘Et
1366 2731 1435 2802 ego
1470 2712 1597 2784 flebam
1624 2715 1779 2800 multum,
1806 2733 1906 2806 quon-

428 2835 497 2906 iam
523 2853 628 2905 nemo
656 2830 781 2924 diguus
806 2832 964 2903 inventus
991 2842 1045 2902 est
1071 2831 1207 2924 aperire
1232 2831 1356 2902 librum
1382 2851 1448 2901 uec
1473 2831 1594 2903 videre
1622 2853 1711 2904 cum.
1743 2826 1816 2904 ⁵ttt
1831 2851 1907 2904 unus

428 2956 475 3027 de
501 2953 695 3024 senioribus
722 2952 809 3023 dixit
834 2949 916 3022 mihi
941 2950 993 3020 Ne
1020 2951 1178 3020 deberis:
1205 2972 1289 3021 ecce
1315 2951 1476 3030 vicitleo
1504 2951 1550 3023 dc
1577 2951 1667 3022 tn'bu
1692 2953 1790 3038 luda,
1818 2951 1926 3024 radix·

427 3072 556 3156 David,
585 3073 722 3164 aperire
757 3073 880 3142 librum
915 3079 950 3140 et
984 3079 1120 3164 septem
1154 3071 1330 3162 signacula
1364 3069 1448 3139 cius.
1501 3063 1568 3140 ⁶Et
1595 3071 1682 3156 vidi,
1710 3083 1745 3143 et
1774 3093 1856 3144 ecce
1880 3072 1907 3139 in

295 3182 301 3192 ’
428 3191 545 3263 medio
572 3189 686 3262 throni
713 3199 936 3283 etquattuor
963 3189 1158 3260 animalium
1186 3191 1281 3260 etin
1307 3188 1424 3260 medio
1459 3189 1633 3260 seniorum
1665 3212 1796 3283 agnum
1822 3201 1906 3263 stan·

427 3323 497 3382 tem
525 3320 700 3402 tamquam
729 3309 891 3394 occisum,
919 3310 1104 3380 habentem
1131 3303 1279 3381 ‘cornua
1306 3317 1441 3400 septem
1468 3318 1504 3379 et
1530 3311 1649 3381 oculos
1676 3322 1831 3404 septem,
1858 3309 1906 3402 qui

428 3440 507 3503 sunt
539 3425 695 3522 'spiritus
729 3428 785 3500 dei
819 3429 915 3499 missi
948 3429 980 3498 in
1015 3449 1155 3499 omnem
1190 3439 1328 3499 terram.
1371 3420 1439 3497 7Et
1470 3429 1579 3514 venit,
1614 3438 1649 3500 et
1681 3432 1820 3526 accepit
1851 3425 1908 3500 'de

426 3550 573 3622 dextera
600 3548 754 3619 sedentis
779 3549 813 3617 in
840 3549 974 3618 throno.
1026 3540 1099 3617 ⁸Et
1125 3569 1201 3617 cum
1230 3546 1422 3640 aperuisset
1438 3547 1572 3632 librum,
1601 3557 1764 3640 quattuor
1783 3549 1906 3622 anima-

343 3715 361 3740 κ
424 3669 469 3740 lia
496 3678 532 3738 et
557 3666 675 3758 viginti
701 3675 863 3758 quattuor
889 3669 1048 3738 seniores
1073 3667 1274 3738 ceciderunt
1299 3687 1418 3736 coram
1453 3687 1562 3759 agno,
1595 3667 1767 3740 babentes
1795 3666 1907 3760 singuli

425 3789 575 3860 citharas
603 3795 637 3856 et
670 3785 804 3879 phialas
839 3807 964 3858 aureas
999 3787 1120 3880 plenas
1155 3787 1480 3871 odoramentorum,
1515 3807 1605 3878 quac
1632 3797 1711 3858 sunt
1738 3789 1908 3861 orationes

425 3916 633 3980 sanctorum.
685 3899 759 3976 ⁹Et
790 3915 927 3977 cantant
961 3927 1090 3977 novum
1124 3907 1293 3978 canticum
1328 3906 1484 3978 dicentes
1516 3907 1648 4000 Dignus
1679 3913 1719 3978 es
1754 3908 1908 4000 accipere

423 4029 546 4098 tibrum
582 4034 616 4095 et
649 4026 785 4119 aperire
817 4025 994 4118 signacula
1027 4026 1114 4110 cius,
1149 4025 1310 4117 quoniam
1345 4027 1483 4098 occisus
1517 4047 1557 4097 os
1584 4036 1619 4098 et
1642 4027 1825 4099 redemisti
1851 4043 1909 4096 nos

424 4148 495 4219 deo
522 4147 558 4216 in
584 4145 749 4238 sanguiue
775 4155 835 4215 tuo
863 4167 909 4216 ex
937 4147 1030 4216 omni
1056 4146 1148 4216 tribu
1175 4155 1211 4215 et
1235 4143 1350 4235 lingua
1376 4155 1411 4214 et
1437 4147 1567 4238 populo
1594 4157 1630 4216 et
1654 4147 1812 4230 natione,
1840 4137 1865 4181 ⁴⁰
1880 4153 1910 4214 et

422 4266 533 4340 iecisti
558 4285 622 4336 eos
650 4264 720 4335 deo
747 4273 867 4336 nostro
894 4285 1039 4357 regnum
1066 4273 1101 4334 et
1127 4262 1342 4346 sacerdotes,
1370 4273 1406 4334 et
1431 4265 1626 4356 regnabunt
1651 4287 1758 4358 supcr
1777 4277 1908 4338 terram.

422 4379 444 4423 ¹¹
464 4385 507 4456 Et
541 4385 622 4470 vidi,
659 4395 694 4454 et
727 4384 842 4456 audivi
875 4405 1000 4456 vocem
1033 4384 1236 4476 angelorum
1272 4383 1457 4454 multorum
1489 4384 1525 4454 in
1555 4385 1695 4456 circuitu
1730 4385 1848 4459 throni
1880 4393 1910 4451 at

384 4534 387 4542 ·
422 4506 619 4578 animalium
647 4513 682 4573 ct
708 4503 892 4589 seniorum,
920 4513 956 4573 et
983 4511 1057 4574 erat
1082 4523 1246 4574 numerus
1273 4522 1395 4573 eorum
1429 4503 1519 4574 milia
1551 4505 1694 4589 milium,
1744 4495 1775 4541 ⁴²
1793 4503 1909 4576 dicen-

421 4627 503 4696 tium
530 4645 619 4696 roce
646 4643 773 4714 magna
804 4623 936 4714 Dignus
968 4633 1022 4693 est
1054 4643 1178 4714 agnus,
1206 4621 1264 4714 qui
1297 4621 1435 4694 occisus
1462 4633 1530 4707 est,
1563 4625 1723 4716 accipere
1751 4624 1909 4694 virtutem

421 4755 457 4816 ct
483 4745 696 4818 divinitatem
728 4752 765 4813 et
798 4742 1000 4834 sapientiam
1032 4751 1067 4812 et
1097 4739 1331 4813 fortitudinem
1366 4751 1401 4812 et
1433 4742 1602 4815 bonoram
1635 4754 1670 4814 et
1703 4743 1855 4835 gloriam
1881 4747 1911 4808 ct

418 4863 709 4934 benedictionem.
761 4854 787 4899 ¹³
800 4861 842 4931 Et
868 4882 1008 4934 omnem
1035 4868 1230 4932 creaturam
1257 4861 1407 4952 quaein
1433 4863 1530 4934 caclo
1558 4873 1613 4932 est
1639 4873 1674 4932 et
1707 4883 1818 4955 super
1843 4872 1911 4931 ter-

420 5001 495 5052 ram
523 4991 558 5051 ct
584 4982 651 5052 sub
678 4991 817 5066 terram,
845 4991 880 5052 et
914 5002 1004 5073 quac
1032 4980 1170 5052 suntin
1196 4981 1293 5064 mari,
1322 4989 1473 5073 atquae
1500 4982 1534 5051 in
1562 5003 1615 5067 ea,
1643 5001 1768 5054 omnes
1799 4978 1910 5053 audivi

384 5099 576 5172 ‘dicentes
612 5101 751 5172 Sedenti
789 5103 824 5171 in
864 5101 989 5172 throno
1025 5109 1060 5170 et
1090 5121 1181 5192 agno
1215 5099 1413 5172 benedictio
1446 5112 1481 5172 ct
1515 5101 1628 5173 honor
1661 5112 1696 5172 et
1726 5101 1843 5192 gloria
1881 5107 1911 5167 ct

998 5220 1048 5301 tv,
1077 5222 1099 5288 8
1128 5259 1176 5294 ,-
1205 5220 1241 5302 V,
1273 5221 1329 5290 43.
