4254 6130
388 375 457 444 lllll
827 376 934 436 LlllEll
960 371 1112 438 Aoruuu
1138 373 1415 438 APOSTOLOllUll

391 601 533 670 genam:
561 577 691 650 etmihi
712 577 862 649 ostendit
886 579 975 650 deus
993 579 1167 650 neminem
1194 600 1410 650 communem
1439 588 1499 650 aut
1521 579 1720 652 inmundum
1739 579 1856 651 dicere

389 700 579 783 hominem:
627 689 936 804 ”propterquod
969 695 1043 770 sine
1077 697 1287 771 dubitatione
1320 703 1400 772 veni
1433 699 1627 798 arcessitus.
1679 700 1856 793 lnterrogo

389 841 491 912 ergo,
518 840 621 912 quam
653 817 699 887 ob
734 838 874 888 causam
909 817 1101 888 arcessistis
1133 821 1215 888 me‘l
1264 811 1291 856 ³⁰
1306 820 1349 890 Et
1381 819 1557 891 Cornelius
1591 819 1637 890 ait
1671 819 1703 890 Α
1733 819 1857 890 nudius

391 950 557 1033 quartana
583 937 641 1010 die
668 958 779 1029 nsque
805 937 838 1006 in
865 937 954 1008 hanc
979 937 1100 1008 boram
1127 958 1230 1010 orans
1257 961 1352 1011 eram
1370 939 1456 1011 hora
1482 961 1574 1011 nona
1592 939 1625 1009 in
1644 939 1751 1012 domo
1769 961 1857 1024 mea,

391 1071 427 1131 et
452 1081 535 1130 ecce
554 1058 605 1128 vir
630 1057 721 1128 stetit
739 1067 816 1128 ante
842 1079 898 1128 me
924 1057 957 1127 in
982 1067 1083 1129 veste
1110 1057 1257 1130 candida
1283 1069 1318 1130 et
1335 1060 1381 1130 ait
1412 1051 1434 1096 ³¹
1452 1059 1593 1144 Corneli,
1621 1060 1786 1132 exaudita
1805 1070 1859 1131 est

393 1158 502 1250 oratio
536 1189 592 1249 tua
625 1187 661 1248 et
692 1179 915 1271 elemosynae
949 1187 1027 1248 tuae
1060 1173 1352 1252 commemoratae
1386 1191 1465 1251 sunt
1501 1180 1535 1249 in
1569 1189 1758 1273 conspectu
1790 1179 1857 1251 dei.

392 1290 417 1336 33
433 1297 525 1368 lllitte
552 1319 638 1390 ergo
671 1300 704 1368 in
736 1300 867 1392 loppen
901 1291 957 1368 et'
983 1299 1113 1370 arcessi
1144 1300 1318 1372 Simonem
1352 1299 1409 1394 qui
1435 1299 1696 1392 cognominatur
1722 1299 1855 1371 Petrus:

393 1418 448 1488 bic
472 1417 661 1511 hospitatur
685 1419 720 1488 in
747 1417 853 1490 domo
881 1418 1028 1489 Simonis
1062 1419 1196 1491 coriarii
1221 1419 1315 1491 iuxta
1347 1442 1454 1492 mare.
1504 1411 1531 1456 33
1548 1419 1732 1491 Confestim
1758 1420 1858 1512 igitur

392 1537 469 1608 misi
496 1537 541 1609 ad
569 1548 611 1624 te,
639 1549 675 1610 et
700 1548 735 1610 tu
760 1538 852 1610 benc
878 1537 986 1608 iecisti
1011 1539 1193 1612 veniendo.
1245 1540 1343 1610 Nunc
1368 1563 1454 1633 ergo
1481 1560 1603 1612 omnes
1629 1562 1694 1612 nos
1720 1539 1754 1610 in
1771 1561 1856 1610 con-

392 1667 513 1751 spectu
546 1669 604 1730 tuo
638 1660 803 1731 adsumus
839 1655 957 1728 audire
993 1659 1108 1730 omnia
1140 1679 1378 1754 quaecumque
1414 1659 1475 1730 tibi
1509 1669 1694 1754 praecepta
1726 1669 1804 1730 sunt
1836 1681 1857 1730 a

391 1778 540 1850 domino.
591 1766 618 1816 33
633 1779 804 1872 Aperiens
830 1785 945 1848 autem
972 1798 1013 1849 os
1040 1778 1159 1851 Petrus
1186 1779 1273 1852 dixit
1297 1781 1334 1850 ln
1358 1781 1501 1852 veritate
1528 1781 1669 1874 cooperi
1696 1778 1857 1872 quoniam

391 1919 460 1970 non
487 1909 542 1970 εει
566 1920 794 1994 personarum
821 1906 983 1990 acceptor
1008 1899 1112 1985 deos,
1156 1891 1183 1938 33
1200 1901 1265 1972 sed
1291 1903 1325 1971 in
1351 1901 1443 1972 omni
1460 1909 1564 1992 gente
1591 1901 1649 1993 qui
1666 1898 1761 1970 timet
1778 1919 1856 1968 eum

390 2029 425 2092 et
451 2029 614 2122 operatur
638 2019 797 2092 iustitiam
824 2027 985 2112 acceptus
1012 2029 1065 2091 est
1089 2019 1144 2090 illi.
1195 2011 1222 2056 33
1238 2021 1389 2092 Verbum
1415 2021 1507 2092 misit
1537 2020 1614 2091 filiis
1639 2018 1767 2091 lsrahel
1793 2016 1856 2088 ad-

390 2139 547 2212 nuntians
579 2161 702 2232 pacem
737 2161 802 2232 per
826 2138 938 2208 lesum
966 2137 1150 2210 Christum:
1186 2139 1241 2210 hic
1266 2149 1321 2212 εει
1346 2141 1496 2213 omnium
1523 2140 1692 2212 dominus.
1721 2131 1769 2176 ’33
1786 2139 1856 2209 Vos

391 2259 484 2331 scitis
520 2259 614 2352 quod
648 2263 773 2332 lactum
805 2267 860 2330 εει
889 2257 1034 2330 verbum
1067 2281 1132 2352 per
1158 2260 1354 2332 universam
1379 2260 1548 2346 Iudaeam,
1575 2260 1741 2353 incipiens
1767 2257 1856 2330 enirn

391 2403 411 2450 a
439 2379 596 2466 Galilaea,
623 2385 705 2473 post
729 2379 937 2472 baptismmn
962 2379 1059 2472 quod
1083 2379 1296 2472 praedicavit
1320 2380 1503 2466 lohannes,
1552 2371 1579 2420 33
1594 2381 1706 2453 lesum
1739 2402 1760 2450 a
1785 2379 1855 2448 Na-

391 2500 516 2585 zareth,
544 2499 722 2592 quomodo
748 2500 845 2570 unxit
871 2521 950 2570 eum
978 2499 1065 2571 deus
1092 2500 1211 2593 spiritu
1237 2509 1355 2572 saneto
1383 2510 1418 2570 et
1434 2501 1565 2586 virtute,
1593 2502 1650 2593 qui
1666 2498 1854 2594 pertransi-

391 2619 439 2690 vit
467 2620 717 2692 benelaciendo
752 2628 787 2690 et
821 2619 976 2690 sanando
1011 2642 1203 2714 oppressos
1235 2641 1256 2690 a
1291 2618 1445 2706 diabolo,
1480 2622 1641 2714 quoniam
1667 2620 1754 2692 deus
1781 2627 1855 2690 erat

392 2761 468 2810 cum
495 2739 569 2810 illo:
611 2730 639 2776 33
655 2749 689 2810 ει
715 2761 780 2812 nos
807 2749 912 2812 testes
939 2761 1058 2811 sumus
1085 2740 1234 2811 omnium
1261 2759 1350 2832 quae
1376 2740 1455 2812 lecit
1479 2740 1513 2810 in
1539 2742 1682 2833 regione
1707 2739 1853 2810 ludaeo-

391 2881 465 2930 rum
493 2870 528 2931 et
553 2859 585 2930 in
611 2861 839 2932 Hierusalem:
867 2881 969 2953 quem
995 2869 1031 2930 et
1048 2859 1246 2932 occiderunt
1263 2859 1517 2952 suspendentes
1534 2860 1568 2930 in
1585 2859 1686 2952 ligno.
1720 2851 1854 2930 ⁴⁰llunc

392 2980 480 3052 deus
512 2980 687 3052 suscitavit
719 2981 817 3052 tertia
849 2980 906 3052 die
938 2989 973 3051 et
1006 2980 1101 3054 dedit
1134 3003 1213 3052 emn
1244 2981 1458 3052 manifestum
1484 2979 1573 3065 lieri,
1623 2969 1646 3015 ⁴¹
1666 3001 1736 3056 non
1762 2979 1855 3052 omni

393 3102 520 3194 populo
553 3100 615 3171 sed
649 3100 792 3172 testibus
825 3101 1075 3195 praeordinatis
1107 3123 1128 3172 a
1162 3100 1248 3184 deo,
1283 3099 1382 3170 nobis
1414 3101 1472 3194 qui
1503 3099 1785 3172 manducavimus
1820 3109 1856 3172 et

391 3221 540 3294 bibimus
566 3243 643 3292 cum
673 3222 728 3294 illo
757 3231 938 3315 postquam
971 3221 1162 3292 resurrexit
1195 3221 1400 3292 amortuis:
1448 3208 1474 3257 33
1487 3230 1523 3292 ει
1551 3221 1728 3315 praecepit
1753 3220 1854 3292 nobis

391 3341 594 3436 praedicare
626 3343 754 3436 populo
788 3351 822 3414 et
854 3341 1023 3412 testificari
1053 3341 1132 3434 quia
1164 3341 1241 3434 ipse
1267 3350 1321 3412 est
1350 3340 1407 3434 qui
1433 3341 1633 3412 constitutus
1659 3350 1714 3412 εει
1739 3361 1760 3410 a
1786 3339 1854 3412 deo

391 3463 497 3535 iudex
528 3463 685 3534 vivorum
718 3472 753 3534 ει
786 3473 1008 3534 mortuorum.
1066 3452 1092 3500 33
1108 3461 1192 3532 lluic
1234 3482 1354 3532 omnes
1394 3463 1585 3554 prophetae
1624 3461 1853 3533 testimonium

391 3582 585 3676 perhibent,
618 3583 855 3655 remissionem
889 3581 1039 3654 omnium
1073 3589 1292 3674 peccatorum
1331 3579 1488 3674 accipere
1525 3603 1589 3675 per
1620 3603 1747 3653 nomen
1780 3581 1853 3652 eius

391 3725 512 3774 omnes
540 3703 596 3796 qui
624 3702 768 3775 credunt
792 3702 827 3772 in
853 3722 941 3772 eum.
993 3687 1020 3736 ⁴⁴
1035 3698 1159 3772 Adhuc
1184 3701 1346 3794 loquente
1372 3700 1473 3772 Petro
1499 3701 1607 3773 verba
1632 3702 1734 3787 haec,
1761 3701 1852 3772 ceci-

390 3823 439 3894 dit
465 3823 601 3916 spiritus
627 3834 765 3895 sanctus
793 3843 898 3916 super
924 3839 1046 3892 omnes
1073 3819 1130 3912 qui
1157 3820 1342 3893 audiebant
1366 3821 1520 3894 verbum.
1572 3810 1652 3892 33Ει
1674 3821 1852 3914 obstipue-

298 3985 300 3991 ·
391 3953 467 4014 runt
492 3965 538 4014 ex
564 3943 820 4014 circumcisione
846 3941 968 4014 fideles
994 3939 1051 4032 qui
1076 3951 1242 4012 venerunt
1267 3963 1344 4012 cum
1371 3941 1490 4027 Petro,
1518 3941 1597 4034 quia
1623 3951 1658 4012 ει
1682 3943 1716 4013 in
1740 3943 1852 4012 natio-

390 4084 453 4134 nes
487 4063 596 4154 gratia
631 4063 767 4156 spiritus
800 4061 907 4132 sancti
939 4060 1046 4132 effinse
1079 4071 1149 4132 cst:
1194 4049 1419 4134 ⁴⁶audiebnnt·
1450 4062 1539 4134 enim
1573 4061 1648 4133 illos
1673 4062 1852 4154 loquentes

390 4182 511 4276 linguis
537 4193 572 4254 et
597 4183 856 4276 magnificantes
882 4180 995 4253 deum.
1039 4169 1065 4218 33
1082 4181 1175 4252 Tunc
1200 4181 1380 4275 respondit
1395 4182 1514 4254 Petrus
1531 4180 1702 4275 Numquid
1727 4203 1852 4275 aquam

389 4304 465 4396 quis
491 4281 676 4396 prohibere
701 4311 816 4396 potest
840 4312 877 4374 ut
902 4323 971 4374 non
995 4301 1207 4396 baptizentur
1233 4301 1267 4372 hi
1299 4303 1357 4396 qui
1389 4303 1542 4397 spiritum
1567 4310 1721 4374 sanctum
1748 4323 1851 4374 aocc-

389 4433 513 4517 perunt
546 4425 632 4494 sicut
663 4433 699 4494 et
731 4425 818 4494 nos‘l
868 4411 894 4460 33
911 4423 952 4492 Ει
983 4421 1080 4494 iussit
1112 4443 1175 4492 eos
1201 4423 1398 4494 innomine
1430 4425 1508 4495 lesu
1535 4421 1653 4494 Christi
1678 4422 1851 4516 baptizari.

390 4545 483 4617 Tunc
509 4554 716 4638 rogaverunt
741 4567 818 4617 eom
846 4554 883 4616 ut
908 4552 1084 4616 manerent
1109 4543 1238 4636 aliquot
1262 4543 1393 4616 diebus.

1090 4821 1142 4891 xl.

464 5023 681 5104 ⁴Audierunt
715 5041 829 5103 autem
865 5017 1009 5124 apostoli
1046 5039 1081 5100 ot
1114 5030 1236 5100 iratres
1268 5028 1325 5121 qui
1357 5037 1452 5100 erant
1477 5027 1511 5096 in
1538 5025 1665 5098 Iudaea
1692 5026 1852 5120 quoniam

392 5161 423 5220 ot
458 5161 581 5244 gentes
621 5164 825 5245 receperunt
861 5152 1005 5223 uerbum
1044 5148 1110 5220 dei.
1169 5139 1283 5219 ²Cum
1323 5147 1537 5222 ascendisset
1561 5157 1691 5242 autern
1734 5147 1853 5216 Petrus

951 5271 990 5354 X,
1019 5273 1066 5345 29
1098 5309 1142 5322 -
1170 5269 1222 5352 xl,
1249 5271 1281 5341 2.
