4146 6120
385 405 457 472 336
730 402 910 469 culmis
936 403 1139 467 erumnae
1165 405 1216 466 no
1243 405 1459 468 ruornnun
1485 407 1504 468 ι.
1659 381 1664 394 '

479 610 560 680 XVI.
587 611 638 678 De
664 610 755 680 veris
780 609 908 693 dduis,
937 620 971 679 et
997 609 1042 680 de
1069 609 1181 681 viduis
1207 609 1295 680 filios
1321 611 1376 679 veI
1402 620 1549 703 nepotes
1575 609 1788 682 habentibus.

460 731 554 800 XVII.
582 731 632 799 De
658 729 770 800 viduIs
796 729 1135 801 adolescentioribus.

452 851 558 920 XVIII.
585 851 637 919 De
662 847 821 920 fidelibus
846 849 969 922 viduas
995 849 1209 920 habentibus.

472 971 554 1039 XIII.
582 971 634 1041 De
659 969 893 1063 praesbyteris
918 969 1216 1062 praecedentibus,
1244 971 1395 1040 maxime
1421 969 1655 1041 laborantibus
1688 970 1851 1044 doctrina.

484 1091 555 1160 XX.
582 1091 633 1159 De
659 1085 931 1160 'accusationem
958 1089 1127 1160 adversus
1154 1089 1321 1160 manrem
1347 1100 1437 1160 natu.

474 1211 557 1280 XXI.
583 1211 635 1280 De
661 1209 883 1302 peccantibus
910 1207 1046 1301 publice
1072 1207 1304 1301 corripiendis.

457 1331 555 1401 XXII.
585 1331 634 1400 De
659 1329 840 1400 traditione
868 1329 1057 1421 apostolica
1082 1351 1152 1400 non
1178 1331 1396 1402 transeunda.

449 1453 559 1524 XXIII.
586 1451 637 1520 De
663 1450 819 1522 manibus
845 1471 915 1519 non
940 1457 1071 1520 temere
1098 1448 1322 1542 inponendo,
1350 1461 1386 1522 et
1410 1451 1613 1524 abstinentia
1630 1461 1849 1544 peccatorum

585 1571 789 1644 alienorum:
825 1579 860 1640 et
901 1567 996 1659 quod
1042 1561 1267 1655 'Infirmibus,
1306 1571 1369 1640 etsi
1405 1579 1483 1642 ante
1513 1565 1769 1656 abstinuerint,
1804 1573 1849 1642 uti

582 1691 663 1760 vino
689 1690 825 1760 modico
851 1689 960 1758 liceat.

433 1811 554 1880 XXIIII.
581 1812 632 1880 De
659 1807 829 1904 ’peccatis
856 1807 1084 1900 quorumdam
1102 1809 1288 1880 manifestis
1314 1811 1369 1880 vel
1396 1810 1849 1914 subsequentibus-simili-

584 1941 636 2001 ter
663 1940 697 2001 et
723 1927 907 2023 ‘operibus
932 1927 1043 2000 bonis.

433 2052 554 2120 XXV.
582 2052 633 2122 De
660 2051 778 2122 servis.

441 2171 553 2242 XXVI.
580 2173 631 2242 Dc
673 2171 912 2244 seductoribus
952 2191 993 2240 ac
1033 2167 1234 2239 doctoribus
1268 2168 1361 2238 falsis
1394 2181 1428 2240 et
1467 2171 1512 2241 ab
1548 2171 1599 2240 eis
1633 2172 1850 2264 separatione
1901 2260 1904 2268 ,

583 2300 789 2362 sanctorum.

432 2411 558 2482 XXVII.
585 2413 637 2480 De
663 2410 863 2482 sufficientia
888 2419 923 2480 et
949 2409 1101 2480 avaritia.

406 2515 552 2602 XXVHI.
579 2532 631 2600 De
656 2530 778 2600 institia
804 2540 839 2600 et
865 2528 1023 2600 omnibus
1048 2527 1237 2600 virtutibus.

437 2651 552 2721 XXIII.
578 2651 630 2721 De
656 2650 815 2722 divitibus
842 2650 938 2719 istius
964 2649 1100 2720 sacculi.

457 2767 556 2842 XXX.
584 2771 636 2841 De
662 2770 850 2864 prophanis
876 2769 1082 2840 novitatibus
1107 2789 1242 2840 vocum.

893 2935 1115 2999 EXPLICIUN'I
1140 2935 1332 3000 CAPITULA.
