4220 6124
368 403 441 473 29⁰
818 404 998 468 urrsruun
1024 403 1076 466 nu
1103 405 1328 466 cumoculos
1355 373 1412 466 us

527 509 545 516 -ι-
558 510 563 515 -
587 509 805 518 0—u.a.--—·—-
811 511 1001 520 ——·-—-—-—
1398 509 1631 518 -fflt--a-q
1641 509 1691 516 -......
1698 509 1837 518 —----——-

367 607 540 692 iniuriam,
571 623 637 678 nec
663 615 803 701 propter
829 629 908 678 cum
943 609 1001 701 qui
1026 629 1150 701 passus
1177 619 1246 694 est,
1275 609 1340 680 sed
1367 609 1414 681 ad
1438 607 1722 680 manifestandam
1749 607 1842 678 solli-

368 727 550 800 citudiuem
582 738 734 799 nostram
769 749 871 820 quam
905 749 971 822 pro
997 729 1098 800 vobis
1126 730 1293 802 habmuus
1321 751 1440 801 curam
1473 727 1553 799 deo.
1606 717 1631 764 ¹³
1647 727 1730 800 ldeo
1757 749 1842 798 cou-

369 848 468 918 solati
509 867 642 918 sumus:
684 849 717 918 iu
750 849 985 920 consolatione
1025 858 1138 920 autem
1173 825 1290 921 uestra
1326 848 1555 922 abuudantius
1589 848 1699 940 magis
1731 849 1841 940 gavisi

369 989 486 1050 sumus
519 989 624 1060 super
656 967 819 1061 gaudium
856 967 938 1054 Titi,
974 970 1053 1062 quia
1087 972 1236 1056 reiectus
1263 981 1318 1042 est
1343 969 1482 1064 spiritus
1509 967 1584 1038 eius
1611 969 1656 1040 ab
1683 968 1842 1038 omnibus

369 1089 486 1172 voltis3
530 1076 608 1158 ⁴⁴et
634 1089 663 1158 si
690 1088 774 1180 quid
800 1087 894 1181 apud
919 1088 1008 1159 illum
1038 1089 1083 1160 de
1108 1091 1210 1162 vobis
1236 1091 1402 1183 gloriatus
1429 1111 1524 1174 sum,
1555 1109 1625 1159 uou
1652 1108 1729 1160 sum
1756 1109 1841 1159 con-

368 1211 477 1292 lu'sus,
514 1206 578 1278 sed
613 1207 698 1277 sicut
729 1207 843 1278 omnia
878 1208 978 1278 vobis
1010 1211 1044 1280 iu
1078 1210 1219 1281 veritate
1252 1211 1355 1282 locuti
1387 1232 1523 1294 sumus,
1551 1209 1596 1280 ita
1623 1218 1659 1280 et
1684 1208 1841 1301 gloriatio

368 1337 487 1400 nostra
513 1347 604 1419 quae
629 1328 689 1397 luit
715 1325 761 1398 ad
787 1328 897 1397 Titum
924 1330 1051 1399 veritas
1077 1331 1165 1403 lacta
1193 1340 1255 1402 est
1290 1323 1369 1400 15Εῑ
1395 1331 1531 1402 viscera
1558 1329 1632 1400 eius
1659 1319 1840 1400 abimdau-

368 1451 433 1520 tius
459 1449 493 1520 in
519 1469 584 1520 vos
611 1457 703 1531 sunt,
736 1447 983 1518 reminiscentis
1009 1449 1160 1520 omnium
1186 1459 1338 1522 vestrum
1366 1449 1632 1534 oboedientiam,
1660 1449 1840 1541 quoorodo

369 1592 444 1640 cum
487 1569 608 1638 timore
641 1578 675 1638 et
710 1577 860 1638 nenrore
896 1570 1082 1662 excepistis
1117 1591 1205 1641 eum.
1259 1563 1286 1608 ’θ
1302 1569 1446 1640 Gaudeo
1482 1568 1577 1662 quod
1612 1571 1644 1638 io
1680 1568 1840 1640 omnibus

243 1717 247 1739 ·
369 1690 505 1761 conlido
533 1689 567 1758 iu
593 1688 702 1758 vobis.

1066 1967 1151 2036 Vnt·

446 2161 657 2241 ⁴l²¹lNotam
684 2179 798 2241 autem
833 2169 975 2239 iacimus
1002 2171 1116 2256 vobis,
1143 2173 1281 2254 tratrcS,
1310 2171 1454 2260 gratiam
1481 2168 1538 2241 dei
1564 2189 1652 2262 quac
1680 2167 1761 2239 data
1788 2179 1841 2238 cst

369 2293 402 2361 iu
429 2290 584 2360 ecclesiis
610 2289 872 2372 Machedoniue,
916 2283 1041 2381 ’quod
1068 2292 1101 2360 in
1128 2291 1233 2360 multo
1260 2290 1501 2382 experimento
1529 2287 1751 2358 tribulationis
1775 2288 1838 2358 ab·

368 2410 529 2482 undantia
556 2409 659 2502 gaudi
687 2409 838 2502 ipsorum
865 2419 899 2477 et
925 2409 1301 2503 altissimapaupertas
1328 2429 1448 2479 eorum
1476 2408 1664 2480 abundavit
1690 2408 1723 2477 in
1750 2407 1838 2478 divi-

255 2555 256 2560 *
368 2532 431 2602 tias
464 2529 684 2622 simplicitatis
719 2534 855 2612 eorum,
906 2523 1016 2620 ³quia
1053 2529 1240 2602 secuudum
1281 2530 1460 2614 virtutem,
1504 2528 1735 2602 testimonium
1765 2529 1838 2598 ·illis

255 2669 261 2710 τ
368 2650 495 2734 reddo,
532 2658 568 2718 et
593 2669 696 2740 supra
729 2648 889 2718 virtutem
923 2649 1100 2720 voluntarii
1135 2650 1284 2735 luerunt,
1328 2638 1432 2720 *cum
1468 2652 1573 2722 multa
1600 2648 1839 2720 exhortatione
1881 2725 1889 2742 ,

369 2771 595 2842 obsecrantes
622 2789 686 2840 nos
712 2767 856 2858 gratiam
884 2777 918 2838 et
944 2769 1286 2841 communicationem
1314 2771 1487 2842 ministerii
1515 2769 1610 2863 quod
1637 2769 1674 2840 fir
1699 2770 1733 2840 iu
1759 2789 1839 2840 san-

368 2900 460 2976 ctos,
503 2881 567 2959 ⁵et
592 2909 660 2958 nou
687 2887 773 2958 sicut
799 2889 1024 2980 speravimus,
1051 2889 1117 2960 sed
1144 2899 1256 2960 semet
1282 2890 1379 2983 ipsos
1398 2890 1571 2962 dederuut
1598 2889 1746 2984 primum
1772 2889 1839 2962 do·-

369 3011 474 3094 mioo,
510 3008 636 3081 deiude
672 3007 770 3080 uobis
803 3029 867 3101 per
900 3011 1108 3080 voluntatem
1136 3009 1211 3094 dei,
1257 3003 1329 3081 “ita
1355 3021 1393 3082 ut
1418 3030 1623 3102 rogaremus
1650 3010 1777 3092 Titum,
1805 3021 1841 3080 ut

368 3128 660 3224 quemadmodum
701 3127 816 3220 coepit
854 3128 900 3199 ita
940 3139 975 3200 et
1015 3129 1169 3223 perficiat
1197 3130 1231 3200 in
1271 3131 1372 3204 vohis
1412 3131 1515 3202 etium
1550 3131 1695 3222 gratiam
1729 3130 1838 3200 istam.

367 3241 446 3297 W)
464 3249 535 3320 Sed
560 3249 649 3320 sicut
673 3248 706 3318 iu
733 3248 893 3320 omnibus
919 3249 1111 3335 abundatis,
1138 3249 1208 3322 lide
1235 3242 1272 3321 e't
1297 3270 1458 3322 sermone
1485 3261 1519 3322 et
1537 3251 1676 3330 scientia
1695 3260 1730 3322 et
1748 3251 1839 3322 omui

369 3369 603 3453 sollicitudine,
631 3365 793 3461 'iusuper
820 3379 854 3439 et
880 3370 1019 3442 caritate
1046 3379 1162 3442 restra
1188 3372 1221 3441 io
1248 3392 1330 3456 uos,
1365 3382 1402 3442 ut
1427 3381 1463 3444 et
1488 3372 1521 3442 in
1549 3372 1613 3444 hac
1639 3371 1748 3463 gratia
1775 3372 1839 3442 ab·

368 3489 510 3562 nudetis.
554 3482 661 3560 8Non
687 3489 784 3581 quasi
811 3489 986 3584 imperans
1008 3491 1096 3575 dicu,
1124 3491 1188 3563 scd
1214 3513 1278 3584 per
1296 3492 1439 3564 aliorum
1458 3491 1716 3564 sollicitudiuem
1736 3492 1838 3562 etium

241 3661 244 3670 ,
367 3621 503 3682 vestrae
543 3591 692 3681 caritatis
720 3605 912 3701 'ingenium
946 3611 1076 3682 bouum
1110 3611 1358 3704 comprobans:
1407 3604 1532 3684 ⁹scitis
1572 3613 1660 3682 euim
1694 3613 1839 3704 gratiam

368 3730 496 3802 domiui
523 3730 629 3801 nostri
656 3729 731 3800 lesu
759 3729 888 3815 Christi,
916 3731 1077 3824 quoniam
1104 3741 1247 3825 propter
1272 3753 1337 3803 vos
1365 3752 1495 3823 egenus
1530 3735 1638 3804 lactus
1664 3742 1734 3816 est,
1762 3752 1839 3802 cum

367 3861 461 3922 esset
486 3849 600 3933 dives,
634 3859 670 3919 ut
704 3849 790 3922 illius
816 3847 931 3942 iuopia
964 3872 1029 3922 vos
1063 3849 1187 3922 divites
1213 3851 1345 3924 essetis.
1398 3843 1424 3888 ¹⁰
1441 3852 1483 3922 Et
1509 3853 1687 3924 consilium
1711 3852 1746 3922 iu
1772 3851 1840 3921 hoc

367 3969 432 4041 do:
459 3971 527 4041 hoc
553 3969 642 4041 euim
668 3969 769 4042 vobis
796 3970 875 4042 utile
903 3979 964 4052 est,
992 3969 1048 4062 qui
1074 3993 1143 4042 noo
1171 3971 1281 4044 solum
1308 3973 1423 4041 lacere
1450 3973 1515 4044 sed
1541 3983 1576 4043 et
1602 3973 1691 4044 velle
1717 3971 1836 4063 coepi-

366 4091 426 4162 stis
453 4090 498 4162 ab
525 4111 614 4162 auno
648 4090 778 4182 priore:
830 4081 852 4124 ⁴¹
872 4112 962 4162 nuuc
992 4111 1078 4162 vero
1106 4101 1140 4162 et
1165 4092 1254 4162 lacto
1287 4090 1457 4184 perficite,
1485 4101 1522 4162 ut
1548 4091 1838 4182 quemadmodum

367 4206 541 4304 'promtus
567 4219 621 4283 est
645 4211 776 4282 animus
803 4211 992 4295 voluntatis,
1020 4211 1064 4282 ita
1091 4211 1134 4282 sit
1160 4222 1195 4282 et
1219 4210 1419 4304 perficiendi
1446 4231 1493 4282 ex
1520 4228 1564 4282 eo
1583 4211 1679 4304 quod
1696 4209 1839 4284 nabes.

365 4323 391 4370 ¹²
408 4332 442 4402 Si
469 4333 560 4403 euim
592 4331 750 4403 voluutas
782 4339 943 4423 prompta
977 4341 1046 4416 est,
1075 4331 1262 4402 secuudum
1291 4331 1326 4403 id
1353 4331 1449 4424 quod
1475 4331 1581 4403 habet
1606 4341 1750 4424 accepta
1777 4340 1839 4414 est,

365 4473 432 4523 uuo
461 4452 651 4524 secuudum
678 4451 773 4542 quod
798 4473 868 4522 nou
895 4450 1008 4522 hahet.
1061 4443 1175 4522 13Νοη
1202 4452 1292 4522 euim
1319 4462 1356 4522 ut
1382 4448 1476 4522 'aliis
1503 4453 1547 4522 sit
1571 4451 1746 4536 remissio,
1773 4471 1840 4522 vo-

366 4572 419 4642 bis
446 4582 560 4644 autem
587 4571 767 4656 tribulatio,
794 4571 859 4644 sed
886 4579 921 4642 et
947 4591 993 4640 ex
1020 4571 1245 4663 aequalitate:
1289 4562 1315 4610 ⁴⁴
1331 4572 1364 4642 iu
1391 4573 1564 4666 praesenti
1591 4582 1749 4665 tempore
1777 4591 1839 4640 ve·
1889 4665 1897 4676 Ι

366 4704 436 4764 stra
462 4692 670 4765 abundantia
696 4693 828 4768 illorom
855 4691 1004 4783 inopiam
1023 4691 1188 4785 suppleat,
1216 4702 1254 4762 ut
1271 4701 1306 4762 et
1323 4692 1457 4764 illorum
1476 4691 1685 4764 abundantia
1702 4699 1840 4761 vestrae

366 4813 503 4908 inopine
536 4813 578 4885 sit
611 4799 902 4907 supplementum,
937 4821 974 4882 ut
1004 4811 1063 4884 fiat
1098 4813 1302 4904 aequalitas,
1348 4803 1374 4848 ⁴⁵
1391 4812 1478 4883 sicut
1504 4811 1667 4904 scriptum
1695 4821 1748 4882 est
1775 4811 1840 4895 Qui

365 4935 516 5019 multum,
543 4955 612 5006 nou
639 4933 832 5018 abundavit,
860 4941 895 5002 et
921 4932 978 5024 quii
1005 4931 1188 5016 modicum,
1216 4952 1285 5004 nou
1313 4931 1501 5004 minoravit.
1535 4921 1561 4966 ¹⁶
1575 4931 1708 5004 Gratius
1726 4941 1840 5002 autem

366 5053 444 5138 deo,
472 5055 528 5147 qui
556 5055 653 5128 dedit
678 5053 824 5126 eandem
844 5052 1102 5124 sollicitudinem
1121 5074 1186 5145 pro
1203 5050 1305 5124 vobis
1324 5053 1358 5123 iu
1381 5053 1489 5124 corde
1508 5051 1589 5136 Titi,
1633 5045 1659 5088 ¹⁷
1677 5050 1840 5144 quonium

366 5172 640 5246 exlrortatiouem
676 5172 815 5265 quidem
843 5173 1007 5266 suscepit,
1043 5171 1107 5244 sed
1135 5191 1214 5244 cum
1241 5172 1415 5246 sollicitior
1442 5179 1545 5256 esset,
1576 5188 1638 5244 sua
1666 5172 1840 5244 voluntate

903 5293 961 5378 Vll,
994 5295 1037 5362 13
1073 5331 1111 5342 -
1142 5293 1218 5376 Vlll‚
1251 5287 1305 5366 ll.
