4102 6128
814 391 1111 456 rnouscmmru
1636 425 1712 476 nv

375 492 868 508 „fflffl——Q—-Q
1130 501 1651 522 ——-...——--—---—-

911 715 996 785 XVl.

296 921 381 992 Post
404 926 532 990 textum
559 915 604 986 de
630 918 1037 1008 praefationibus,
1066 925 1349 1012 argumentis,
1379 933 1597 1024 capitulis,
1625 961 1716 1035 quae

199 1045 233 1114 in
262 1042 387 1113 codice
412 1036 576 1108 Amiatino
603 1042 693 1118 sunt,
722 1033 929 1106 dicendum
957 1049 1023 1110 est.

297 1159 494 1255 Epistula
525 1151 783 1246 Hieronymi
816 1152 880 1222 ad
917 1177 1051 1252 papam
1083 1159 1273 1234 Damasum
1308 1165 1355 1238 de
1387 1145 1715 1256 bibliorum‘iuter-

199 1283 401 1380 pretatione
427 1279 490 1351 sibi
516 1275 728 1349 demandata
754 1269 852 1342 satis
886 1285 978 1348 uota
1005 1299 1185 1371 saepeque
1210 1284 1302 1378 typis
1329 1308 1500 1384 expressa
1527 1307 1590 1371 est.
1641 1305 1721 1380 Non

199 1407 333 1478 desunt
367 1402 490 1496 quibus
524 1397 715 1470 Amiatinus
740 1399 876 1464 textus
910 1415 929 1465 a
958 1398 1098 1492 reliquls
1127 1397 1279 1489 diderat,
1308 1406 1387 1478 licet
1413 1434 1484 1484 non
1511 1417 1638 1514 ubique
1664 1429 1720 1498 vi.

198 1526 330 1597 deatur
355 1545 478 1594 verum
505 1531 633 1592 tenere.

254 1637 257 1646 '
299 1641 624 1714 Praelationes
651 1637 702 1708 ad
727 1638 949 1730 'singulos
985 1641 1300 1732 evangelistas
1333 1649 1465 1740 pariter
1495 1674 1537 1724 ae
1561 1662 1716 1750 prolo-

199 1786 285 1856 gus
313 1763 354 1832 in
382 1761 614 1854 evangelia
641 1765 846 1850 quattuor
874 1759 944 1830 iam
973 1761 1008 1830 in
1035 1761 1213 1834 veteribus
1226 1761 1413 1837 bibliorum
1432 1769 1612 1845 latinorum
1633 1754 1730 1850 edi?

199 1881 368 1966 tionibus,
396 1882 492 1952 utin
518 1879 674 1952 editione
701 1877 829 1949 Veneta
859 1899 889 1948 a.
922 1883 937 1950 l
947 1877 1044 1963 t83,
1074 1879 1130 1951 edi
1158 1881 1335 1954 solebant:
1369 1887 1401 1956 in
1439 1889 1592 1964 editione
1619 1917 1711 1990 ope-

200 2027 280 2076 rum
325 2001 526 2094 Hieronymi
570 1997 784 2070 vallarsiano
826 2017 897 2078 non
941 1998 1121 2070 habentur.
1182 2003 1252 2075 Has
1285 2007 1520 2097 praefationes
1554 2011 1710 2105 inprimis

201 2143 414 2216 comparare
446 2121 540 2192 iuvat
575 2141 656 2190 cum
693 2116 793 2188 editis
826 2137 847 2187 a
879 2117 984 2188 Petro
1018 2117 1201 2194 Sabatario
1236 2123 1270 2193 in
1302 2125 1490 2197 Bibliorum
1526 2151 1708 2210 sacrorum

200 2241 317 2315 latinis
344 2239 564 2312 versionibus
592 2237 741 2330 antiquis
767 2245 848 2306 tom.
876 2236 926 2305 lll.
953 2233 1090 2309 Parisiis
1120 2233 1228 2313 1751.

300 2363 386 2432 Item
413 2369 676 2452 argumenta
705 2356 995 2449 epistularum
1021 2356 1446 2435 Pauli-catholicarum
1464 2367 1555 2438 nulla
1574 2381 1699 2442 sunt—

201 2483 340 2558 dudum
368 2481 596 2551 innotuerunt.
651 2479 769 2570 Saepe
794 2475 988 2549 Amiatinus
1022 2483 1138 2550 textus
1169 2489 1262 2551 tanta
1296 2503 1383 2574 prae
1417 2486 1542 2556 ceteris
1569 2489 1703 2586 simpli-

203 2607 310 2678 citate
338 2611 393 2672 est
409 2609 446 2671 ut
462 2599 553 2671 idem
574 2597 832 2691 antiquissimus
850 2597 899 2669 sit
917 2593 1118 2667 habendus:
1145 2597 1440 2691 quemadmodum
1460 2621 1700 2696 argumentum

203 2723 376 2820 epistulae
403 2719 448 2791 ad
475 2720 701 2792 Colossenses
729 2717 781 2788 his
808 2715 936 2790 verbis
963 2716 1034 2787 exit
1060 2739 1137 2808 erpo¹
1156 2721 1316 2808 apostolus
1349 2726 1417 2793 tam
1450 2725 1564 2813 lipotus
1594 2734 1704 2802 16111111

204 2852 249 2917 eis
275 2847 316 2915 ab
345 2843 482 2934 Epheso,
516 2839 655 2912 codices
682 2858 768 2909 vero
802 2839 905 2932 lique
937 2847 1075 2909 veteres
1110 2839 1203 2932 apud
1234 2841 1256 2910 l.
1281 2841 1325 2911 M.
1353 2841 1606 2941 Thomasium⁴)
1634 2851 1700 2922 ad-

205 2969 291 3040 dunt
326 2985 389 3056 per
434 2962 588 3029 Ticbicum
618 2961 796 3043 diaconem,
837 2961 971 3053 aliique
1003 2959 1143 3053 insuper
1177 2971 1206 3028 et
1241 2961 1421 3031 Onesimum
1454 2965 1626 3035 Autolitum
1659 2973 1700 3038 ab

206 3091 284 3158 urbe
311 3083 427 3155 Roma.

304 3205 475 3293 Prologus
507 3201 555 3274 ud
589 3211 687 3272 actus
720 3201 962 3292 apostolorum
997 3199 1031 3270 in
1054 3199 1234 3270 ¹rlmiatino
1276 3199 1398 3272 codice
1437 3226 1508 3276 non
1543 3207 1699 3280 habetur.

209 3328 350 3421 Duplex
377 3320 490 3393 editus
524 3329 579 3391 est
611 3321 646 3391 in
676 3319 863 3391 bibliorum
895 3321 1076 3392 latinorum
1112 3318 1263 3391 editione
1296 3320 1429 3394 Veneta
1463 3343 1493 3395 a.
1528 3326 1637 3398 1183.
1665 3341 1701 3400 61

213 3446 302 3520 alibi.
356 3441 480 3534 Neque
506 3440 618 3533 magis
645 3439 847 3534 apocalypsi
874 3439 1060 3533 quidquam
1089 3439 1260 3528 eiusmodi
1276 3445 1505 3534 praemissum
1525 3456 1587 3517 est.
1613 3445 1699 3518 Edi-

215 3568 265 3640 dit
289 3584 376 3636 vero
405 3583 452 3632 ex
484 3561 638 3656 pluribus
671 3557 866 3644 codicibus,
898 3561 1073 3633 veteribus
1107 3559 1245 3653 quidem
1281 3562 1346 3635 sed
1377 3562 1549 3637 Amiatino
1575 3577 1699 3660 poste-

215 3687 383 3769 rioribus,
414 3681 581 3776 prologos
614 3678 834 3772 apocalypsis
866 3679 889 3748 l.
916 3679 958 3750 Μ.
987 3680 1190 3752 Thomasius
1217 3683 1237 3752 l.
1264 3683 1284 3753 l.
1311 3707 1345 3778 p.
1381 3679 1464 3756 171.
1491 3695 1526 3758 61
1551 3709 1585 3780 p.
1614 3689 1698 3760 381.

309 3805 419 3876 Ρο11ο
448 3801 647 3895 capitula
673 3798 746 3870 sive
771 3798 899 3870 breves
924 3801 957 3870 in
985 3785 1108 3872 codice
1133 3798 1304 3872 Amiatino
1339 3802 1479 3896 singulis
1513 3806 1602 3880 Novi
1629 3809 1698 3880 Te-

218 3923 377 4000 stamenti
416 3922 510 3994 libris
552 3919 726 3998 omnibus,
767 3929 915 4020 excepta
950 3921 1167 4014 apocalypsi,
1201 3921 1393 4013 praemissa
1428 3937 1515 3996 sunt.
1568 3927 1726 3998 Horum·

218 4067 308 4139 quae
341 4041 395 4114 ad
430 4040 664 4134 evangelia
697 4049 868 4132 spectant,
903 4041 938 4111 in
971 4062 1106 4112 summa
1138 4041 1187 4113 rei
1221 4062 1291 4112 non
1316 4041 1456 4116 diversa
1481 4057 1560 4118 sunt
1587 4047 1632 4119 ab
1659 4047 1699 4120 iis

218 4187 309 4260 quae
342 4161 547 4234 Thomasius
579 4163 599 4231 l.
633 4162 653 4231 l.
679 4182 712 4253 p.
740 4156 904 4254 297sqq.
937 4183 971 4254 p.
1006 4163 1169 4254 303sqq.
1202 4183 1234 4255 p.
1273 4163 1346 4234 305
1361 4185 1436 4258 sqq.
1470 4187 1503 4259 p.
1532 4169 1600 4237 311
1622 4189 1697 4260 sqq.

217 4307 238 4358 e
266 4282 446 4355 codicibus
473 4282 544 4353 suis
570 4280 764 4374 publicavit.
814 4281 945 4353 Toxlus
971 4281 1004 4352 in
1032 4281 1192 4353 omnibus
1218 4291 1254 4354 et
1271 4281 1509 4356 Thomasianis'
1525 4296 1560 4357 et
1577 4297 1697 4359 nostro

216 4407 263 4476 ita
288 4403 400 4475 variat
425 4411 462 4472 ut
487 4423 574 4473 unus
600 4423 647 4474 ex
673 4401 781 4473 altero
807 4402 937 4495 passim
965 4401 1008 4472 sit
1034 4403 1270 4495 corrigendus.

309 4521 528 4617 Supplandae
545 4531 624 4594 sunt
639 4521 671 4592 h.
689 4522 709 4592 l.
728 4531 859 4593 notae
877 4531 1078 4615 quattuor
1094 4523 1334 4626 liturgicus
1352 4545 1443 4618 quas
1460 4525 1612 4619 capitulis
1628 4526 1696 4597 Lu-

219 4667 283 4717 cae
301 4653 336 4715 et
351 4643 510 4714 lobannis
528 4641 761 4734 antiquissima
779 4641 931 4734 quadam
947 4663 1051 4713 manu
1067 4641 1181 4715 nrbris
1197 4643 1317 4715 litteris
1334 4645 1510 4716 immixtae
1528 4655 1616 4717 sunt.
1641 4645 1697 4719 Ad

220 4773 323 4861 caput
349 4765 439 4835 enim
467 4763 580 4835 Lucae
605 4761 775 4833 LXXXIX.
803 4761 956 4835 additum
983 4773 1038 4833 est
1062 4787 1142 4854 qaue
1167 4765 1254 4832 lectio
1275 4778 1378 4855 potest
1403 4767 1536 4856 prolibat
1561 4777 1697 4858 tempore

476 4960 521 4968 ...—

306 5073 334 5150 1)
356 5071 412 5133 los.
432 5071 502 5132 llar.
525 5067 677 5130 Thomasii
699 5065 861 5130 cardinalis
883 5070 965 5151 Opp.
986 5068 1098 5130 omnia.
1120 5069 1153 5130 Τ.
1175 5067 1196 5129 1.
1218 5069 1376 5134 conducas
1398 5087 1558 5134 sacrorum
1584 5070 1694 5134 biblio-

222 5195 290 5238 rum
311 5182 434 5236 vetores
455 5171 577 5250 titulos,
605 5170 758 5233 sectiones
791 5179 848 5233 ete
876 5169 926 5234 Ad
953 5187 1025 5232 mss.
1055 5167 1146 5232 codd.
1175 5171 1330 5234 recensuit
1356 5172 1497 5253 notisque
1520 5175 1606 5238 auxit
1625 5171 1694 5238 Ant.

221 5281 327 5341 Franc.
347 5275 480 5340 Vezzosi.
501 5275 615 5336 Romae
638 5271 730 5334 t7t7.

1372 5386 1393 5448 d
