4146 6120
730 331 908 395 EPISTULA
933 329 985 394 ΑΙ)
1012 329 1211 398 HEBRAEOS
1640 337 1706 405 36f
1834 344 1837 350 '

230 541 382 614 minister
408 548 443 611 et
468 495 681 610 tabemaculi
703 536 793 621 veri,
829 535 924 629 quod
950 533 1024 605 lixit
1050 534 1209 606 dominus
1236 545 1271 605 et
1295 555 1364 606 non
1391 534 1515 609 homo.
1567 533 1586 606 ³.
1598 541 1716 616 Omnis

230 661 334 733 enim·
346 659 501 754 pontifex
528 657 574 732 ad
600 657 779 730 offerenda
804 675 946 727 munera
973 665 1008 726 et
1033 655 1164 726 hostias
1189 654 1420 740 constituitur;
1450 659 1544 731 unde
1568 683 1713 736 necesse
1828 657 1832 665 “
1947 745 1950 754 .

230 803 310 853 esse
336 789 371 852 et
396 780 486 852 hunc
512 769 644 851 h'abere
670 776 794 871 aliquid
821 775 917 870 quod
943 775 1073 846 oderat.
1117 764 1178 848 *si
1205 797 1291 869 ergo
1318 787 1418 846 esset
1447 793 1711 874 superterram,

230 923 295 974 nec
328 911 421 973 esset
454 898 638 985 sacerdos,
675 919 753 969 eum
780 905 897 968 essent
923 895 980 987 qui
1007 893 1169 968 offerrent
1195 895 1387 968 seeundum
1415 897 1531 991 legem
1550 923 1708 988 munera,

229 1016 318 1115 ⁵qui
352 1021 543 1114 exemplari
574 1029 609 1092 et
639 1019 783 1090 umbrae
810 1015 1009 1090 deserviunt
1040 1016 1256 1102 caelestium,
1296 1015 1384 1090 sicut
1418 1039 1623 1112 responsum
1656 1033 1710 1093 est

229 1143 327 1228 Most,
355 1163 432 1213 eum
451 1147 705 1213 consummaret
724 1136 979 1209 tabernaculum
996 1135 1092 1220 Vide,
1119 1135 1233 1230 inquit,
1261 1136 1377 1208 omnia
1394 1137 1497 1210 facito
1518 1141 1707 1212 secundum

231 1263 411 1356 exemplar
437 1259 616 1354 quodtihi
644 1269 821 1331 ostensum
847 1257 962 1328 estin
987 1263 1121 1327 monte:
1160 1249 1280 1328 ⁶nunc
1306 1267 1421 1328 autem
1452 1259 1573 1330 melius
1604 1261 1706 1330 sorti-

230 1393 285 1454 tus
312 1391 365 1454 est
389 1379 621 1464 ministerium,
649 1388 777 1472 quamn
804 1385 839 1448 et
864 1375 1016 1448 melioris
1042 1376 1238 1448 testamenti
1264 1375 1436 1448 mediator
1462 1394 1524 1463 est,
1552 1380 1647 1471 quod
1673 1381 1708 1450 in
1790 1423 1793 1432 ·

230 1502 430 1574 melioribus
455 1499 782 1594 repromissionibus
809 1491 983 1568 'sanctum
1010 1509 1071 1567 est.
1120 1487 1191 1542 ΝΠ)
1208 1495 1296 1568 Nam
1324 1495 1354 1566 si
1379 1495 1459 1568 illud
1486 1499 1581 1591 prius
1608 1499 1709 1593 culpa

230 1631 406 1706 vacasset,
440 1641 511 1692 non
542 1621 659 1712 utique
690 1617 833 1690 secundi
862 1618 960 1688 locus
985 1615 1219 1709 inquireretur.
1271 1607 1500 1708 ⁸Vituperans
1528 1620 1617 1690 enim
1644 1641 1708 1691 eos

231 1743 312 1815 dicit
336 1741 427 1814 Ecce
454 1740 530 1812 dies
557 1739 712 1825 veniunt,
747 1738 828 1811 dicit
862 1737 1040 1822 dominus,
1076 1747 1112 1808 et
1143 1735 1395 1808 consummabo
1429 1758 1546 1832 super,
1564 1739 1707 1810 domum

229 1862 360 1935 Israhel
386 1871 422 1932 et
447 1880 551 1954 super
577 1859 720 1931 domum
746 1857 831 1930 luda
857 1865 1096 1934 testamentum
1124 1879 1270 1941 novrnn,
1310 1847 1406 1928 ⁹non
1438 1859 1627 1930 secundum
1654 1869 1707 1931 te-

231 1991 436 2054 stamentum
471 1979 567 2074 quod
600 1979 665 2052 feci
696 1979 851 2074 patribus
885 1998 1006 2050 eorum
1040 1979 1074 2048 in
1106 1977 1163 2050 die
1197 1999 1266 2070 qua
1299 1975 1537 2072 adpraehendi
1568 1971 1707 2051 manum

230 2103 363 2175 illorum
390 2111 427 2172 ut
453 2099 639 2172 educerem
665 2101 740 2173 illos
768 2100 814 2172 de
840 2107 932 2168 terra
957 2096 1122 2193 Aegypti,
1157 2096 1318 2190 quoniam
1351 2097 1416 2192 ipsi
1451 2119 1519 2170 non
1545 2121 1707 2192 perman-

230 2231 349 2308 serunt
374 2222 409 2292 in
434 2230 640 2293 testamento
667 2241 767 2304 meo,
802 2229 837 2288 et
862 2237 930 2310 ego
956 2217 1094 2311 neglexi
1127 2237 1208 2301 eos,
1243 2215 1325 2288 dicit
1355 2215 1524 2290 dominus.
1577 2211 1603 2256 ⁴⁰
1621 2219 1707 2306 Quia

230 2343 298 2414 hcc
325 2351 567 2414 testamentum
594 2339 689 2433 quod
716 2337 898 2431 disponam
924 2337 1042 2410 domui
1066 2336 1194 2408 Israhel
1220 2347 1301 2430 post
1327 2336 1403 2408 dies
1428 2337 1513 2424 illos,
1542 2339 1622 2412 dicit
1640 2339 1706 2411 do-

229 2441 357 2547 minus',
386 2459 503 2534 dando
529 2461 626 2552 leges
652 2481 752 2530 meas
779 2457 819 2527 in·
838 2468 987 2530 mentem
1015 2479 1150 2541 eorum,
1184 2457 1277 2527 etin
1304 2456 1409 2527 corde
1436 2479 1557 2529 eorum
1583 2481 1706 2553 super-

231 2583 379 2654 scribam
407 2602 482 2666 eas,
516 2589 551 2651 et
576 2601 637 2651 ero
664 2579 775 2650 eisin
801 2577 922 2664 deum,
955 2589 989 2649 et
1014 2577 1079 2672 ipsi
1106 2585 1205 2648 erunt
1230 2577 1312 2648 mihi
1336 2577 1370 2647 in
1395 2579 1570 2671 populum.
1623 2571 1646 2614 ¹⁴
1665 2580 1707 2652 Et

228 2725 299 2774 non
326 2701 467 2775 docebit
491 2701 726 2794 unusquisque
753 2699 950 2792 proximum
976 2720 1075 2770 suum
1102 2705 1137 2767 et
1168 2697 1402 2790 unusquisque
1435 2699 1573 2771 fratrem
1608 2723 1707 2772 suum
1787 2747 1792 2758 ·

230 2823 350 2896 dicens
376 2823 556 2914 Cognosce
588 2819 782 2902 dominum,
816 2819 977 2911 quoniam
1010 2839 1132 2888 omnes
1166 2817 1275 2888 scient
1307 2839 1363 2888 me
1391 2841 1411 2888 a
1437 2820 1570 2891 minore
1596 2843 1706 2914 usque

231 2941 277 3012 ad
302 2942 470 3012 maiorem
497 2961 635 3024 eorum,
689 2933 715 2979 ¹¹
732 2938 812 3032 quia
837 2937 1004 3030 propitius
1030 2959 1092 3008 ero
1119 2936 1347 3029 iniquitatibus
1380 2957 1519 3023 eorum,
1554 2949 1588 3010 et
1619 2961 1705 3034 pec-

231 3067 385 3162 catorum
411 3059 546 3130 illorum
561 3085 566 3100 ⁴
580 3059 649 3128 iam
682 3079 752 3129 non
785 3058 1017 3128 memorabor.
1069 3048 1096 3094 ¹³
1111 3055 1265 3127 Dicendo
1300 3065 1413 3127 autern
1445 3078 1574 3130 novum
1606 3071 1705 3132 vete-

230 3177 318 3250 ravit
342 3178 452 3272 prius:
480 3177 575 3270 quod
602 3187 715 3248 autern
743 3175 935 3268 antiquatur
961 3187 1006 3247 et·
1022 3175 1185 3258 senescit,
1213 3197 1323 3268 prope
1349 3175 1518 3247 interitum
1545 3189 1607 3248 est.
1657 3237 1683 3288 ·.

932 3380 939 3411 l

945 3401 997 3471 lX.

306 3529 383 3586 ’(18)
399 3537 525 3609 Habuit
556 3537 697 3630 quidem
729 3549 765 3610 et
796 3537 890 3634 prius
922 3539 1178 3612 iustificationes
1205 3541 1355 3611 culturae
1383 3547 1417 3608 et
1443 3550 1597 3612 sanctum
1624 3563 1703 3613 sae-

231 3662 356 3732 culare.
408 3651 710 3730 ’Tabernaculum
743 3660 834 3730 enim
866 3659 991 3730 factum
1022 3671 1075 3732 est
1105 3661 1268 3755 primurn,
1303 3660 1337 3730 in
1366 3681 1436 3752 quo
1463 3661 1595 3732 inerant
1620 3683 1702 3734 can-

230 3781 382 3853 delebra·
399 3789 434 3852 et
459 3801 579 3852 mensa
605 3790 640 3850 et
665 3779 856 3874 propositio
870 3801 1028 3872 panum,
1057 3802 1147 3874 quae
1174 3779 1295 3852 dicium
1321 3791 1448 3852 saneta.
1501 3773 1615 3854 3Ροει
1639 3805 1702 3854 ve-

229 3904 416 3974 lamentum
443 3911 558 3974 numm
584 3900 773 3972 secundum
800 3900 1056 3973 tabernaculum
1083 3902 1178 3995 quod
1204 3901 1325 3973 dicitur
1352 3910 1701 3990 sanctasanctorum,

228 4016 397 4094 *aureum
430 4022 564 4094 habens
597 4021 779 4093 turibudum
815 4031 850 4091 et
883 4043 999 4092 arcam
1033 4022 1223 4094 testamenti
1257 4021 1510 4094 circumtectam
1538 4026 1702 4100 exomni

228 4153 328 4235 parte
354 4163 449 4227 auro,
476 4144 509 4213 in
536 4163 603 4236 qua
630 4137 717 4214 'una
742 4163 828 4214 urna
854 4163 960 4214 aurea
985 4142 1119 4214 habens
1144 4161 1269 4212 manna
1296 4152 1330 4212 et
1355 4143 1451 4235 virga
1468 4143 1586 4216 Aaron
1613 4157 1729 4238 quae·

229 4261 427 4334 fronduerat
452 4271 487 4331 et
512 4261 649 4333 tabulae
675 4263 887 4346 testamenti,
926 4255 1132 4357 ⁵superque
1166 4283 1243 4332 eam
1271 4261 1440 4333 Cherubin
1472 4265 1602 4356 gloriae
1635 4267 1701 4337 oh-

230 4381 421 4452 umbrantia
453 4381 740 4474 propitiatorium:
776 4381 822 4452 de
852 4383 977 4474 quihus
1009 4382 1118 4454 modo
1149 4403 1220 4454 non
1253 4389 1306 4452 est
1331 4381 1513 4455 dicendum
1539 4407 1604 4479 per
1630 4386 1700 4456 sin-

228 4501 317 4592 gula.
375 4491 465 4571 “nis
498 4521 583 4571 vero
615 4501 662 4572 ita
697 4501 897 4594 compositis
931 4502 965 4571 in
997 4503 1103 4597 priori
1135 4501 1274 4594 quidem
1308 4501 1529 4576 tabernaculo
1563 4525 1701 4600 semper

228 4621 413 4692 introibant
452 4621 654 4694 sacerdotes
695 4619 940 4693 sacrificiorum
983 4621 1093 4693 officia
1134 4631 1437 4694 consummantes:
1476 4613 1547 4672 Μ’)
1570 4627 1604 4695 in
1641 4647 1706 4696 se·¹

229 4741 344 4813 eundc
380 4751 494 4814 autem
532 4743 640 4813 semel
675 4741 709 4811 in
744 4761 834 4812 anno
870 4743 966 4812 solus
1000 4743 1155 4836 pontifex
1187 4762 1258 4812 non
1292 4741 1365 4812 siue
1399 4746 1567 4838 sanguine
1593 4767 1697 4838 quem

229 4860 329 4932 offert
361 4883 426 4954 pro
458 4883 522 4936 sua
555 4871 590 4932 et
622 4863 740 4955 populi
770 4863 981 4953 ignorantia,
1021 4854 1120 4934 ⁸hoc
1154 4861 1367 4955 significante
1408 4865 1527 4957 spiritu
1568 4875 1696 4951 saneto,

227 4981 381 5052 nondum
407 4983 622 5076 propalatam
650 5003 731 5054 esse
759 4991 956 5053 sanctorum
983 4983 1084 5068 viam,
1112 4982 1226 5055 adhuc
1247 4983 1363 5076 priore
1389 4983 1610 5057 tabernaculo
1633 4985 1697 5057 ha·
1760 5061 1766 5080 ,

226 5102 331 5174 bente
359 5111 495 5174 statum·
546 5095 675 5188 ⁹Quae
702 5103 867 5196 parabola
894 5105 1140 5198 esttemporis
1166 5104 1337 5189 instantis,
1366 5104 1461 5176 iuxta
1488 5127 1591 5198 quarn
1619 5130 1696 5178 mu-

790 5223 866 5308 Vlll,
881 5227 915 5294 .3
947 5265 990 5276 —
1010 5227 1071 5310 lx,
1101 5227 1133 5294 9.

1346 5345 1394 5422 te
