4220 6124
758 433 939 498 EPISTULA
964 431 1018 498 Ao
1045 430 1220 496 ohmrhs
1657 431 1727 502 30t

190 653 193 660 ·
245 639 280 710 Si
306 639 398 711 onim
425 635 506 708 data
533 645 628 709 esset
653 637 713 707 lex
739 655 831 728 quae
856 643 979 730 posset
1004 634 1194 721 vivificare,
1226 656 1310 707 vere
1338 635 1490 729 exlege
1517 646 1614 708 esset
1638 635 1734 708 iusti-

243 759 309 830 tia:
349 749 454 828 ”sed
479 755 648 827 conclusit
673 755 843 849 scriptura
871 754 987 828 omnia
1013 755 1079 826 sub
1105 765 1270 850 peccato,
1303 764 1341 826 ut
1371 756 1559 848 promissio
1592 776 1639 826 ex
1665 755 1736 827 lide

244 877 324 948 lesu
350 875 471 948 Christi
496 874 638 966 daretur
663 873 897 947 credentibus.
957 865 984 913 ²³
999 873 1095 946 Prius
1122 885 1237 947 autem
1264 895 1367 966 quam
1394 875 1529 946 veniret
1554 873 1643 946 fides
1670 873 1736 946 sub

246 995 325 1087 lege
352 994 635 1067 custodiebamur
661 993 814 1068 conclusi
840 995 874 1065 in
901 1013 979 1065 eam
1005 991 1112 1064 iidem
1141 1016 1232 1088 quae
1263 994 1453 1067 revelanda
1488 1003 1572 1066 erat.
1625 984 1653 1034 ”
1668 997 1736 1066 lta·
1822 1029 1824 1038 ·

246 1135 315 1208 que
342 1115 401 1184 lex
427 1113 636 1206 pedagogus
662 1123 783 1186 noster
808 1113 870 1184 luit
895 1113 930 1184 in
956 1112 1107 1199 Christo,
1143 1123 1181 1186 ut
1214 1133 1262 1184 ex
1287 1112 1358 1184 fide
1379 1111 1624 1186 iustificemur:
1662 1107 1690 1150 ⁵⁵
1703 1123 1739 1184 at

245 1234 305 1304 ubi
334 1233 426 1304 venit
451 1231 557 1315 fides,
592 1234 660 1306 iam
687 1255 759 1305 non
785 1253 906 1304 sumus
933 1231 998 1302 sub
1025 1232 1228 1326 pedagogo.
1278 1223 1306 1270 ²⁸
1322 1233 1451 1302 Omnes
1478 1231 1570 1303 enim
1596 1232 1653 1304 lilii
1680 1233 1739 1304 dci

247 1353 331 1423 estis
357 1351 551 1446 perfidem
578 1353 613 1422 in
640 1352 773 1424 Christo
800 1352 888 1422 lesu.
942 1342 968 1390 ¹²
982 1339 1030 1398 (¹⁰)
1046 1351 1262 1443 Quicumque
1289 1352 1380 1422 enim
1407 1352 1442 1422 in
1461 1352 1594 1423 Christo
1620 1353 1737 1446 bapti-

247 1471 312 1541 zati
339 1473 432 1556 estis,
461 1472 630 1543 Christum
656 1470 824 1542 induistis.
874 1463 902 1508 ²⁸
918 1471 996 1542 Non
1023 1480 1077 1542 est
1102 1471 1251 1543 iudaeus
1276 1493 1391 1564 neque
1419 1469 1559 1556 Grecos,
1586 1493 1657 1542 non
1684 1479 1739 1542 est

248 1611 370 1662 servus
396 1611 513 1684 neque
538 1591 642 1674 liber,
678 1611 748 1661 non
775 1599 829 1660 est
855 1589 1030 1661 masculus
1057 1609 1173 1682 neque
1207 1589 1351 1662 lemina:
1387 1611 1511 1662 omnes
1545 1591 1636 1661 enim
1669 1611 1737 1661 vos

248 1731 353 1782 unum
386 1712 470 1782 estis
504 1709 539 1781 in
566 1709 701 1780 Christo
726 1709 814 1780 lesu.
867 1699 895 1746 ²⁹
908 1697 956 1756 (Π)
975 1707 1010 1779 Si
1045 1714 1161 1780 autem
1195 1729 1260 1782 vos
1288 1709 1425 1795 Christi,
1462 1731 1547 1802 ergo
1573 1707 1738 1781 Abrahae

250 1849 370 1900 semen
396 1829 498 1913 estis,
524 1827 716 1900 secundum
743 1826 1012 1920 promissionem
1039 1827 1201 1900 heredes.

970 2095 1020 2166 tv.

327 2291 402 2348 ’)”)
421 2300 508 2372 Dico
543 2309 675 2386 autem,
710 2309 840 2394 quanto
873 2308 1032 2392 tempore
1066 2299 1171 2370 heres
1204 2299 1370 2393 parvulus
1405 2309 1475 2386 est,
1511 2301 1592 2373 nihil
1625 2301 1738 2404 differt

251 2415 390 2504 'servo,
424 2441 502 2490 cum
536 2420 580 2490 sit
611 2419 772 2492 dominus
800 2417 971 2504 omnium,
1009 2411 1104 2490 'sed
1130 2419 1195 2491 sub
1223 2419 1393 2491 tutoribus
1420 2431 1474 2492 est
1500 2431 1535 2492 et
1561 2421 1737 2493 actoribus

250 2561 361 2632 usque
396 2536 442 2610 ad
474 2537 692 2630 praefinitum
727 2548 866 2632 tempus
898 2559 919 2610 a
952 2547 1062 2632 patre.
1120 2525 1196 2584 ³⁰⁹³
1213 2538 1263 2608 lta
1295 2548 1332 2610 et
1364 2561 1432 2611 nos
1467 2561 1545 2612 cum
1580 2561 1738 2612 essemus

250 2658 392 2752 parvuli,
421 2657 486 2728 sub
513 2657 694 2730 elementis
720 2655 839 2728 mundi
865 2677 1003 2730 eramus
1029 2657 1238 2730 servientes:
1277 2644 1340 2729 ‘at
1364 2659 1425 2730 ubi
1450 2657 1544 2729 venit
1559 2657 1739 2752 plenitudo

250 2775 434 2870 temporis,
467 2775 559 2846 misit
584 2776 672 2847 deus
698 2775 804 2848 lilium
831 2795 949 2860 suum,
983 2775 1110 2845 lactum
1137 2797 1184 2848 ex
1210 2776 1370 2862 muliere,
1405 2779 1531 2849 iactum
1558 2777 1738 2869 sublege,

250 2889 318 2967 ἰιι
344 2915 408 2966 eos
435 2893 493 2986 qui
518 2894 585 2966 sub
611 2895 689 2987 lege
716 2903 814 2966 erant
838 2893 1041 2978 redimeret,
1075 2903 1112 2966 ut
1138 2895 1362 2986 adoptionem
1389 2895 1535 2968 filiorum
1561 2896 1739 2988 recipere-

250 3035 340 3083 mus.
379 3003 458 3058 ’)”)
473 3013 642 3097 Quoniam
670 3023 785 3084 autem
813 3013 897 3084 estis
923 3011 989 3098 lilii,
1017 3013 1110 3084 misit
1135 3013 1225 3085 deus
1251 3015 1407 3106 spiritum
1434 3013 1491 3084 lilii
1509 3015 1561 3085 sui
1578 3015 1612 3084 in
1631 3013 1740 3084 corda

251 3141 386 3214 nostra,
422 3131 627 3202 clamantem
652 3129 756 3204 Abba
788 3141 898 3226 pater.
948 3123 1099 3223 “ltaque
1130 3133 1200 3203 iam
1225 3131 1296 3202 non
1322 3153 1362 3204 es
1388 3153 1514 3205 servus
1539 3132 1605 3204 sed
1630 3131 1739 3200 lilius:
1781 3217 1784 3224 A

252 3249 348 3342 quod
376 3249 406 3318 si
431 3246 528 3330 lilius,
556 3249 721 3321 etherea
746 3271 811 3343 per
837 3249 952 3320 deum.
1009 3241 1108 3321 ⁸Sed
1135 3261 1215 3322 tunc
1241 3251 1381 3343 quidem
1407 3252 1608 3344 ignorantes
1634 3248 1739 3320 deum

253 3368 307 3438 his
334 3365 392 3459 qui
417 3376 539 3438 natura
564 3387 635 3440 non
661 3377 740 3440 sunt
765 3367 813 3440 dii
839 3367 1065 3439 serviebatis:
1105 3360 1227 3440 ⁰nuno
1260 3378 1375 3440 autem
1402 3389 1481 3441 cum
1508 3365 1740 3461 cognoveritis

253 3487 369 3571 deum,
397 3486 503 3558 immo
530 3487 658 3579 cogniti
684 3487 758 3560 sitis
785 3507 806 3558 a
833 3485 911 3572 deo,
940 3488 1119 3580 quomodo
1144 3469 1380 3560 convertimini
1401 3489 1525 3560 iterum
1544 3487 1589 3558 ad
1607 3483 1740 3555 infirma

253 3617 289 3677 et
315 3627 426 3699 egena
456 3598 653 3693 'elementa
681 3607 806 3700 qubus
833 3606 949 3678 denuo
976 3607 1108 3679 servire
1133 3607 1267 3680 vidtis‘l
1319 3599 1345 3646 ⁴⁰
1361 3608 1445 3680 Dies
1476 3603 1672 3680 observatis
1706 3613 1741 3674 et

253 3745 394 3796 menses
421 3733 456 3795 et
480 3733 639 3818 tempora
667 3735 703 3797 et
728 3745 848 3797 annos.
900 3718 922 3762 ”
944 3725 1063 3798 Timeo
1089 3747 1171 3812 vos,
1205 3747 1251 3797 ne
1277 3727 1367 3798 lorte
1392 3727 1467 3799 sine
1501 3745 1606 3797 causa
1637 3723 1741 3794 labo-

222 3881 228 3890 ·
253 3843 401 3916 raverim
428 3843 463 3914 in
488 3845 600 3916 vobis.
640 3837 666 3882 ¹²
677 3843 799 3916 Estote
824 3845 913 3916 sicut
937 3855 974 3916 et
999 3865 1077 3938 ego,
1104 3847 1185 3939 quia
1213 3855 1249 3917 et
1274 3867 1342 3938 ego
1369 3845 1457 3916 sicut
1480 3865 1556 3916 vos.
1596 3831 1740 3912 tlara-

254 3975 334 4050 tres,
363 3963 512 4035 obsecro
538 3985 614 4035 vos.
666 3964 756 4036 Nihil
780 3985 839 4036 me
864 3964 1030 4036 laesistis:
1070 3957 1097 4004 ¹³
1113 3966 1207 4037 scitis
1240 3975 1356 4039 autem
1389 3964 1470 4058 quia
1501 3984 1566 4056 per
1597 3960 1737 4032 infirmi-

254 4093 360 4156 tatem
387 4083 500 4156 camis
526 4083 762 4178 evangelizavi
787 4084 890 4156 vobis
914 4084 983 4155 iam
1009 4083 1163 4178 pridem,
1203 4071 1278 4155 ¹‘et
1302 4083 1564 4176 temptationem
1588 4088 1741 4151 vestram
1828 4160 1832 4166 ‚

254 4204 288 4273 in
315 4225 421 4275 carne
446 4223 527 4274 mea
551 4225 623 4276 non
650 4198 872 4298 'spraevistis
897 4223 1012 4295 neque
1043 4205 1240 4297 respuistis,
1273 4203 1338 4276 sed
1372 4204 1459 4274 siout
1490 4200 1652 4294 angelum
1684 4197 1742 4270 dei
1784 4263 1788 4268 .

255 4322 443 4414 excepistis
475 4341 547 4406 me,
582 4323 670 4394 sicut
695 4323 864 4395 Christum
889 4323 1013 4394 lesvun.
1065 4315 1092 4362 ⁴⁵
1109 4323 1173 4394 Ubi
1199 4332 1254 4394 est
1280 4343 1366 4415 ergo
1392 4319 1572 4392 beatitudo
1600 4319 1742 4388 vestra?

249 4434 503 4511 'Testimonium
530 4441 621 4510 euim
647 4442 818 4534 perhibeo
851 4441 973 4526 vobis,
1009 4441 1089 4534 quia
1124 4443 1154 4514 si
1188 4441 1263 4514 fieri
1295 4449 1417 4534 posset
1451 4439 1572 4511 oculos
1605 4445 1743 4508 vestros

176 4585 186 4604 ·
256 4557 434 4629 eruissetis
467 4567 503 4629 et
536 4557 723 4631 dedissetis
755 4557 846 4629 mihi.
899 4550 925 4596 ”
942 4559 1035 4653 Ergo
1069 4560 1222 4632 inimicus
1252 4561 1355 4632 vobis
1382 4562 1493 4632 lactus
1519 4579 1595 4628 sum
1622 4577 1743 4626 verrun

256 4677 376 4748 dicens
402 4675 531 4748 vobis?
583 4670 609 4716 ”
622 4670 676 4724 ‘⁸¹³
694 4676 919 4748 Aemulantur
945 4699 1012 4750 vos
1038 4701 1108 4751 non
1134 4680 1243 4764 bene,
1278 4679 1342 4751 sed
1369 4677 1559 4750 excludere
1586 4695 1650 4746 vos
1676 4693 1743 4744 vo-

151 4799 155 4808 ’
256 4798 344 4882 lunt,
378 4805 414 4866 ut
439 4795 516 4868 illos
544 4795 771 4868 aemulemini.
824 4786 850 4832 ⁴⁸
866 4797 1000 4867 Bonum
1027 4808 1141 4869 autem
1168 4797 1384 4869 aemulamini
1410 4800 1445 4867 in
1471 4797 1566 4868 bono
1594 4813 1743 4886 semper,

256 4926 292 4986 et
317 4937 388 4986 non
414 4925 543 4988 tantum
571 4937 649 4987 cum
675 4935 844 5008 praesens
871 4937 947 4987 snm
975 4915 1069 5009 apud
1094 4909 1170 4988 vos.
1219 4906 1309 4966 Μ’)
1322 4915 1428 4987 Filioli
1455 4913 1534 5000 mei,
1562 4933 1652 5006 quos
1677 4913 1744 4982 ite-

255 5057 332 5106 rum
367 5033 536 5128 parturio,
574 5033 687 5106 donec
719 5036 886 5106 formetur
914 5034 1066 5105 Christus
1098 5035 1132 5105 in
1158 5036 1268 5108 vobis.
1322 5028 1494 5106 ”Vellem
1522 5043 1638 5106 autem
1665 5051 1744 5102 esse

257 5155 351 5250 apud
383 5173 452 5226 vos
483 5153 592 5226 modo
620 5163 655 5226 ot
681 5164 815 5227 mutare
840 5175 967 5225 vocem
994 5175 1128 5240 meam,
1164 5157 1326 5248 quoniam
1354 5153 1546 5228 confundor
1572 5155 1606 5224 in
1631 5153 1743 5225 vobis.

815 5273 863 5358 lll,
892 5275 940 5347 22
971 5311 1016 5326 ·-
1044 5273 1095 5358 lv,
1118 5276 1183 5348 ¹20.
