4254 6130
583 395 586 406 ’
653 435 897 506 nvtvunuuu
922 437 1122 504 ssuuvnun
1148 435 1341 502 tonsuras
1678 422 1754 502 tat

268 644 440 740 perhibuit
465 643 511 716 de
537 665 613 716 me:
659 629 735 690 (us)
752 659 869 735 neque
898 665 1020 716 vocem
1047 641 1121 714 eius
1146 663 1308 736 umquam
1342 640 1500 728 andrus,
1527 659 1642 733 usqam
1669 657 1753 732 spe-

270 766 359 838 ciem
386 764 460 838 eius
485 763 637 848 vidistis,
677 751 703 799 ³⁸
716 750 806 806 (Μ)
824 771 860 834 et
884 763 1029 836 verbum
1055 762 1129 834 eius
1152 783 1222 834 non
1250 762 1385 836 habetis
1410 761 1444 833 in
1469 761 1571 834 vobis
1589 781 1752 834 manens:

270 885 350 978 quia
376 905 480 978 quem
506 884 598 956 misit
624 883 689 968 ille,
717 880 797 954 hnic
822 903 888 954 vos
912 903 983 954 non
1001 882 1150 954 creditis.
1190 873 1217 918 ³⁹
1230 882 1430 954 Scrutamini
1449 883 1646 976 scripturas,
1673 881 1755 974 quia

270 1027 336 1078 vos
362 1004 488 1099 putatis
513 1005 546 1076 in
572 1003 661 1098 ipsis
687 1001 792 1074 vitam
818 1011 996 1074 aeternam
1022 1002 1168 1088 habere,
1203 1011 1238 1074 et
1272 1003 1349 1074 illae
1376 1011 1454 1074 sunt
1480 1024 1569 1096 quae
1595 1001 1754 1073 testimo-

271 1125 362 1198 nium
390 1124 572 1218 perhibent
597 1124 646 1197 de
672 1142 744 1208 me;
787 1111 814 1158 ⁸⁰
830 1131 867 1194 ct
890 1143 962 1194 non
986 1123 1087 1194 vultis
1110 1124 1228 1196 venire
1254 1123 1301 1196 ad
1326 1143 1383 1194 me
1410 1131 1447 1194 ut
1462 1124 1568 1195 vitam
1586 1121 1754 1196 habeatis.

270 1236 293 1286 ‘¹
315 1245 506 1318 claritatem
533 1245 579 1318 ab
608 1241 804 1314 hominibus
829 1264 900 1314 non
927 1243 1078 1337 accipio,
1126 1233 1233 1317 Pseu
1252 1243 1483 1336 cognovivos
1501 1239 1579 1336 quia
1597 1243 1755 1316 dilectio«

272 1388 351 1442 nem
378 1365 435 1438 dei
461 1386 531 1438 non
549 1362 697 1467 habetis
722 1361 756 1432 in
780 1361 892 1434 vohis.
937 1349 1051 1456 ”Ego
1068 1365 1145 1436 veni
1171 1363 1204 1434 in
1231 1361 1369 1434 nomine
1395 1363 1502 1457 patris
1528 1366 1605 1448 mei,
1633 1373 1669 1436 et
1684 1384 1755 1436 non

273 1485 425 1582 accipitis
451 1507 524 1558 me:
571 1486 600 1556 si
628 1483 713 1556 alius
746 1481 887 1554 venerit·
915 1482 948 1552 in
984 1484 1121 1556 nomine
1154 1505 1236 1566 suo,
1263 1483 1354 1554 illum
1382 1484 1566 1578 accipietis.
1617 1473 1644 1521 ⁴⁴
1657 1486 1755 1571 Quo-

273 1607 379 1682 modo
406 1606 554 1702 potestis
579 1625 646 1677 vos
672 1601 827 1687 credere,
856 1601 916 1694 qui
942 1602 1086 1694 gloriam
1112 1605 1156 1676 ab
1182 1601 1327 1676 invicem
1354 1604 1521 1698 accipitis,
1550 1615 1585 1677 ct
1610 1605 1754 1698 gloriam

274 1750 363 1822 quae
390 1750 410 1800 a
437 1728 514 1799 solo
542 1735 597 1796 est
622 1723 691 1795 deo
718 1741 787 1794 non
814 1720 1001 1815 quaeritis?
1044 1711 1192 1796 “Nolite
1219 1732 1341 1816 putare
1368 1725 1446 1816 quia
1479 1747 1546 1818 ego
1573 1735 1754 1797 accusatu-

274 1871 333 1922 rus
359 1847 423 1920 sim
449 1867 517 1918 vos
544 1841 638 1936 apud
665 1851 814 1935 patrem:
843 1849 899 1910 est
925 1842 982 1933 qui
1009 1855 1148 1916 accusat
1172 1863 1239 1915 vos
1263 1843 1397 1929 Moses,
1424 1844 1458 1914 in
1484 1866 1553 1937 qno
1579 1867 1645 1919 vos
1671 1867 1754 1941 spe-

276 1969 366 2042 ratis.
418 1957 445 2004 ⁴⁶
463 1965 498 2035 Si
533 1962 623 2034 enim
659 1960 848 2034 crederetis
881 1961 984 2048 Most,
1020 1963 1208 2038 crederetis
1242 1964 1382 2036 forsitan
1415 1975 1449 2036 et
1484 1965 1580 2036 rnilri:
1619 1967 1665 2039 de
1698 1989 1755 2046 nte

276 2090 366 2160 enini
392 2087 446 2162 ille
474 2082 619 2176 scripsit.
671 2069 697 2116 ‘⁷
715 2081 748 2152 Si
777 2091 891 2152 autem
920 2080 1005 2154 illius
1031 2062 1149 2156 litteris
1180 2105 1249 2156 non
1282 2083 1436 2168 creditis,
1465 2086 1642 2179 quomodo
1670 2087 1755 2160 meis

275 2208 391 2282 verbis
418 2203 595 2278 credetis?

989 2481 1041 2550 vl.

303 2713 308 2724 ·
350 2677 453 2734 'lm'
471 2687 555 2758 Post
588 2683 677 2758 haec
709 2681 791 2756 abiit
807 2683 913 2756 lesus
947 2695 1040 2758 bans
1073 2705 1168 2758 mare
1195 2684 1366 2760 Galilaeae
1392 2687 1487 2781 quod
1518 2697 1572 2760 est
1598 2689 1751 2762 Tiberia-

277 2811 347 2897 dis,
389 2801 453 2880 'et
478 2805 690 2899 sequebatur
717 2825 796 2878 eum
823 2803 1003 2878 multitudo
1030 2827 1166 2900 magna,
1194 2805 1273 2900 quia
1299 2806 1441 2880 videbat
1466 2808 1564 2901 signa
1584 2831 1674 2903 quae
1701 2812 1752 2882 la-

277 2930 391 3003 ciebat
415 2948 520 3022 super
547 2925 598 2998 his
624 2925 682 3019 qui
708 2921 974 2998 infirmabantur.
1026 2914 1130 2974 ΗΜ)
1149 2927 1245 3000 Subit
1270 2947 1356 3018 ergo
1383 2927 1417 3000 in
1443 2937 1561 3000 monte
1587 2931 1690 3016 lesus,
1718 2940 1754 3002 et

278 3050 324 3122 ibi
356 3047 503 3122 sedebat
537 3069 614 3117 cnm
651 3044 825 3138 discipulis
860 3045 939 3118 suis.
998 3033 1101 3088 ΗΜ)
1118 3046 1200 3118 Erat
1233 3055 1348 3118 autem
1382 3048 1577 3140 proximum
1613 3051 1750 3143 pascha.

279 3169 354 3242 dies
380 3169 485 3240 iesous
510 3167 724 3243 Iudaeorum.
776 3155 979 3238 5Μ’·ὶῦιιιιι
1006 3165 1221 3238 sublevasset
1247 3187 1331 3258 ergo
1366 3169 1485 3240 ocrdos
1518 3170 1612 3242 lesus
1639 3181 1674 3242 ct
1699 3171 1751 3242 vi-

280 3288 388 3360 disset
420 3287 498 3378 quia
532 3284 710 3358 multitudo
744 3283 896 3358 maxima
931 3284 1023 3358 venit
1056 3283 1102 3356 ad
1129 3305 1223 3372 eum,
1260 3285 1341 3358 dicit
1366 3287 1412 3360 ad
1439 3287 1627 3383 Philippum
1654 3289 1751 3360 Unda

280 3427 436 3480 ememus
469 3427 577 3500 panes
610 3417 646 3478 ut
678 3403 885 3478 manducent
917 3405 977 3476 hi‘?
1020 3395 1119 3476 θΗοο
1152 3417 1266 3480 autem
1301 3406 1439 3482 dicebat
1472 3417 1619 3480 temtans
1657 3431 1750 3480 eum:

280 3529 356 3622 ipse
382 3526 471 3598 enim
499 3527 630 3600 sciebat
656 3523 737 3618 qnid
763 3537 857 3598 esset
881 3527 1037 3598 facturus.
1090 3518 1304 3620 ⁷llespondit
1329 3527 1361 3598 ei
1388 3527 1561 3622 Philippus
1577 3529 1751 3600 Ducento-

281 3670 356 3720 rum
382 3647 598 3720 denariorum
626 3665 735 3740 panes
761 3665 830 3718 non
856 3644 1023 3718 sufficiunt
1049 3644 1116 3730 eis,
1145 3655 1180 3718 ut
1206 3646 1437 3741 unusquisque
1470 3648 1642 3721 modicum
1670 3649 1751 3742 quid

282 3767 435 3862 accipiat.
486 3758 603 3842 8Βίοίι
628 3765 660 3838 ei
686 3785 772 3836 unus
799 3787 845 3837 ex
871 3765 1043 3859 discipudis
1070 3765 1152 3851 eius,
1179 3765 1337 3840 Andreas
1364 3769 1468 3842 irater
1495 3769 1642 3843 Simonis
1660 3769 1748 3840 Petri

279 3863 371 3974 {Est
395 3908 482 3982 puer
507 3911 594 3962 unus
619 3887 674 3958 hic
699 3885 756 3980 qui
783 3884 888 3958 habet
914 3883 1062 3978 quinque
1090 3907 1196 3980 pancs
1223 3887 1420 3962 hordiacios
1447 3899 1482 3960 et
1508 3888 1596 3961 duos
1619 3889 1749 3984 pisces:

283 4009 347 4082 sed
381 4007 469 4082 haec
499 4009 581 4105 quid
612 4015 689 4080 sunt
721 4005 807 4078 inter
839 4008 976 4078 tantos?
1027 3997 1052 4043 ⁴⁰
1067 4006 1160 4079 Dixit
1196 4027 1282 4102 ergo
1318 4009 1414 4084 lesus
1445 4010 1561 4084 Facite
1595 4010 1751 4084 homines

283 4127 512 4204 discumbere.
562 4127 644 4198 Erat
677 4137 790 4198 autern
825 4128 961 4200 laeuum
994 4125 1134 4200 multum
1169 4128 1203 4200 in
1234 4129 1322 4202 loco.
1384 4131 1634 4204 Discubuerunt
1665 4153 1750 4224 ergn

284 4250 346 4322 viri
370 4269 515 4320 numero
542 4247 640 4342 quad
666 4247 815 4342 quinque
841 4247 941 4320 milia.
993 4238 1015 4283 ¹⁴
1035 4247 1177 4342 Accepit
1209 4271 1295 4342 ergo
1327 4271 1434 4342 panes
1460 4251 1571 4334 lesus,
1605 4259 1640 4320 et
1673 4269 1750 4324 cum

285 4368 412 4462 gratias
442 4367 571 4460 egisset
602 4367 769 4440 distribuit
800 4367 1111 4454 discumbentibus,
1144 4368 1294 4442 similiter
1326 4390 1372 4442 ex
1405 4371 1558 4464 piscibus
1590 4378 1751 4461 nummu

284 4489 455 4564 volebant.
508 4479 532 4524 '²
548 4487 589 4558 Ut
624 4497 737 4560 autem
770 4487 909 4560 saturati
940 4499 1032 4574 sunt,
1067 4487 1153 4562 dixit
1185 4487 1359 4584 discipulis
1387 4493 1456 4564 suis
1483 4489 1635 4582 Colligite
1662 4511 1751 4582 quae

228 4695 233 4704 ι
284 4618 534 4704 superaverunt
557 4609 833 4701 fragmentorum,
860 4630 904 4680 ne
930 4618 1080 4703 pereant.
1132 4599 1158 4644 ¹³
1171 4607 1387 4703 Collegerunt
1412 4634 1498 4704 ergo
1524 4623 1560 4682 et
1583 4611 1751 4704 impleve-

285 4738 362 4802 runt
396 4727 582 4802 duodecim
615 4728 782 4824 cophinos
814 4729 1080 4820 fragmentorum
1116 4751 1162 4800 ex
1195 4729 1343 4824 quinque
1379 4733 1526 4826 panibus
1557 4729 1750 4814 hordiaciis,

284 4871 374 4943 quae
400 4853 638 4946 superfuerunt
663 4848 715 4922 his
741 4849 798 4944 qui
825 4847 1124 4924 manducaverunt.
1178 4836 1202 4886 ⁴⁸
1215 4841 1302 4896 (Μ)
1317 4852 1363 4924 [1Ιί
1389 4874 1473 4946 ergo
1492 4851 1648 4926 homines
1673 4873 1751 4924 cum

283 4970 450 5044 vidissent
474 4972 570 5066 quod
595 4972 724 5044 iecerat
748 4969 891 5062 signum,
918 4969 1078 5044 dicebant
1111 4969 1188 5062 quia
1225 4969 1279 5042 bic
1304 4983 1358 5044 est
1391 4993 1474 5044 vere
1500 4971 1670 5066 propheta
1695 4971 1752 5065 qui

284 5101 448 5166 venturus
479 5103 533 5167 est
563 5092 597 5164 in
629 5090 801 5166 mundum.
855 5081 881 5126 '⁵
897 5091 990 5164 lesus
1023 5113 1108 5184 ergo
1143 5111 1220 5162 cum
1254 5092 1475 5185 cognovisset
1508 5093 1588 5187 quia
1620 5093 1751 5166 venturi

286 5221 404 5288 essem
436 5221 471 5286 ut
507 5221 666 5305 raperent
702 5233 779 5286 eum
815 5221 849 5282 et
880 5212 1029 5286 lacerent
1069 5233 1147 5282 eum
1187 5232 1315 5305 regem,
1356 5203 1434 5311 Pil*
1448 5212 1531 5306 lugit
1562 5213 1684 5288 iterum
1718 5214 1752 5286 in

839 5333 874 5416 V,
904 5335 950 5404 38
982 5371 1025 5384 -
1054 5333 1103 5416 Vl,
1135 5334 1190 5402 lii.
