<?xml version="1.0" encoding="UTF-8"?>
<!DOCTYPE html PUBLIC "-//W3C//DTD XHTML 1.0 Transitional//EN"
    "http://www.w3.org/TR/xhtml1/DTD/xhtml1-transitional.dtd">
<html xmlns="http://www.w3.org/1999/xhtml" xml:lang="en" lang="en">
 <head>
  <title>
</title>
<meta http-equiv="Content-Type" content="text/html;charset=utf-8" />
  <meta name='ocr-system' content='tesseract 3.04.00' />
  <meta name='ocr-capabilities' content='ocr_page ocr_carea ocr_par ocr_line ocrx_word'/>
</head>
<body>
  <div class='ocr_page' id='page_1' title='image "./novumtestamentu02tiscgoog_0164.png"; bbox 0 0 4242 6118; ppageno 0'>
   <div class='ocr_carea' id='block_1_1' title="bbox 688 430 1320 502">
    <p class='ocr_par' dir='ltr' id='par_1_1' title="bbox 688 430 1320 502">
     <span class='ocr_line' id='line_1_1' title="bbox 688 430 1320 502; baseline 0.008 -7"><span class='ocrx_word' id='word_1_1' title='bbox 688 430 931 496; x_wconf 75' lang='lat' dir='ltr'>Evluuutlttu</span> <span class='ocrx_word' id='word_1_2' title='bbox 959 434 1165 498; x_wconf 83' lang='lat' dir='ltr'>SECUNDUM</span> <span class='ocrx_word' id='word_1_3' title='bbox 1192 435 1320 502; x_wconf 80' lang='lat' dir='ltr'><strong>LUCAM</strong></span> 
     </span>
    </p>
   </div>
   <div class='ocr_carea' id='block_1_2' title="bbox 1246 545 1759 554">
    <p class='ocr_par' dir='ltr' id='par_1_2' title="bbox 1246 545 1759 554">
     <span class='ocr_line' id='line_1_2' title="bbox 1246 545 1759 554; baseline 0.002 -1"><span class='ocrx_word' id='word_1_4' title='bbox 1246 547 1325 554; x_wconf 55' lang='grc' dir='ltr'><em>-.ψ-η..</em></span> <span class='ocrx_word' id='word_1_5' title='bbox 1332 548 1344 554; x_wconf 86' lang='grc'><strong>-</strong></span> <span class='ocrx_word' id='word_1_6' title='bbox 1358 548 1487 554; x_wconf 60' lang='grc'>.,-.--.--</span> <span class='ocrx_word' id='word_1_7' title='bbox 1527 549 1532 553; x_wconf 88' lang='grc'>-</span> <span class='ocrx_word' id='word_1_8' title='bbox 1540 548 1632 554; x_wconf 75' lang='grc'><strong><em>-..--</em></strong></span> <span class='ocrx_word' id='word_1_9' title='bbox 1643 545 1759 554; x_wconf 47' lang='grc' dir='ltr'>μ--κ</span> 
     </span>
    </p>
   </div>
   <div class='ocr_carea' id='block_1_3' title="bbox 182 633 1821 5150">
    <p class='ocr_par' dir='ltr' id='par_1_3' title="bbox 182 633 1821 5150">
     <span class='ocr_line' id='line_1_3' title="bbox 250 633 1757 728; baseline -0.001 -17"><span class='ocrx_word' id='word_1_10' title='bbox 250 644 372 712; x_wconf 87' lang='lat' dir='ltr'>fratres</span> <span class='ocrx_word' id='word_1_11' title='bbox 398 641 466 710; x_wconf 90' lang='lat' dir='ltr'>mei</span> <span class='ocrx_word' id='word_1_12' title='bbox 494 639 526 709; x_wconf 92' lang='lat' dir='ltr'>bi</span> <span class='ocrx_word' id='word_1_13' title='bbox 555 646 637 708; x_wconf 79' lang='lat' dir='ltr'>sunl·</span> <span class='ocrx_word' id='word_1_14' title='bbox 665 637 726 728; x_wconf 94' lang='lat' dir='ltr'>qui</span> <span class='ocrx_word' id='word_1_15' title='bbox 762 635 908 708; x_wconf 87' lang='lat' dir='ltr'>verbum</span> <span class='ocrx_word' id='word_1_16' title='bbox 943 636 1001 706; x_wconf 90' lang='lat' dir='ltr'>dei</span> <span class='ocrx_word' id='word_1_17' title='bbox 1037 637 1186 708; x_wconf 89' lang='lat' dir='ltr'>audiunt</span> <span class='ocrx_word' id='word_1_18' title='bbox 1221 650 1256 710; x_wconf 91' lang='lat' dir='ltr'>et</span> <span class='ocrx_word' id='word_1_19' title='bbox 1289 643 1425 713; x_wconf 80' lang='lat' dir='ltr'>iaciunt.</span> <span class='ocrx_word' id='word_1_20' title='bbox 1477 633 1596 688; x_wconf 61' lang='lat' dir='ltr'>sitm)</span> <span class='ocrx_word' id='word_1_21' title='bbox 1615 643 1757 713; x_wconf 86' lang='lat' dir='ltr'>Factum</span> 
     </span>
     <span class='ocr_line' id='line_1_4' title="bbox 182 755 1759 854; baseline -0.001 -23"><span class='ocrx_word' id='word_1_22' title='bbox 182 792 187 804; x_wconf 91' lang='lat'><strong>·</strong></span> <span class='ocrx_word' id='word_1_23' title='bbox 236 770 305 831; x_wconf 87' lang='lat' dir='ltr'>&#39;est</span> <span class='ocrx_word' id='word_1_24' title='bbox 331 768 443 832; x_wconf 87' lang='lat' dir='ltr'>autem</span> <span class='ocrx_word' id='word_1_25' title='bbox 471 759 505 828; x_wconf 93' lang='lat' dir='ltr'>in</span> <span class='ocrx_word' id='word_1_26' title='bbox 532 777 600 828; x_wconf 87' lang='lat' dir='ltr'>una</span> <span class='ocrx_word' id='word_1_27' title='bbox 628 755 771 828; x_wconf 90' lang='lat' dir='ltr'>dierum</span> <span class='ocrx_word' id='word_1_28' title='bbox 798 756 936 848; x_wconf 88' lang='lat' dir='ltr'>etipse</span> <span class='ocrx_word' id='word_1_29' title='bbox 964 755 1128 826; x_wconf 88' lang='lat' dir='ltr'>ascendit</span> <span class='ocrx_word' id='word_1_30' title='bbox 1163 757 1198 827; x_wconf 94' lang='lat' dir='ltr'>in</span> <span class='ocrx_word' id='word_1_31' title='bbox 1233 783 1302 832; x_wconf 93' lang='lat' dir='ltr'>una</span> <span class='ocrx_word' id='word_1_32' title='bbox 1335 762 1492 832; x_wconf 85' lang='lat' dir='ltr'>navicula</span> <span class='ocrx_word' id='word_1_33' title='bbox 1528 771 1564 831; x_wconf 92' lang='lat' dir='ltr'>et</span> <span class='ocrx_word' id='word_1_34' title='bbox 1598 761 1759 854; x_wconf 87' lang='lat' dir='ltr'>discipuli</span> 
     </span>
     <span class='ocr_line' id='line_1_5' title="bbox 251 875 1758 966; baseline 0.002 -17"><span class='ocrx_word' id='word_1_35' title='bbox 251 880 334 964; x_wconf 88' lang='lat' dir='ltr'>eius,</span> <span class='ocrx_word' id='word_1_36' title='bbox 362 889 398 949; x_wconf 89' lang='lat' dir='ltr'>et</span> <span class='ocrx_word' id='word_1_37' title='bbox 424 879 469 949; x_wconf 92' lang='lat' dir='ltr'>ait</span> <span class='ocrx_word' id='word_1_38' title='bbox 496 878 541 949; x_wconf 90' lang='lat' dir='ltr'>ad</span> <span class='ocrx_word' id='word_1_39' title='bbox 567 876 644 945; x_wconf 91' lang='lat' dir='ltr'>illos</span> <span class='ocrx_word' id='word_1_40' title='bbox 676 875 953 946; x_wconf 82' lang='lat' dir='ltr'>Transiretemus</span> <span class='ocrx_word' id='word_1_41' title='bbox 981 884 1084 946; x_wconf 92' lang='lat' dir='ltr'>trans</span> <span class='ocrx_word' id='word_1_42' title='bbox 1103 885 1275 966; x_wconf 86' lang='lat' dir='ltr'>stagnum.</span> <span class='ocrx_word' id='word_1_43' title='bbox 1303 881 1345 950; x_wconf 84' lang='lat' dir='ltr'>Et</span> <span class='ocrx_word' id='word_1_44' title='bbox 1363 881 1606 952; x_wconf 88' lang='lat' dir='ltr'>ascenderunt.</span> <span class='ocrx_word' id='word_1_45' title='bbox 1642 875 1668 918; x_wconf 51' lang='grc' dir='ltr'><strong><em>Ἃ</em></strong></span> <span class='ocrx_word' id='word_1_46' title='bbox 1686 881 1758 952; x_wconf 88' lang='lat' dir='ltr'>Na-</span> 
     </span>
     <span class='ocr_line' id='line_1_6' title="bbox 250 991 1757 1092; baseline 0.001 -24"><span class='ocrx_word' id='word_1_47' title='bbox 250 998 445 1090; x_wconf 86' lang='lat' dir='ltr'>vigantibus</span> <span class='ocrx_word' id='word_1_48' title='bbox 471 1007 584 1068; x_wconf 88' lang='lat' dir='ltr'>autem</span> <span class='ocrx_word' id='word_1_49' title='bbox 611 991 681 1062; x_wconf 89' lang='lat' dir='ltr'>illis</span> <span class='ocrx_word' id='word_1_50' title='bbox 711 995 937 1067; x_wconf 90' lang='lat' dir='ltr'>obdormivit:</span> <span class='ocrx_word' id='word_1_51' title='bbox 967 1003 1002 1064; x_wconf 90' lang='lat' dir='ltr'>et</span> <span class='ocrx_word' id='word_1_52' title='bbox 1028 993 1225 1066; x_wconf 86' lang='lat' dir='ltr'>descendit</span> <span class='ocrx_word' id='word_1_53' title='bbox 1247 1001 1401 1090; x_wconf 90' lang='lat' dir='ltr'>procella</span> <span class='ocrx_word' id='word_1_54' title='bbox 1419 1001 1512 1071; x_wconf 90' lang='lat' dir='ltr'>venti</span> <span class='ocrx_word' id='word_1_55' title='bbox 1532 1001 1566 1070; x_wconf 93' lang='lat' dir='ltr'>in</span> <span class='ocrx_word' id='word_1_56' title='bbox 1586 1009 1757 1092; x_wconf 82' lang='lat' dir='ltr'>stagnum,</span> 
     </span>
     <span class='ocr_line' id='line_1_7' title="bbox 251 1101 1759 1210; baseline 0.003 -23"><span class='ocrx_word' id='word_1_57' title='bbox 251 1127 287 1187; x_wconf 90' lang='lat' dir='ltr'>et</span> <span class='ocrx_word' id='word_1_58' title='bbox 320 1117 580 1210; x_wconf 79' lang='lat' dir='ltr'>complebantur</span> <span class='ocrx_word' id='word_1_59' title='bbox 614 1123 650 1183; x_wconf 90' lang='lat' dir='ltr'>et</span> <span class='ocrx_word' id='word_1_60' title='bbox 690 1117 977 1208; x_wconf 75' lang='lat' dir='ltr'>periclitabantur.</span> <span class='ocrx_word' id='word_1_61' title='bbox 1031 1101 1063 1150; x_wconf 64' lang='lat'>²¹</span> <span class='ocrx_word' id='word_1_62' title='bbox 1085 1109 1308 1188; x_wconf 78' lang='lat' dir='ltr'>decedentes</span> <span class='ocrx_word' id='word_1_63' title='bbox 1349 1129 1467 1190; x_wconf 88' lang='lat' dir='ltr'>autem</span> <span class='ocrx_word' id='word_1_64' title='bbox 1503 1120 1759 1192; x_wconf 89' lang='lat' dir='ltr'>suscitaverunt</span> 
     </span>
     <span class='ocr_line' id='line_1_8' title="bbox 253 1229 1757 1331; baseline 0.003 -25"><span class='ocrx_word' id='word_1_65' title='bbox 253 1257 333 1306; x_wconf 89' lang='lat' dir='ltr'>eum</span> <span class='ocrx_word' id='word_1_66' title='bbox 360 1237 517 1306; x_wconf 88' lang='lat' dir='ltr'>dicentes</span> <span class='ocrx_word' id='word_1_67' title='bbox 549 1237 776 1327; x_wconf 82' lang='lat' dir='ltr'>Praeceptor,</span> <span class='ocrx_word' id='word_1_68' title='bbox 812 1236 975 1328; x_wconf 79' lang='lat' dir='ltr'>perimus,</span> <span class='ocrx_word' id='word_1_69' title='bbox 1030 1229 1083 1300; x_wconf 78' lang='lat' dir='ltr'>At</span> <span class='ocrx_word' id='word_1_70' title='bbox 1118 1231 1175 1304; x_wconf 87' lang='lat' dir='ltr'>ille</span> <span class='ocrx_word' id='word_1_71' title='bbox 1209 1259 1356 1330; x_wconf 78' lang='lat' dir='ltr'>surgens</span> <span class='ocrx_word' id='word_1_72' title='bbox 1389 1239 1583 1331; x_wconf 88' lang='lat' dir='ltr'>increpavit</span> <span class='ocrx_word' id='word_1_73' title='bbox 1617 1249 1757 1310; x_wconf 86' lang='lat' dir='ltr'>ventum</span> 
     </span>
     <span class='ocr_line' id='line_1_9' title="bbox 253 1351 1757 1449; baseline 0.003 -23"><span class='ocrx_word' id='word_1_74' title='bbox 253 1365 289 1426; x_wconf 89' lang='lat' dir='ltr'>et</span> <span class='ocrx_word' id='word_1_75' title='bbox 323 1365 568 1447; x_wconf 87' lang='lat' dir='ltr'>tempestatem</span> <span class='ocrx_word' id='word_1_76' title='bbox 603 1375 736 1446; x_wconf 89' lang='lat' dir='ltr'>aquae:</span> <span class='ocrx_word' id='word_1_77' title='bbox 772 1365 807 1426; x_wconf 90' lang='lat' dir='ltr'>et</span> <span class='ocrx_word' id='word_1_78' title='bbox 842 1353 1011 1437; x_wconf 85' lang='lat' dir='ltr'>cessavit,&#39;</span> <span class='ocrx_word' id='word_1_79' title='bbox 1046 1357 1087 1420; x_wconf 86' lang='lat' dir='ltr'>el</span> <span class='ocrx_word' id='word_1_80' title='bbox 1118 1351 1208 1424; x_wconf 86' lang='lat' dir='ltr'>lacta</span> <span class='ocrx_word' id='word_1_81' title='bbox 1244 1366 1299 1426; x_wconf 91' lang='lat' dir='ltr'>est</span> <span class='ocrx_word' id='word_1_82' title='bbox 1330 1358 1569 1449; x_wconf 88' lang='lat' dir='ltr'>tranquillitas.</span> <span class='ocrx_word' id='word_1_83' title='bbox 1621 1351 1757 1430; x_wconf 71' lang='lat' dir='ltr'>²5Dixit</span> 
     </span>
     <span class='ocr_line' id='line_1_10' title="bbox 253 1469 1755 1556; baseline 0.005 -12"><span class='ocrx_word' id='word_1_84' title='bbox 253 1483 368 1544; x_wconf 88' lang='lat' dir='ltr'>autem</span> <span class='ocrx_word' id='word_1_85' title='bbox 402 1475 467 1546; x_wconf 90' lang='lat' dir='ltr'>illis</span> <span class='ocrx_word' id='word_1_86' title='bbox 494 1475 559 1546; x_wconf 89' lang='lat' dir='ltr'>Ubi</span> <span class='ocrx_word' id='word_1_87' title='bbox 594 1485 649 1544; x_wconf 91' lang='lat' dir='ltr'>est</span> <span class='ocrx_word' id='word_1_88' title='bbox 675 1474 766 1546; x_wconf 89' lang='lat' dir='ltr'>fides</span> <span class='ocrx_word' id='word_1_89' title='bbox 800 1477 944 1546; x_wconf 78' lang='lat' dir='ltr'>vestra?</span> <span class='ocrx_word' id='word_1_90' title='bbox 981 1471 1046 1556; x_wconf 85' lang='lat' dir='ltr'>Qui</span> <span class='ocrx_word' id='word_1_91' title='bbox 1087 1469 1247 1545; x_wconf 88' lang='lat' dir='ltr'>limentes</span> <span class='ocrx_word' id='word_1_92' title='bbox 1274 1477 1387 1548; x_wconf 88' lang='lat' dir='ltr'>mirati</span> <span class='ocrx_word' id='word_1_93' title='bbox 1415 1485 1498 1546; x_wconf 90' lang='lat' dir='ltr'>sunt</span> <span class='ocrx_word' id='word_1_94' title='bbox 1524 1476 1679 1548; x_wconf 85' lang='lat' dir='ltr'>dicentes</span> <span class='ocrx_word' id='word_1_95' title='bbox 1708 1481 1755 1552; x_wconf 90' lang='lat' dir='ltr'>ad</span> 
     </span>
     <span class='ocr_line' id='line_1_11' title="bbox 251 1589 1753 1688; baseline 0.004 -25"><span class='ocrx_word' id='word_1_96' title='bbox 251 1593 397 1665; x_wconf 88' lang='lat' dir='ltr'>invicem</span> <span class='ocrx_word' id='word_1_97' title='bbox 426 1595 510 1680; x_wconf 87' lang='lat' dir='ltr'>Quis</span> <span class='ocrx_word' id='word_1_98' title='bbox 537 1604 638 1688; x_wconf 88' lang='lat' dir='ltr'>putas</span> <span class='ocrx_word' id='word_1_99' title='bbox 665 1595 720 1664; x_wconf 91' lang='lat' dir='ltr'>bic</span> <span class='ocrx_word' id='word_1_100' title='bbox 747 1603 810 1678; x_wconf 88' lang='lat' dir='ltr'>est,</span> <span class='ocrx_word' id='word_1_101' title='bbox 838 1595 918 1687; x_wconf 90' lang='lat' dir='ltr'>quia</span> <span class='ocrx_word' id='word_1_102' title='bbox 945 1603 980 1664; x_wconf 91' lang='lat' dir='ltr'>et</span> <span class='ocrx_word' id='word_1_103' title='bbox 1005 1589 1122 1661; x_wconf 87' lang='lat' dir='ltr'>ventis</span> <span class='ocrx_word' id='word_1_104' title='bbox 1149 1593 1298 1687; x_wconf 91' lang='lat' dir='ltr'>imperat</span> <span class='ocrx_word' id='word_1_105' title='bbox 1324 1606 1359 1666; x_wconf 88' lang='lat' dir='ltr'>et</span> <span class='ocrx_word' id='word_1_106' title='bbox 1385 1595 1477 1666; x_wconf 87' lang='lat' dir='ltr'>mari</span> <span class='ocrx_word' id='word_1_107' title='bbox 1504 1604 1541 1664; x_wconf 91' lang='lat' dir='ltr'>et</span> <span class='ocrx_word' id='word_1_108' title='bbox 1560 1595 1753 1670; x_wconf 91' lang='lat' dir='ltr'>oboediunt</span> 
     </span>
     <span class='ocr_line' id='line_1_12' title="bbox 252 1705 1821 1806; baseline 0.004 -24"><span class='ocrx_word' id='word_1_109' title='bbox 252 1713 309 1782; x_wconf 84' lang='lat' dir='ltr'>ei‘?</span> <span class='ocrx_word' id='word_1_110' title='bbox 354 1705 380 1751; x_wconf 70' lang='lat'>²⁶</span> <span class='ocrx_word' id='word_1_111' title='bbox 396 1715 676 1806; x_wconf 84' lang='lat' dir='ltr'>Enavigaverunt</span> <span class='ocrx_word' id='word_1_112' title='bbox 702 1723 818 1784; x_wconf 91' lang='lat' dir='ltr'>autem</span> <span class='ocrx_word' id='word_1_113' title='bbox 845 1713 891 1784; x_wconf 93' lang='lat' dir='ltr'>ad</span> <span class='ocrx_word' id='word_1_114' title='bbox 917 1713 1101 1804; x_wconf 87' lang='lat' dir='ltr'>regionem</span> <span class='ocrx_word' id='word_1_115' title='bbox 1129 1712 1395 1798; x_wconf 88' lang='lat' dir='ltr'>Gerasenorum,</span> <span class='ocrx_word' id='word_1_116' title='bbox 1426 1735 1522 1805; x_wconf 86' lang='lat' dir='ltr'>quae</span> <span class='ocrx_word' id='word_1_117' title='bbox 1550 1724 1604 1783; x_wconf 83' lang='lat' dir='ltr'>est</span> <span class='ocrx_word' id='word_1_118' title='bbox 1631 1724 1750 1790; x_wconf 91' lang='lat' dir='ltr'>contra</span> <span class='ocrx_word' id='word_1_119' title='bbox 1817 1779 1821 1788; x_wconf 93' lang='lat'>.</span> 
     </span>
     <span class='ocr_line' id='line_1_13' title="bbox 254 1825 1750 1927; baseline 0.005 -25"><span class='ocrx_word' id='word_1_120' title='bbox 254 1832 450 1905; x_wconf 89' lang='lat' dir='ltr'>Galilaeam.</span> <span class='ocrx_word' id='word_1_121' title='bbox 503 1825 529 1871; x_wconf 80' lang='lat'>²⁷</span> <span class='ocrx_word' id='word_1_122' title='bbox 546 1835 589 1905; x_wconf 88' lang='grc' dir='ltr'>Ει</span> <span class='ocrx_word' id='word_1_123' title='bbox 615 1855 693 1905; x_wconf 83' lang='grc' dir='ltr'>οιιιιι</span> <span class='ocrx_word' id='word_1_124' title='bbox 721 1855 886 1925; x_wconf 88' lang='lat' dir='ltr'>egressus</span> <span class='ocrx_word' id='word_1_125' title='bbox 913 1843 1008 1905; x_wconf 89' lang='lat' dir='ltr'>esset</span> <span class='ocrx_word' id='word_1_126' title='bbox 1035 1830 1082 1902; x_wconf 91' lang='lat' dir='ltr'>ad</span> <span class='ocrx_word' id='word_1_127' title='bbox 1110 1840 1246 1916; x_wconf 90' lang='lat' dir='ltr'>terram,</span> <span class='ocrx_word' id='word_1_128' title='bbox 1275 1835 1425 1904; x_wconf 88' lang='lat' dir='ltr'>occurrit</span> <span class='ocrx_word' id='word_1_129' title='bbox 1452 1833 1501 1902; x_wconf 96' lang='lat' dir='ltr'>illi</span> <span class='ocrx_word' id='word_1_130' title='bbox 1529 1834 1582 1902; x_wconf 91' lang='lat' dir='ltr'>vir</span> <span class='ocrx_word' id='word_1_131' title='bbox 1608 1836 1750 1927; x_wconf 89' lang='lat' dir='ltr'>quidam</span> 
     </span>
     <span class='ocr_line' id='line_1_14' title="bbox 253 1951 1749 2045; baseline 0.004 -23"><span class='ocrx_word' id='word_1_132' title='bbox 253 1953 311 2044; x_wconf 91' lang='lat' dir='ltr'>qui</span> <span class='ocrx_word' id='word_1_133' title='bbox 338 1954 492 2024; x_wconf 84' lang='lat' dir='ltr'>babebat</span> <span class='ocrx_word' id='word_1_134' title='bbox 519 1953 743 2026; x_wconf 90' lang='lat' dir='ltr'>daemonium</span> <span class='ocrx_word' id='word_1_135' title='bbox 770 1953 838 2022; x_wconf 85' lang='lat' dir='ltr'>iam</span> <span class='ocrx_word' id='word_1_136' title='bbox 865 1951 1083 2045; x_wconf 88' lang='lat' dir='ltr'>temporibus</span> <span class='ocrx_word' id='word_1_137' title='bbox 1110 1952 1239 2036; x_wconf 90' lang='lat' dir='ltr'>multis,</span> <span class='ocrx_word' id='word_1_138' title='bbox 1276 1963 1311 2022; x_wconf 91' lang='lat' dir='ltr'>et</span> <span class='ocrx_word' id='word_1_139' title='bbox 1342 1953 1558 2024; x_wconf 85' lang='lat' dir='ltr'>vestimento</span> <span class='ocrx_word' id='word_1_140' title='bbox 1590 1975 1660 2025; x_wconf 92' lang='lat' dir='ltr'>non</span> <span class='ocrx_word' id='word_1_141' title='bbox 1694 1959 1749 2029; x_wconf 92' lang='lat' dir='ltr'>in-</span> 
     </span>
     <span class='ocr_line' id='line_1_15' title="bbox 253 2061 1751 2165; baseline 0.005 -23"><span class='ocrx_word' id='word_1_142' title='bbox 253 2072 444 2157; x_wconf 87' lang='lat' dir='ltr'>duebatur,</span> <span class='ocrx_word' id='word_1_143' title='bbox 478 2095 594 2165; x_wconf 88' lang='lat' dir='ltr'>neque</span> <span class='ocrx_word' id='word_1_144' title='bbox 626 2074 660 2142; x_wconf 95' lang='lat' dir='ltr'>in</span> <span class='ocrx_word' id='word_1_145' title='bbox 694 2073 802 2143; x_wconf 92' lang='lat' dir='ltr'>domo</span> <span class='ocrx_word' id='word_1_146' title='bbox 836 2073 1000 2144; x_wconf 89' lang='lat' dir='ltr'>manebat</span> <span class='ocrx_word' id='word_1_147' title='bbox 1035 2071 1100 2141; x_wconf 90' lang='lat' dir='ltr'>sed</span> <span class='ocrx_word' id='word_1_148' title='bbox 1133 2071 1168 2140; x_wconf 92' lang='lat' dir='ltr'>in</span> <span class='ocrx_word' id='word_1_149' title='bbox 1200 2072 1442 2141; x_wconf 78' lang='lat' dir='ltr'>monumentis</span> <span class='ocrx_word' id='word_1_150' title='bbox 1499 2061 1569 2141; x_wconf 66' lang='lat' dir='ltr'>28ls</span> <span class='ocrx_word' id='word_1_151' title='bbox 1605 2085 1640 2144; x_wconf 90' lang='grc' dir='ltr'>ιιι</span> <span class='ocrx_word' id='word_1_152' title='bbox 1665 2078 1751 2150; x_wconf 82' lang='lat' dir='ltr'>vidit</span> 
     </span>
     <span class='ocr_line' id='line_1_16' title="bbox 252 2189 1748 2286; baseline 0.003 -24"><span class='ocrx_word' id='word_1_153' title='bbox 252 2193 375 2276; x_wconf 89' lang='lat' dir='ltr'>lesum,</span> <span class='ocrx_word' id='word_1_154' title='bbox 403 2193 551 2286; x_wconf 89' lang='lat' dir='ltr'>procidit</span> <span class='ocrx_word' id='word_1_155' title='bbox 578 2203 658 2263; x_wconf 87' lang='lat' dir='ltr'>ante</span> <span class='ocrx_word' id='word_1_156' title='bbox 684 2193 777 2262; x_wconf 92' lang='lat' dir='ltr'>illum</span> <span class='ocrx_word' id='word_1_157' title='bbox 805 2201 839 2262; x_wconf 89' lang='lat' dir='ltr'>et</span> <span class='ocrx_word' id='word_1_158' title='bbox 865 2193 1065 2262; x_wconf 81' lang='lat' dir='ltr'>exclamans</span> <span class='ocrx_word' id='word_1_159' title='bbox 1091 2211 1181 2260; x_wconf 87' lang='lat' dir='ltr'>voce</span> <span class='ocrx_word' id='word_1_160' title='bbox 1209 2211 1335 2281; x_wconf 89' lang='lat' dir='ltr'>magna</span> <span class='ocrx_word' id='word_1_161' title='bbox 1362 2189 1453 2260; x_wconf 81' lang='lat' dir='ltr'>dixit</span> <span class='ocrx_word' id='word_1_162' title='bbox 1491 2191 1583 2274; x_wconf 86' lang='lat' dir='ltr'>Quid</span> <span class='ocrx_word' id='word_1_163' title='bbox 1606 2193 1689 2264; x_wconf 92' lang='lat' dir='ltr'>mibi</span> <span class='ocrx_word' id='word_1_164' title='bbox 1713 2210 1748 2267; x_wconf 88' lang='lat' dir='ltr'>et</span> 
     </span>
     <span class='ocr_line' id='line_1_17' title="bbox 253 2303 1746 2400; baseline 0.003 -19"><span class='ocrx_word' id='word_1_165' title='bbox 253 2312 311 2382; x_wconf 89' lang='lat' dir='ltr'>tibi</span> <span class='ocrx_word' id='word_1_166' title='bbox 338 2321 400 2396; x_wconf 88' lang='lat' dir='ltr'>est,</span> <span class='ocrx_word' id='word_1_167' title='bbox 427 2313 505 2382; x_wconf 92' lang='lat' dir='ltr'>lesu</span> <span class='ocrx_word' id='word_1_168' title='bbox 531 2311 587 2382; x_wconf 89' lang='lat' dir='ltr'>filii</span> <span class='ocrx_word' id='word_1_169' title='bbox 615 2312 672 2384; x_wconf 92' lang='lat' dir='ltr'>dei</span> <span class='ocrx_word' id='word_1_170' title='bbox 700 2311 879 2383; x_wconf 81' lang='lat' dir='ltr'>altissimi?</span> <span class='ocrx_word' id='word_1_171' title='bbox 908 2311 1059 2381; x_wconf 90' lang='lat' dir='ltr'>obsecro</span> <span class='ocrx_word' id='word_1_172' title='bbox 1093 2318 1129 2380; x_wconf 91' lang='lat' dir='ltr'>te</span> <span class='ocrx_word' id='word_1_173' title='bbox 1164 2331 1209 2379; x_wconf 91' lang='lat' dir='ltr'>ne</span> <span class='ocrx_word' id='word_1_174' title='bbox 1236 2329 1293 2378; x_wconf 87' lang='lat' dir='ltr'>me</span> <span class='ocrx_word' id='word_1_175' title='bbox 1330 2319 1508 2400; x_wconf 87' lang='lat' dir='ltr'>torqueas.</span> <span class='ocrx_word' id='word_1_176' title='bbox 1563 2303 1746 2386; x_wconf 62' lang='lat' dir='ltr'>²⁹&#39;Praeci-</span> 
     </span>
     <span class='ocr_line' id='line_1_18' title="bbox 252 2427 1745 2528; baseline 0.004 -28"><span class='ocrx_word' id='word_1_177' title='bbox 252 2430 371 2522; x_wconf 90' lang='lat' dir='ltr'>piebat</span> <span class='ocrx_word' id='word_1_178' title='bbox 397 2431 488 2501; x_wconf 91' lang='lat' dir='ltr'>enim</span> <span class='ocrx_word' id='word_1_179' title='bbox 514 2431 646 2524; x_wconf 90' lang='lat' dir='ltr'>spiritui</span> <span class='ocrx_word' id='word_1_180' title='bbox 673 2431 849 2502; x_wconf 92' lang='lat' dir='ltr'>immundo</span> <span class='ocrx_word' id='word_1_181' title='bbox 878 2439 915 2498; x_wconf 88' lang='lat' dir='ltr'>ut</span> <span class='ocrx_word' id='word_1_182' title='bbox 941 2429 1054 2499; x_wconf 85' lang='lat' dir='ltr'>exiret</span> <span class='ocrx_word' id='word_1_183' title='bbox 1081 2430 1125 2499; x_wconf 91' lang='lat' dir='ltr'>ab</span> <span class='ocrx_word' id='word_1_184' title='bbox 1152 2427 1307 2498; x_wconf 87' lang='lat' dir='ltr'>bomine:</span> <span class='ocrx_word' id='word_1_185' title='bbox 1339 2429 1457 2498; x_wconf 90' lang='lat' dir='ltr'>multis</span> <span class='ocrx_word' id='word_1_186' title='bbox 1486 2431 1578 2501; x_wconf 91' lang='lat' dir='ltr'>enim</span> <span class='ocrx_word' id='word_1_187' title='bbox 1606 2443 1745 2528; x_wconf 85' lang='lat' dir='ltr'>tempo-</span> 
     </span>
     <span class='ocr_line' id='line_1_19' title="bbox 253 2547 1743 2644; baseline 0.005 -26"><span class='ocrx_word' id='word_1_188' title='bbox 253 2551 355 2621; x_wconf 86' lang='lat' dir='ltr'>ribus·</span> <span class='ocrx_word' id='word_1_189' title='bbox 375 2551 562 2644; x_wconf 88' lang='lat' dir='ltr'>arripiebat</span> <span class='ocrx_word' id='word_1_190' title='bbox 587 2551 697 2636; x_wconf 93' lang='lat' dir='ltr'>illum,</span> <span class='ocrx_word' id='word_1_191' title='bbox 734 2561 769 2620; x_wconf 86' lang='lat' dir='ltr'>et</span> <span class='ocrx_word' id='word_1_192' title='bbox 801 2548 1015 2620; x_wconf 86' lang='lat' dir='ltr'>vinciebatur</span> <span class='ocrx_word' id='word_1_193' title='bbox 1042 2548 1172 2618; x_wconf 84' lang='lat' dir='ltr'>catenis</span> <span class='ocrx_word' id='word_1_194' title='bbox 1206 2557 1241 2618; x_wconf 89' lang='lat' dir='ltr'>et</span> <span class='ocrx_word' id='word_1_195' title='bbox 1274 2547 1507 2639; x_wconf 89' lang='lat' dir='ltr'>compedibus</span> <span class='ocrx_word' id='word_1_196' title='bbox 1541 2552 1743 2639; x_wconf 78' lang='lat' dir='ltr'>custoditus</span> 
     </span>
     <span class='ocr_line' id='line_1_20' title="bbox 254 2659 1743 2762; baseline 0.003 -23"><span class='ocrx_word' id='word_1_197' title='bbox 254 2681 289 2740; x_wconf 90' lang='lat' dir='ltr'>et</span> <span class='ocrx_word' id='word_1_198' title='bbox 315 2671 422 2762; x_wconf 90' lang='lat' dir='ltr'>ruptis</span> <span class='ocrx_word' id='word_1_199' title='bbox 448 2672 591 2742; x_wconf 93' lang='lat' dir='ltr'>vinculis</span> <span class='ocrx_word' id='word_1_200' title='bbox 618 2671 788 2762; x_wconf 78' lang='lat' dir='ltr'>agebatur</span> <span class='ocrx_word' id='word_1_201' title='bbox 814 2691 835 2740; x_wconf 87' lang='lat' dir='ltr'>a</span> <span class='ocrx_word' id='word_1_202' title='bbox 863 2667 1049 2739; x_wconf 88' lang='lat' dir='ltr'>daemonio</span> <span class='ocrx_word' id='word_1_203' title='bbox 1077 2668 1112 2736; x_wconf 96' lang='lat' dir='ltr'>in</span> <span class='ocrx_word' id='word_1_204' title='bbox 1134 2666 1283 2738; x_wconf 88' lang='lat' dir='ltr'>deserta.</span> <span class='ocrx_word' id='word_1_205' title='bbox 1327 2659 1355 2702; x_wconf 76' lang='lat'>³⁰</span> <span class='ocrx_word' id='word_1_206' title='bbox 1372 2667 1601 2762; x_wconf 86' lang='lat' dir='ltr'>Interrogavit</span> <span class='ocrx_word' id='word_1_207' title='bbox 1628 2682 1743 2743; x_wconf 91' lang='lat' dir='ltr'>autem</span> 
     </span>
     <span class='ocr_line' id='line_1_21' title="bbox 253 2781 1742 2884; baseline 0.005 -26"><span class='ocrx_word' id='word_1_208' title='bbox 253 2789 343 2860; x_wconf 91' lang='lat' dir='ltr'>illum</span> <span class='ocrx_word' id='word_1_209' title='bbox 370 2791 465 2860; x_wconf 89' lang='lat' dir='ltr'>lesus</span> <span class='ocrx_word' id='word_1_210' title='bbox 492 2789 611 2861; x_wconf 90' lang='lat' dir='ltr'>dicens</span> <span class='ocrx_word' id='word_1_211' title='bbox 639 2791 742 2874; x_wconf 89' lang='lat' dir='ltr'>Quod</span> <span class='ocrx_word' id='word_1_212' title='bbox 770 2789 828 2860; x_wconf 93' lang='lat' dir='ltr'>tibi</span> <span class='ocrx_word' id='word_1_213' title='bbox 855 2807 984 2858; x_wconf 89' lang='lat' dir='ltr'>nomen</span> <span class='ocrx_word' id='word_1_214' title='bbox 1012 2781 1103 2858; x_wconf 79' lang='lat' dir='ltr'>&#39;estl</span> <span class='ocrx_word' id='word_1_215' title='bbox 1130 2785 1175 2856; x_wconf 83' lang='grc' dir='ltr'>Αι</span> <span class='ocrx_word' id='word_1_216' title='bbox 1201 2785 1256 2854; x_wconf 95' lang='lat' dir='ltr'>ille</span> <span class='ocrx_word' id='word_1_217' title='bbox 1283 2783 1370 2854; x_wconf 83' lang='lat' dir='ltr'>dixit</span> <span class='ocrx_word' id='word_1_218' title='bbox 1387 2787 1507 2879; x_wconf 81' lang='lat' dir='ltr'>Legio,</span> <span class='ocrx_word' id='word_1_219' title='bbox 1536 2792 1616 2884; x_wconf 92' lang='lat' dir='ltr'>quia</span> <span class='ocrx_word' id='word_1_220' title='bbox 1634 2793 1742 2865; x_wconf 85' lang='lat' dir='ltr'>intra-</span> 
     </span>
     <span class='ocr_line' id='line_1_22' title="bbox 253 2897 1743 3002; baseline 0.003 -24"><span class='ocrx_word' id='word_1_221' title='bbox 253 2918 375 2980; x_wconf 90' lang='lat' dir='ltr'>verant</span> <span class='ocrx_word' id='word_1_222' title='bbox 401 2909 587 2980; x_wconf 89' lang='lat' dir='ltr'>daemonia</span> <span class='ocrx_word' id='word_1_223' title='bbox 613 2909 719 2980; x_wconf 88' lang='lat' dir='ltr'>multa</span> <span class='ocrx_word' id='word_1_224' title='bbox 745 2909 779 2978; x_wconf 93' lang='lat' dir='ltr'>in</span> <span class='ocrx_word' id='word_1_225' title='bbox 806 2931 895 2978; x_wconf 88' lang='lat' dir='ltr'>eum.</span> <span class='ocrx_word' id='word_1_226' title='bbox 948 2897 971 2942; x_wconf 83' lang='lat'>³¹</span> <span class='ocrx_word' id='word_1_227' title='bbox 992 2907 1034 2976; x_wconf 90' lang='lat' dir='ltr'>Et</span> <span class='ocrx_word' id='word_1_228' title='bbox 1059 2906 1233 2999; x_wconf 83' lang='lat' dir='ltr'>rogabant</span> <span class='ocrx_word' id='word_1_229' title='bbox 1265 2925 1345 2974; x_wconf 91' lang='lat' dir='ltr'>eum</span> <span class='ocrx_word' id='word_1_230' title='bbox 1379 2927 1423 2976; x_wconf 90' lang='lat' dir='ltr'>ne</span> <span class='ocrx_word' id='word_1_231' title='bbox 1458 2908 1647 3002; x_wconf 87' lang='lat' dir='ltr'>imperaret</span> <span class='ocrx_word' id='word_1_232' title='bbox 1681 2913 1743 2982; x_wconf 84' lang='lat' dir='ltr'>ibis</span> 
     </span>
     <span class='ocr_line' id='line_1_23' title="bbox 254 3022 1742 3124; baseline 0.003 -26"><span class='ocrx_word' id='word_1_233' title='bbox 254 3030 349 3100; x_wconf 90' lang='lat' dir='ltr'>utin</span> <span class='ocrx_word' id='word_1_234' title='bbox 376 3029 543 3122; x_wconf 82' lang='lat' dir='ltr'>abyssum</span> <span class='ocrx_word' id='word_1_235' title='bbox 577 3029 675 3100; x_wconf 89' lang='lat' dir='ltr'>irent.</span> <span class='ocrx_word' id='word_1_236' title='bbox 727 3022 848 3100; x_wconf 77' lang='lat' dir='ltr'>³²Erat</span> <span class='ocrx_word' id='word_1_237' title='bbox 881 3037 996 3098; x_wconf 89' lang='lat' dir='ltr'>autem</span> <span class='ocrx_word' id='word_1_238' title='bbox 1032 3027 1078 3098; x_wconf 93' lang='lat' dir='ltr'>ibi</span> <span class='ocrx_word' id='word_1_239' title='bbox 1110 3046 1199 3118; x_wconf 85' lang='lat' dir='ltr'>grex</span> <span class='ocrx_word' id='word_1_240' title='bbox 1232 3045 1421 3116; x_wconf 90' lang='lat' dir='ltr'>porcorum</span> <span class='ocrx_word' id='word_1_241' title='bbox 1453 3031 1641 3100; x_wconf 88' lang='lat' dir='ltr'>multorum</span> <span class='ocrx_word' id='word_1_242' title='bbox 1677 3055 1742 3124; x_wconf 92' lang='lat' dir='ltr'>pa-</span> 
     </span>
     <span class='ocr_line' id='line_1_24' title="bbox 253 3145 1742 3241; baseline -0.001 -22"><span class='ocrx_word' id='word_1_243' title='bbox 253 3149 419 3219; x_wconf 87' lang='lat' dir='ltr'>scentium</span> <span class='ocrx_word' id='word_1_244' title='bbox 447 3149 480 3218; x_wconf 96' lang='lat' dir='ltr'>in</span> <span class='ocrx_word' id='word_1_245' title='bbox 506 3158 640 3220; x_wconf 92' lang='lat' dir='ltr'>monte:</span> <span class='ocrx_word' id='word_1_246' title='bbox 669 3158 704 3219; x_wconf 88' lang='lat' dir='ltr'>et</span> <span class='ocrx_word' id='word_1_247' title='bbox 730 3149 901 3238; x_wconf 87' lang='lat' dir='ltr'>rogabant</span> <span class='ocrx_word' id='word_1_248' title='bbox 928 3168 1007 3216; x_wconf 89' lang='lat' dir='ltr'>eum</span> <span class='ocrx_word' id='word_1_249' title='bbox 1035 3158 1071 3217; x_wconf 93' lang='lat' dir='ltr'>ut</span> <span class='ocrx_word' id='word_1_250' title='bbox 1105 3145 1318 3240; x_wconf 88' lang='lat' dir='ltr'>permitteret</span> <span class='ocrx_word' id='word_1_251' title='bbox 1349 3145 1400 3214; x_wconf 89' lang='lat' dir='ltr'>eis</span> <span class='ocrx_word' id='word_1_252' title='bbox 1435 3147 1468 3216; x_wconf 95' lang='lat' dir='ltr'>in</span> <span class='ocrx_word' id='word_1_253' title='bbox 1494 3147 1571 3218; x_wconf 90' lang='lat' dir='ltr'>illos</span> <span class='ocrx_word' id='word_1_254' title='bbox 1598 3149 1742 3241; x_wconf 82' lang='lat' dir='ltr'>ingredi.</span> 
     </span>
     <span class='ocr_line' id='line_1_25' title="bbox 253 3253 1743 3361; baseline -0.002 -23"><span class='ocrx_word' id='word_1_255' title='bbox 253 3269 296 3339; x_wconf 87' lang='lat' dir='ltr'>Et</span> <span class='ocrx_word' id='word_1_256' title='bbox 322 3268 478 3361; x_wconf 87' lang='lat' dir='ltr'>permisit</span> <span class='ocrx_word' id='word_1_257' title='bbox 502 3267 576 3338; x_wconf 92' lang='lat' dir='ltr'>illis.</span> <span class='ocrx_word' id='word_1_258' title='bbox 629 3261 833 3338; x_wconf 71' lang='lat' dir='ltr'>33Exierunt</span> <span class='ocrx_word' id='word_1_259' title='bbox 869 3253 955 3358; x_wconf 87' lang='lat' dir='ltr'>ergo</span> <span class='ocrx_word' id='word_1_260' title='bbox 991 3266 1175 3339; x_wconf 88' lang='lat' dir='ltr'>daemonia</span> <span class='ocrx_word' id='word_1_261' title='bbox 1212 3263 1257 3334; x_wconf 91' lang='lat' dir='ltr'>ab</span> <span class='ocrx_word' id='word_1_262' title='bbox 1290 3263 1429 3335; x_wconf 91' lang='lat' dir='ltr'>homine</span> <span class='ocrx_word' id='word_1_263' title='bbox 1464 3277 1499 3336; x_wconf 90' lang='lat' dir='ltr'>et</span> <span class='ocrx_word' id='word_1_264' title='bbox 1531 3268 1743 3338; x_wconf 81' lang='lat' dir='ltr'>intraverunt</span> 
     </span>
     <span class='ocr_line' id='line_1_26' title="bbox 254 3383 1742 3481; baseline -0.001 -23"><span class='ocrx_word' id='word_1_265' title='bbox 254 3411 288 3458; x_wconf 88' lang='grc' dir='ltr'>ιιι</span> <span class='ocrx_word' id='word_1_266' title='bbox 314 3409 453 3480; x_wconf 85' lang='lat' dir='ltr'>porcos,</span> <span class='ocrx_word' id='word_1_267' title='bbox 480 3397 516 3458; x_wconf 88' lang='lat' dir='ltr'>et</span> <span class='ocrx_word' id='word_1_268' title='bbox 542 3389 672 3481; x_wconf 89' lang='lat' dir='ltr'>impetu</span> <span class='ocrx_word' id='word_1_269' title='bbox 699 3387 781 3458; x_wconf 88' lang='lat' dir='ltr'>abiit</span> <span class='ocrx_word' id='word_1_270' title='bbox 807 3408 896 3478; x_wconf 86' lang='lat' dir='ltr'>grex</span> <span class='ocrx_word' id='word_1_271' title='bbox 924 3408 987 3478; x_wconf 89' lang='lat' dir='ltr'>per</span> <span class='ocrx_word' id='word_1_272' title='bbox 1020 3405 1193 3480; x_wconf 89' lang='lat' dir='ltr'>praeceps</span> <span class='ocrx_word' id='word_1_273' title='bbox 1227 3383 1259 3452; x_wconf 92' lang='lat' dir='ltr'>in</span> <span class='ocrx_word' id='word_1_274' title='bbox 1294 3391 1454 3474; x_wconf 88' lang='lat' dir='ltr'>stagnum</span> <span class='ocrx_word' id='word_1_275' title='bbox 1490 3395 1525 3456; x_wconf 90' lang='lat' dir='ltr'>et</span> <span class='ocrx_word' id='word_1_276' title='bbox 1556 3385 1742 3456; x_wconf 82' lang='lat' dir='ltr'>suffocatus</span> 
     </span>
     <span class='ocr_line' id='line_1_27' title="bbox 255 3495 1743 3598; baseline -0.002 -21"><span class='ocrx_word' id='word_1_277' title='bbox 255 3518 317 3578; x_wconf 90' lang='lat' dir='ltr'>est.</span> <span class='ocrx_word' id='word_1_278' title='bbox 369 3495 396 3544; x_wconf 66' lang='lat'>³*</span> <span class='ocrx_word' id='word_1_279' title='bbox 415 3507 517 3590; x_wconf 91' lang='lat' dir='ltr'>Quod</span> <span class='ocrx_word' id='word_1_280' title='bbox 545 3517 581 3577; x_wconf 93' lang='grc' dir='ltr'>ιιι</span> <span class='ocrx_word' id='word_1_281' title='bbox 607 3507 767 3578; x_wconf 67' lang='lat' dir='ltr'>oderunt</span> <span class='ocrx_word' id='word_1_282' title='bbox 793 3507 918 3576; x_wconf 89' lang='lat' dir='ltr'>lactum</span> <span class='ocrx_word' id='word_1_283' title='bbox 947 3507 1005 3598; x_wconf 90' lang='lat' dir='ltr'>qui</span> <span class='ocrx_word' id='word_1_284' title='bbox 1031 3506 1230 3598; x_wconf 90' lang='lat' dir='ltr'>pascebant,</span> <span class='ocrx_word' id='word_1_285' title='bbox 1258 3504 1418 3594; x_wconf 83' lang='lat' dir='ltr'>fugeruut</span> <span class='ocrx_word' id='word_1_286' title='bbox 1445 3514 1479 3574; x_wconf 90' lang='lat' dir='ltr'>et</span> <span class='ocrx_word' id='word_1_287' title='bbox 1500 3504 1743 3576; x_wconf 81' lang='lat' dir='ltr'>nuntiaverunt</span> 
     </span>
     <span class='ocr_line' id='line_1_28' title="bbox 256 3617 1742 3713; baseline 0.001 -21"><span class='ocrx_word' id='word_1_288' title='bbox 256 3627 290 3694; x_wconf 92' lang='lat' dir='ltr'>in</span> <span class='ocrx_word' id='word_1_289' title='bbox 316 3626 489 3698; x_wconf 88' lang='lat' dir='ltr'>civitatem</span> <span class='ocrx_word' id='word_1_290' title='bbox 517 3637 552 3696; x_wconf 91' lang='lat' dir='ltr'>et</span> <span class='ocrx_word' id='word_1_291' title='bbox 578 3627 612 3696; x_wconf 94' lang='lat' dir='ltr'>in</span> <span class='ocrx_word' id='word_1_292' title='bbox 638 3627 745 3698; x_wconf 90' lang='lat' dir='ltr'>villas.</span> <span class='ocrx_word' id='word_1_293' title='bbox 798 3617 1005 3696; x_wconf 69' lang='lat' dir='ltr'>35Exierunt</span> <span class='ocrx_word' id='word_1_294' title='bbox 1032 3635 1147 3696; x_wconf 92' lang='lat' dir='ltr'>autem</span> <span class='ocrx_word' id='word_1_295' title='bbox 1175 3622 1295 3694; x_wconf 86' lang='lat' dir='ltr'>videre</span> <span class='ocrx_word' id='word_1_296' title='bbox 1324 3623 1420 3713; x_wconf 93' lang='lat' dir='ltr'>quod</span> <span class='ocrx_word' id='word_1_297' title='bbox 1447 3624 1574 3694; x_wconf 90' lang='lat' dir='ltr'>lactum</span> <span class='ocrx_word' id='word_1_298' title='bbox 1602 3634 1673 3707; x_wconf 90' lang='lat' dir='ltr'>est,</span> <span class='ocrx_word' id='word_1_299' title='bbox 1709 3633 1742 3694; x_wconf 94' lang='lat' dir='ltr'>et</span> 
     </span>
     <span class='ocr_line' id='line_1_29' title="bbox 256 3743 1744 3835; baseline 0 -21"><span class='ocrx_word' id='word_1_300' title='bbox 256 3754 425 3814; x_wconf 87' lang='lat' dir='ltr'>venerunt</span> <span class='ocrx_word' id='word_1_301' title='bbox 452 3745 498 3816; x_wconf 91' lang='lat' dir='ltr'>ad</span> <span class='ocrx_word' id='word_1_302' title='bbox 525 3747 647 3828; x_wconf 91' lang='lat' dir='ltr'>lesum,</span> <span class='ocrx_word' id='word_1_303' title='bbox 676 3755 711 3815; x_wconf 89' lang='lat' dir='ltr'>et</span> <span class='ocrx_word' id='word_1_304' title='bbox 735 3743 941 3816; x_wconf 90' lang='lat' dir='ltr'>invenerunt</span> <span class='ocrx_word' id='word_1_305' title='bbox 967 3745 1143 3816; x_wconf 93' lang='lat' dir='ltr'>hominem</span> <span class='ocrx_word' id='word_1_306' title='bbox 1171 3743 1369 3826; x_wconf 88' lang='lat' dir='ltr'>sedentem,</span> <span class='ocrx_word' id='word_1_307' title='bbox 1405 3764 1426 3813; x_wconf 93' lang='lat' dir='ltr'>a</span> <span class='ocrx_word' id='word_1_308' title='bbox 1460 3765 1529 3835; x_wconf 87' lang='lat' dir='ltr'>quo</span> <span class='ocrx_word' id='word_1_309' title='bbox 1557 3743 1744 3815; x_wconf 89' lang='lat' dir='ltr'>daemonia</span> 
     </span>
     <span class='ocr_line' id='line_1_30' title="bbox 258 3855 1743 3957; baseline 0 -23"><span class='ocrx_word' id='word_1_310' title='bbox 258 3865 423 3947; x_wconf 86' lang='lat' dir='ltr'>exierant,</span> <span class='ocrx_word' id='word_1_311' title='bbox 450 3865 610 3934; x_wconf 88' lang='lat' dir='ltr'>vestitum</span> <span class='ocrx_word' id='word_1_312' title='bbox 638 3886 679 3934; x_wconf 89' lang='lat' dir='ltr'>ac</span> <span class='ocrx_word' id='word_1_313' title='bbox 707 3885 791 3935; x_wconf 85' lang='lat' dir='ltr'>sana</span> <span class='ocrx_word' id='word_1_314' title='bbox 818 3873 933 3934; x_wconf 89' lang='lat' dir='ltr'>mente</span> <span class='ocrx_word' id='word_1_315' title='bbox 962 3864 1008 3936; x_wconf 92' lang='lat' dir='ltr'>ad</span> <span class='ocrx_word' id='word_1_316' title='bbox 1034 3865 1147 3957; x_wconf 90' lang='lat' dir='ltr'>pedes</span> <span class='ocrx_word' id='word_1_317' title='bbox 1174 3865 1265 3948; x_wconf 91' lang='lat' dir='ltr'>eius,</span> <span class='ocrx_word' id='word_1_318' title='bbox 1293 3873 1329 3932; x_wconf 88' lang='lat' dir='ltr'>et</span> <span class='ocrx_word' id='word_1_319' title='bbox 1356 3863 1556 3932; x_wconf 87' lang='lat' dir='ltr'>timuerunt:</span> <span class='ocrx_word' id='word_1_320' title='bbox 1610 3855 1637 3900; x_wconf 72' lang='lat'>³⁸</span> <span class='ocrx_word' id='word_1_321' title='bbox 1654 3885 1743 3934; x_wconf 94' lang='lat' dir='ltr'>nun-</span> 
     </span>
     <span class='ocr_line' id='line_1_31' title="bbox 258 3983 1743 4076; baseline -0.001 -23"><span class='ocrx_word' id='word_1_322' title='bbox 258 3985 426 4056; x_wconf 87' lang='lat' dir='ltr'>tiaverunt</span> <span class='ocrx_word' id='word_1_323' title='bbox 453 3991 568 4054; x_wconf 88' lang='lat' dir='ltr'>autem</span> <span class='ocrx_word' id='word_1_324' title='bbox 582 3983 657 4053; x_wconf 46' lang='lat' dir='ltr'>‘illis</span> <span class='ocrx_word' id='word_1_325' title='bbox 685 3993 720 4052; x_wconf 88' lang='lat' dir='ltr'>et</span> <span class='ocrx_word' id='word_1_326' title='bbox 746 3983 804 4074; x_wconf 90' lang='lat' dir='ltr'>qui</span> <span class='ocrx_word' id='word_1_327' title='bbox 830 3983 990 4054; x_wconf 85' lang='lat' dir='ltr'>viderant</span> <span class='ocrx_word' id='word_1_328' title='bbox 1016 3983 1194 4076; x_wconf 90' lang='lat' dir='ltr'>quomodo</span> <span class='ocrx_word' id='word_1_329' title='bbox 1231 4003 1335 4054; x_wconf 91' lang='lat' dir='ltr'>sanus</span> <span class='ocrx_word' id='word_1_330' title='bbox 1369 3983 1479 4052; x_wconf 88' lang='lat' dir='ltr'>lactus</span> <span class='ocrx_word' id='word_1_331' title='bbox 1507 3991 1602 4053; x_wconf 89' lang='lat' dir='ltr'>esset</span> <span class='ocrx_word' id='word_1_332' title='bbox 1628 4004 1649 4053; x_wconf 92' lang='lat' dir='ltr'>a</span> <span class='ocrx_word' id='word_1_333' title='bbox 1676 3983 1743 4052; x_wconf 92' lang='lat' dir='ltr'>Le-</span> 
     </span>
     <span class='ocr_line' id='line_1_32' title="bbox 258 4095 1744 4196; baseline -0.001 -22"><span class='ocrx_word' id='word_1_334' title='bbox 258 4104 371 4194; x_wconf 82' lang='lat' dir='ltr'>gione.</span> <span class='ocrx_word' id='word_1_335' title='bbox 415 4095 440 4140; x_wconf 63' lang='lat'>³7</span> <span class='ocrx_word' id='word_1_336' title='bbox 454 4104 496 4172; x_wconf 88' lang='lat' dir='ltr'>Et</span> <span class='ocrx_word' id='word_1_337' title='bbox 521 4113 734 4196; x_wconf 86' lang='lat' dir='ltr'>rogaverunt</span> <span class='ocrx_word' id='word_1_338' title='bbox 760 4103 852 4174; x_wconf 91' lang='lat' dir='ltr'>illum</span> <span class='ocrx_word' id='word_1_339' title='bbox 879 4103 992 4173; x_wconf 92' lang='lat' dir='ltr'>omnis</span> <span class='ocrx_word' id='word_1_340' title='bbox 1019 4103 1198 4175; x_wconf 86' lang='lat' dir='ltr'>multitudo</span> <span class='ocrx_word' id='word_1_341' title='bbox 1236 4101 1390 4193; x_wconf 88' lang='lat' dir='ltr'>regionis</span> <span class='ocrx_word' id='word_1_342' title='bbox 1424 4101 1680 4172; x_wconf 87' lang='lat' dir='ltr'>Gerasenorum</span> <span class='ocrx_word' id='word_1_343' title='bbox 1707 4111 1744 4172; x_wconf 91' lang='lat' dir='ltr'>ut</span> 
     </span>
     <span class='ocr_line' id='line_1_33' title="bbox 259 4212 1743 4316; baseline 0.001 -22"><span class='ocrx_word' id='word_1_344' title='bbox 259 4222 459 4294; x_wconf 90' lang='lat' dir='ltr'>discederet</span> <span class='ocrx_word' id='word_1_345' title='bbox 491 4224 536 4294; x_wconf 91' lang='lat' dir='ltr'>ab</span> <span class='ocrx_word' id='word_1_346' title='bbox 577 4223 677 4314; x_wconf 89' lang='lat' dir='ltr'>ipsis,</span> <span class='ocrx_word' id='word_1_347' title='bbox 720 4222 800 4313; x_wconf 89' lang='lat' dir='ltr'>quia</span> <span class='ocrx_word' id='word_1_348' title='bbox 833 4221 956 4293; x_wconf 87' lang='lat' dir='ltr'>timore</span> <span class='ocrx_word' id='word_1_349' title='bbox 989 4245 1116 4316; x_wconf 87' lang='lat' dir='ltr'>magno</span> <span class='ocrx_word' id='word_1_350' title='bbox 1154 4223 1372 4293; x_wconf 86' lang='lat' dir='ltr'>tenebantur:</span> <span class='ocrx_word' id='word_1_351' title='bbox 1426 4212 1502 4269; x_wconf 64' lang='lat' dir='ltr'>(tet.)</span> <span class='ocrx_word' id='word_1_352' title='bbox 1517 4221 1593 4314; x_wconf 91' lang='lat' dir='ltr'>ipse</span> <span class='ocrx_word' id='word_1_353' title='bbox 1627 4229 1743 4296; x_wconf 84' lang='lat' dir='ltr'>aulem</span> 
     </span>
     <span class='ocr_line' id='line_1_34' title="bbox 259 4333 1743 4434; baseline -0.003 -22"><span class='ocrx_word' id='word_1_354' title='bbox 259 4342 455 4414; x_wconf 86' lang='lat' dir='ltr'>ascendens</span> <span class='ocrx_word' id='word_1_355' title='bbox 482 4363 607 4412; x_wconf 83' lang='lat' dir='ltr'>navem</span> <span class='ocrx_word' id='word_1_356' title='bbox 634 4363 798 4412; x_wconf 89' lang='lat' dir='ltr'>reversus</span> <span class='ocrx_word' id='word_1_357' title='bbox 826 4355 889 4412; x_wconf 92' lang='lat' dir='ltr'>est.</span> <span class='ocrx_word' id='word_1_358' title='bbox 942 4333 969 4378; x_wconf 75' lang='lat'>³⁸</span> <span class='ocrx_word' id='word_1_359' title='bbox 987 4343 1029 4412; x_wconf 80' lang='lat' dir='ltr'>ut</span> <span class='ocrx_word' id='word_1_360' title='bbox 1064 4343 1212 4434; x_wconf 89' lang='lat' dir='ltr'>rogabat</span> <span class='ocrx_word' id='word_1_361' title='bbox 1244 4342 1336 4411; x_wconf 92' lang='lat' dir='ltr'>illum</span> <span class='ocrx_word' id='word_1_362' title='bbox 1370 4341 1566 4432; x_wconf 84' lang='lat' dir='ltr'>viraque</span> <span class='ocrx_word' id='word_1_363' title='bbox 1595 4339 1743 4409; x_wconf 88' lang='lat' dir='ltr'>daemo-</span> 
     </span>
     <span class='ocr_line' id='line_1_35' title="bbox 258 4449 1743 4534; baseline -0.005 -1"><span class='ocrx_word' id='word_1_364' title='bbox 258 4463 315 4534; x_wconf 92' lang='lat' dir='ltr'>nia</span> <span class='ocrx_word' id='word_1_365' title='bbox 342 4462 502 4532; x_wconf 89' lang='lat' dir='ltr'>exierant</span> <span class='ocrx_word' id='word_1_366' title='bbox 527 4471 564 4531; x_wconf 87' lang='lat' dir='ltr'>ut</span> <span class='ocrx_word' id='word_1_367' title='bbox 590 4483 667 4531; x_wconf 93' lang='lat' dir='ltr'>cum</span> <span class='ocrx_word' id='word_1_368' title='bbox 696 4483 740 4532; x_wconf 92' lang='lat' dir='ltr'>eo</span> <span class='ocrx_word' id='word_1_369' title='bbox 768 4471 873 4531; x_wconf 83' lang='lat' dir='ltr'>osset.</span> <span class='ocrx_word' id='word_1_370' title='bbox 926 4461 1060 4532; x_wconf 91' lang='lat' dir='ltr'>Dimisit</span> <span class='ocrx_word' id='word_1_371' title='bbox 1086 4473 1201 4534; x_wconf 89' lang='lat' dir='ltr'>autem</span> <span class='ocrx_word' id='word_1_372' title='bbox 1229 4483 1309 4531; x_wconf 90' lang='lat' dir='ltr'>eum</span> <span class='ocrx_word' id='word_1_373' title='bbox 1336 4460 1431 4529; x_wconf 90' lang='lat' dir='ltr'>lesus</span> <span class='ocrx_word' id='word_1_374' title='bbox 1459 4459 1579 4532; x_wconf 86' lang='lat' dir='ltr'>dicens</span> <span class='ocrx_word' id='word_1_375' title='bbox 1618 4449 1743 4529; x_wconf 57' lang='lat' dir='ltr'>suedi</span> 
     </span>
     <span class='ocr_line' id='line_1_36' title="bbox 258 4578 1743 4674; baseline -0.001 -24"><span class='ocrx_word' id='word_1_376' title='bbox 258 4579 401 4651; x_wconf 91' lang='lat' dir='ltr'>domurn</span> <span class='ocrx_word' id='word_1_377' title='bbox 428 4590 531 4664; x_wconf 92' lang='lat' dir='ltr'>tuam,</span> <span class='ocrx_word' id='word_1_378' title='bbox 561 4591 596 4651; x_wconf 88' lang='lat' dir='ltr'>et</span> <span class='ocrx_word' id='word_1_379' title='bbox 622 4601 725 4650; x_wconf 88' lang='lat' dir='ltr'>narra</span> <span class='ocrx_word' id='word_1_380' title='bbox 753 4589 880 4674; x_wconf 87' lang='lat' dir='ltr'>quanta</span> <span class='ocrx_word' id='word_1_381' title='bbox 906 4581 967 4650; x_wconf 92' lang='lat' dir='ltr'>tibi</span> <span class='ocrx_word' id='word_1_382' title='bbox 993 4580 1074 4650; x_wconf 86' lang='lat' dir='ltr'>lecit</span> <span class='ocrx_word' id='word_1_383' title='bbox 1099 4580 1198 4651; x_wconf 81' lang='lat' dir='ltr'>deus,</span> <span class='ocrx_word' id='word_1_384' title='bbox 1250 4579 1292 4648; x_wconf 86' lang='grc' dir='ltr'>Ει</span> <span class='ocrx_word' id='word_1_385' title='bbox 1329 4578 1414 4648; x_wconf 91' lang='lat' dir='ltr'>abiit</span> <span class='ocrx_word' id='word_1_386' title='bbox 1447 4600 1510 4670; x_wconf 91' lang='lat' dir='ltr'>per</span> <span class='ocrx_word' id='word_1_387' title='bbox 1543 4578 1743 4648; x_wconf 88' lang='lat' dir='ltr'>universam</span> 
     </span>
     <span class='ocr_line' id='line_1_37' title="bbox 258 4686 1743 4794; baseline -0.003 -26"><span class='ocrx_word' id='word_1_388' title='bbox 258 4699 430 4770; x_wconf 85' lang='lat' dir='ltr'>civitatem</span> <span class='ocrx_word' id='word_1_389' title='bbox 457 4700 665 4794; x_wconf 88' lang='lat' dir='ltr'>praedicans</span> <span class='ocrx_word' id='word_1_390' title='bbox 692 4701 820 4792; x_wconf 87' lang='lat' dir='ltr'>quanta</span> <span class='ocrx_word' id='word_1_391' title='bbox 847 4699 890 4768; x_wconf 94' lang='lat' dir='ltr'>illi</span> <span class='ocrx_word' id='word_1_392' title='bbox 918 4699 1058 4769; x_wconf 86' lang='lat' dir='ltr'>lecisset</span> <span class='ocrx_word' id='word_1_393' title='bbox 1084 4700 1190 4769; x_wconf 91' lang='lat' dir='ltr'>lesus.</span> <span class='ocrx_word' id='word_1_394' title='bbox 1243 4686 1358 4742; x_wconf 42' lang='grc' dir='ltr'>ΜΖ)</span> <span class='ocrx_word' id='word_1_395' title='bbox 1377 4697 1517 4768; x_wconf 87' lang='lat' dir='ltr'>Factum</span> <span class='ocrx_word' id='word_1_396' title='bbox 1546 4705 1600 4766; x_wconf 90' lang='lat' dir='ltr'>est</span> <span class='ocrx_word' id='word_1_397' title='bbox 1627 4705 1743 4767; x_wconf 88' lang='lat' dir='ltr'>autem</span> 
     </span>
     <span class='ocr_line' id='line_1_38' title="bbox 258 4816 1744 4912; baseline -0.005 -24"><span class='ocrx_word' id='word_1_398' title='bbox 258 4840 337 4888; x_wconf 84' lang='lat' dir='ltr'>eum</span> <span class='ocrx_word' id='word_1_399' title='bbox 364 4819 513 4890; x_wconf 86' lang='lat' dir='ltr'>redisset</span> <span class='ocrx_word' id='word_1_400' title='bbox 537 4821 645 4902; x_wconf 88' lang='lat' dir='ltr'>lesus,</span> <span class='ocrx_word' id='word_1_401' title='bbox 674 4819 815 4912; x_wconf 92' lang='lat' dir='ltr'>excepit</span> <span class='ocrx_word' id='word_1_402' title='bbox 840 4819 932 4888; x_wconf 91' lang='lat' dir='ltr'>illum</span> <span class='ocrx_word' id='word_1_403' title='bbox 960 4819 1076 4888; x_wconf 89' lang='lat' dir='ltr'>turba:</span> <span class='ocrx_word' id='word_1_404' title='bbox 1113 4827 1212 4889; x_wconf 90' lang='lat' dir='ltr'>erant</span> <span class='ocrx_word' id='word_1_405' title='bbox 1238 4816 1328 4886; x_wconf 87' lang='lat' dir='ltr'>enim</span> <span class='ocrx_word' id='word_1_406' title='bbox 1356 4839 1481 4888; x_wconf 91' lang='lat' dir='ltr'>omnes</span> <span class='ocrx_word' id='word_1_407' title='bbox 1515 4821 1744 4908; x_wconf 82' lang='lat' dir='ltr'>expectantes</span> 
     </span>
     <span class='ocr_line' id='line_1_39' title="bbox 258 4927 1818 5029; baseline -0.004 -22"><span class='ocrx_word' id='word_1_408' title='bbox 258 4959 347 5009; x_wconf 90' lang='lat' dir='ltr'>eum.</span> <span class='ocrx_word' id='word_1_409' title='bbox 399 4927 422 4974; x_wconf 71' lang='lat'>⁴¹</span> <span class='ocrx_word' id='word_1_410' title='bbox 443 4938 486 5006; x_wconf 85' lang='lat' dir='ltr'>Et</span> <span class='ocrx_word' id='word_1_411' title='bbox 511 4959 595 5008; x_wconf 87' lang='lat' dir='ltr'>ecce</span> <span class='ocrx_word' id='word_1_412' title='bbox 622 4938 716 5010; x_wconf 82' lang='lat' dir='ltr'>venit</span> <span class='ocrx_word' id='word_1_413' title='bbox 741 4938 793 5006; x_wconf 89' lang='lat' dir='ltr'>vir</span> <span class='ocrx_word' id='word_1_414' title='bbox 820 4938 873 5007; x_wconf 92' lang='lat' dir='ltr'>cui</span> <span class='ocrx_word' id='word_1_415' title='bbox 899 4959 1029 5008; x_wconf 88' lang='lat' dir='ltr'>nornen</span> <span class='ocrx_word' id='word_1_416' title='bbox 1056 4939 1171 5020; x_wconf 80' lang='lat' dir='ltr'>labus,</span> <span class='ocrx_word' id='word_1_417' title='bbox 1199 4946 1235 5006; x_wconf 90' lang='lat' dir='ltr'>et</span> <span class='ocrx_word' id='word_1_418' title='bbox 1260 4935 1337 5027; x_wconf 84' lang='lat' dir='ltr'>ipse</span> <span class='ocrx_word' id='word_1_419' title='bbox 1356 4937 1518 5029; x_wconf 88' lang='lat' dir='ltr'>princeps</span> <span class='ocrx_word' id='word_1_420' title='bbox 1537 4953 1743 5028; x_wconf 81' lang='lat' dir='ltr'>synagogae</span> <span class='ocrx_word' id='word_1_421' title='bbox 1816 5019 1818 5026; x_wconf 18' lang='grc' dir='ltr'><strong><em>Α</em></strong></span> 
     </span>
     <span class='ocr_line' id='line_1_40' title="bbox 258 5052 1742 5150; baseline -0.008 -22"><span class='ocrx_word' id='word_1_422' title='bbox 258 5066 341 5141; x_wconf 89' lang='lat' dir='ltr'>erat,</span> <span class='ocrx_word' id='word_1_423' title='bbox 369 5067 404 5128; x_wconf 87' lang='lat' dir='ltr'>et</span> <span class='ocrx_word' id='word_1_424' title='bbox 429 5056 555 5128; x_wconf 88' lang='lat' dir='ltr'>cecidit</span> <span class='ocrx_word' id='word_1_425' title='bbox 582 5057 627 5128; x_wconf 87' lang='lat' dir='ltr'>ad</span> <span class='ocrx_word' id='word_1_426' title='bbox 654 5057 766 5150; x_wconf 89' lang='lat' dir='ltr'>pedes</span> <span class='ocrx_word' id='word_1_427' title='bbox 792 5059 879 5141; x_wconf 89' lang='lat' dir='ltr'>lesu,</span> <span class='ocrx_word' id='word_1_428' title='bbox 907 5079 1037 5149; x_wconf 87' lang='lat' dir='ltr'>rogans</span> <span class='ocrx_word' id='word_1_429' title='bbox 1070 5079 1150 5128; x_wconf 87' lang='lat' dir='ltr'>eum</span> <span class='ocrx_word' id='word_1_430' title='bbox 1178 5065 1214 5126; x_wconf 90' lang='lat' dir='ltr'>ut</span> <span class='ocrx_word' id='word_1_431' title='bbox 1240 5055 1379 5125; x_wconf 89' lang='lat' dir='ltr'>intraret</span> <span class='ocrx_word' id='word_1_432' title='bbox 1413 5056 1446 5125; x_wconf 94' lang='lat' dir='ltr'>in</span> <span class='ocrx_word' id='word_1_433' title='bbox 1481 5055 1624 5125; x_wconf 93' lang='lat' dir='ltr'>domum</span> <span class='ocrx_word' id='word_1_434' title='bbox 1652 5052 1742 5122; x_wconf 89' lang='lat' dir='ltr'>eius:</span> 
     </span>
    </p>
   </div>
   <div class='ocr_carea' id='block_1_4' title="bbox 256 5165 1870 5268">
    <p class='ocr_par' dir='ltr' id='par_1_4' title="bbox 256 5165 1870 5268">
     <span class='ocr_line' id='line_1_41' title="bbox 256 5165 1870 5268; baseline -0.007 -21"><span class='ocrx_word' id='word_1_435' title='bbox 256 5165 375 5268; x_wconf 54' lang='grc' dir='ltr'>ἢιιιιίιι</span> <span class='ocrx_word' id='word_1_436' title='bbox 402 5175 470 5246; x_wconf 87' lang='lat' dir='ltr'>lilia</span> <span class='ocrx_word' id='word_1_437' title='bbox 496 5177 596 5249; x_wconf 88' lang='lat' dir='ltr'>unica</span> <span class='ocrx_word' id='word_1_438' title='bbox 624 5187 698 5249; x_wconf 89' lang='lat' dir='ltr'>erat</span> <span class='ocrx_word' id='word_1_439' title='bbox 725 5177 769 5248; x_wconf 94' lang='lat' dir='ltr'>illi</span> <span class='ocrx_word' id='word_1_440' title='bbox 801 5179 877 5246; x_wconf 89' lang='lat' dir='ltr'>lere</span> <span class='ocrx_word' id='word_1_441' title='bbox 911 5197 1081 5247; x_wconf 88' lang='lat' dir='ltr'>annorum</span> <span class='ocrx_word' id='word_1_442' title='bbox 1116 5174 1317 5258; x_wconf 88' lang='lat' dir='ltr'>duodecim,</span> <span class='ocrx_word' id='word_1_443' title='bbox 1346 5183 1381 5244; x_wconf 88' lang='lat' dir='ltr'>et</span> <span class='ocrx_word' id='word_1_444' title='bbox 1408 5175 1495 5244; x_wconf 88' lang='lat' dir='ltr'>bace</span> <span class='ocrx_word' id='word_1_445' title='bbox 1522 5173 1742 5244; x_wconf 89' lang='lat' dir='ltr'>moriebatur.</span> <span class='ocrx_word' id='word_1_446' title='bbox 1863 5241 1870 5256; x_wconf 67' lang='grc'>,</span> 
     </span>
    </p>
   </div>
   <div class='ocr_carea' id='block_1_5' title="bbox 837 5295 1434 5482">
    <p class='ocr_par' dir='ltr' id='par_1_5' title="bbox 837 5295 1434 5482">
     <span class='ocr_line' id='line_1_42' title="bbox 837 5295 1155 5378; baseline -0.003 -14"><span class='ocrx_word' id='word_1_447' title='bbox 837 5295 913 5378; x_wconf 87' lang='lat' dir='ltr'>vllJ,</span> <span class='ocrx_word' id='word_1_448' title='bbox 942 5297 990 5368; x_wconf 74' lang='lat'>22</span> <span class='ocrx_word' id='word_1_449' title='bbox 1019 5335 1070 5348; x_wconf 86' lang='lat'>--</span> <span class='ocrx_word' id='word_1_450' title='bbox 1099 5295 1155 5369; x_wconf 72' lang='lat' dir='ltr'>lu.</span> 
     </span>
     <span class='ocr_line' id='line_1_43' title="bbox 1391 5415 1434 5482; baseline 0.023 -1"><span class='ocrx_word' id='word_1_451' title='bbox 1391 5415 1434 5482; x_wconf 77' lang='lat' dir='ltr'>te</span> 
     </span>
    </p>
   </div>
   <div class='ocr_carea' id='block_1_6' title="bbox 0 0 2134 6116">
    <p class='ocr_par' dir='ltr' id='par_1_6' title="bbox 0 0 2134 6116">
     <span class='ocr_line' id='line_1_44' title="bbox 0 0 2134 6116; baseline 0 0"><span class='ocrx_word' id='word_1_452' title='bbox 0 0 2134 6116; x_wconf 95' lang='lat' dir='ltr'> </span> 
     </span>
    </p>
   </div>
  </div>
 </body>
</html>
