4146 6120
828 311 1010 378 mierum
1038 311 1162 376 neom
1665 307 1738 386 ³73
1771 337 1776 346 ¹

255 415 352 424 —n--n-
1186 418 1587 428 .--.-.--—-—-.---.-=—-—--.
1600 419 1744 432 ...μμ-.-

250 515 415 610 sapientia
449 513 495 586 de
529 535 665 586 sursum
698 513 937 597 descendens,
966 516 1029 588 sed
1057 524 1193 588 terrena
1220 514 1376 588 animalis
1401 515 1585 590 diabolica.
1640 509 1667 593 ¹⁶.
1677 519 1741 590 Ubi
1866 601 1870 614 ι

249 635 341 708 enim
368 635 465 708 zelus
493 643 529 704 ct
554 634 738 719 contentio,
766 635 813 708 ibi
839 636 1068 710 inconstantia
1095 645 1131 708 et
1157 655 1378 728 omusiopus
1396 657 1554 728 pravum.
1601 630 1623 673 ¹⁷
1642 638 1740 723 Quae

250 765 367 826 autem
394 755 439 826 de
466 773 604 826 sursum
632 763 689 826 est
714 756 892 847 sapientia,
919 757 1067 850 primum
1095 754 1236 848 quidem
1270 754 1396 848 pudica
1424 765 1492 840 est,
1521 755 1648 830 deinde
1674 781 1740 852 pa-

251 873 348 946 cifica
375 874 537 948 modesta
565 871 760 959 suadibilis,
788 877 890 969 plena
917 875 1156 948 misericordia
1184 884 1220 946 et
1245 875 1410 946 fructibus
1437 875 1557 960 bonis,
1589 897 1659 948 non
1686 878 1739 948 iu-

248 993 388 1076 dicans,
422 994 496 1064 sine
535 992 761 1066 simulatione.
815 989 841 1034 ¹⁸
856 997 1000 1068 Fructus
1036 1004 1151 1066 autern
1185 993 1333 1066 iustitias
1367 993 1400 1064 in
1432 1015 1520 1085 paco
1554 996 1742 1070 seminatur

248 1113 450 1186 iacientibus
476 1134 610 1206 pacem.

958 1321 1008 1390 lv.

325 1463 400 1518 '‘¹''
420 1472 517 1544 Unde
545 1473 636 1544 bella
670 1481 705 1544 et
739 1473 815 1544 lites
846 1474 1052 1545 intervos?
1085 1495 1201 1545 nonne
1229 1493 1273 1543 cx
1303 1472 1589 1566 concupiscentiis
1616 1473 1741 1546 vestris

249 1611 340 1684 quae
367 1592 510 1662 militant
535 1592 567 1662 in
596 1592 762 1664 membris
788 1593 937 1664 vestris?
981 1585 1272 1686 'Concupiscitim
1306 1599 1341 1662 ct
1366 1613 1438 1662 non
1465 1589 1616 1664 habetis:
1645 1593 1739 1664 occi-

249 1711 328 1782 ditis
355 1721 391 1781 et
422 1711 557 1796 zelatis,
589 1721 626 1782 et
658 1733 729 1783 non
760 1713 906 1806 potestis
942 1712 1104 1806 adipisci:
1131 1712 1269 1806 litigatis
1296 1721 1331 1780 et
1356 1709 1582 1802 belligeratis,
1610 1720 1647 1782 et
1671 1731 1740 1784 non

248 1829 383 1900 babctis
409 1841 553 1924 propter
580 1829 676 1926 quod
702 1851 771 1902 non
798 1833 993 1925 postulatis:
1038 1823 1193 1925 ³petitis,
1220 1840 1255 1901 et
1280 1851 1351 1901 non
1369 1829 1554 1922 accipietis,
1582 1849 1627 1902 eo
1645 1831 1739 1922 quod

170 2009 172 2016 ,
249 1950 340 2020 male
368 1950 502 2043 petatis,
529 1961 567 2022 nt
591 1951 626 2022 in
651 1951 938 2044 concupiscentiis
964 1951 1092 2022 vestris
1121 1949 1311 2022 insumatis.
1364 1939 1564 2034 *Adulterb
1596 1950 1740 2022 nescitis

248 2069 328 2160 quia
356 2069 504 2142 amicitia
532 2070 633 2142 buius
660 2069 778 2141 mundi
804 2070 940 2142 inimica
966 2081 1019 2142 est
1046 2069 1127 2142 deii
1155 2059 1208 2126 ‘¹⁴l-
1222 2069 1439 2161 Quicumque
1472 2089 1559 2161 ergo
1592 2069 1740 2140 volnerit

249 2189 379 2260 amicus
406 2210 489 2260 esse
523 2190 652 2262 saeculi
684 2189 800 2276 buius,
834 2191 991 2263 inimicus
1024 2189 1081 2262 dei
1115 2190 1341 2262 constituitur.¹
1391 2179 1475 2258 ι*Αῐι
1506 2188 1633 2280 putatis
1660 2188 1738 2280 quia
1866 2207 1877 2226 ⁸

247 2309 393 2380 inaniter
432 2308 601 2402 scriptura
634 2308 726 2381 dicat
758 2310 815 2382 Ad
848 2309 1011 2382 invidiam
1044 2309 1255 2402 concupiscit
1284 2307 1425 2402 spiritus
1457 2306 1516 2398 qui
1548 2305 1738 2378 habitatin

247 2427 374 2498 vobis‘?
416 2419 612 2499 “Maiorem
638 2439 755 2501 autem
782 2429 843 2502 dat
869 2430 1032 2524 gratiam
1059 2427 1326 2530 propterquod
1353 2426 1435 2499 dicit
1461 2426 1556 2498 Deus
1575 2426 1737 2518 superbis

248 2547 385 2630 resistit
412 2545 598 2618 humilibus
625 2555 741 2620 autem
768 2547 829 2620 dat
854 2549 1010 2642 matiam.
1062 2542 1228 2620 7Subditi
1254 2547 1355 2639 igitur
1386 2553 1501 2617 estote
1527 2545 1614 2617 deo:
1648 2545 1736 2618 resi-

247 2667 326 2738 stits
353 2675 468 2736 antem
496 2665 649 2752 diabolo,
677 2677 712 2738 et
738 2669 845 2761 lugiet
878 2690 897 2739 a
929 2667 1047 2738 vobis:
1091 2661 1394 2762 ⁸adpropinquate
1429 2663 1515 2748 deo,
1543 2673 1579 2734 et
1604 2663 1736 2756 adpro·

247 2785 426 2877 pinquavit
450 2785 561 2856 vobis.
613 2785 808 2860 Emendate
833 2809 964 2872 manus
992 2799 1213 2881 peccatores,
1250 2795 1285 2857 et
1310 2781 1489 2878 purificate
1516 2782 1642 2868 corda,
1669 2783 1736 2856 du-

247 2904 355 2995 pbces
382 2903 507 2976 animo.
560 2895 705 2977 9illiseri
732 2917 846 2978 estote
873 2917 908 2978 et
932 2908 1049 3000 lugete
1074 2915 1111 2978 et
1136 2907 1287 3000 plorate:
1314 2903 1403 2976 risus
1420 2911 1540 2973 vester
1555 2901 1589 2972 in
1607 2903 1735 2974 luctum

247 3029 467 3092 convertatur
492 3031 529 3092 et
555 3022 719 3112 gaudium
746 3027 780 3096 in
806 3045 990 3096 merorem.
1044 3015 1310 3096 ¹⁰iiumiliamini
1334 3023 1370 3094 in
1388 3029 1578 3114 conspectu
1595 3019 1735 3094 domini,

246 3149 283 3210 et
309 3140 475 3212 exaltavit
500 3161 577 3210 vos.
631 3134 654 3178 ¹¹
666 3142 780 3214 Nolite
807 3141 992 3214 detrahere
1019 3144 1229 3228 alterutrum,
1257 3143 1379 3213 iratres
1405 3140 1483 3212 mei.
1524 3140 1590 3223 Qui
1615 3139 1734 3210 detra—

247 3260 295 3330 bit
322 3259 414 3328 fratri
441 3267 500 3330 aut
526 3257 584 3350 qui
611 3259 739 3332 indicat
770 3263 910 3334 fratrem
938 3283 1056 3346 suuni,
1089 3261 1240 3333 detrabit
1271 3260 1340 3353 legi
1372 3269 1409 3330 et
1440 3259 1569 3331 indicat
1602 3259 1741 3348 legem&

246 3379 275 3450 si
302 3389 419 3451 autem
445 3377 578 3450 iudicas
603 3379 730 3472 legem,
757 3401 828 3454 non
855 3401 895 3452 cs
920 3382 1031 3453 luctor
1058 3381 1145 3473 legis
1170 3379 1236 3452 sed
1262 3379 1379 3453 iudex.
1431 3371 1458 3418 ¹²
1474 3378 1568 3450 Unus
1602 3387 1656 3448 est
1683 3377 1734 3448 le-

246 3499 389 3591 gislator
415 3507 451 3568 et
475 3497 593 3584 iudex,
620 3501 678 3592 qui
704 3511 822 3595 potest
846 3501 998 3595 perdere
1025 3512 1060 3572 et
1084 3500 1250 3572 liberare:
1287 3509 1323 3571 tu
1353 3507 1470 3570 autem
1503 3497 1581 3592 quis
1608 3517 1649 3570 es
1674 3497 1734 3589 qui

245 3617 378 3690 iudicas
404 3618 629 3711 proximum?
673 3609 762 3669 Μ’)
779 3621 870 3694 Ecce
895 3642 986 3693 nunc
1012 3619 1069 3714 qui
1096 3619 1208 3692 dicitis
1226 3619 1337 3691 Hodie
1363 3625 1423 3690 nut
1440 3618 1591 3692 crastino
1609 3618 1734 3690 ibimus

244 3739 278 3810 in
305 3739 395 3810 illam
423 3739 596 3810 muitatem
623 3749 659 3810 et
685 3740 851 3812 iaciemus
876 3740 1018 3834 quidem
1051 3740 1098 3812 ibi
1124 3759 1251 3812 annum
1282 3749 1318 3810 et
1352 3739 1585 3812 mercabimur
1617 3747 1654 3810 et
1679 3738 1732 3809 lu·

246 3879 342 3930 crum
369 3857 555 3943 iaciemus,
599 3849 626 3894 ⁴⁴
643 3859 700 3952 qui
728 3859 894 3952 ignoratis
909 3859 1003 3953 quid
1030 3859 1075 3930 sit
1100 3860 1134 3930 in
1158 3858 1365 3931 crastimm:
1415 3852 1441 3896 ¹⁵
1457 3880 1548 3955 quae
1566 3859 1659 3930 enim
1678 3868 1732 3929 cst
1817 3867 1823 3888 ¹

244 3978 312 4050 vita
339 3980 481 4049 vestra?
508 3999 620 4070 vapor
647 3978 773 4050 estad
800 3978 974 4050 modicum
1000 3999 1129 4072 parens
1163 3989 1199 4049 et
1232 3977 1398 4073 deinceps
1432 3979 1731 4050 exterminabitur:

244 4119 308 4188 pro
336 4119 380 4168 co
407 4107 444 4168 ut
471 4096 593 4168 dicatis
619 4097 654 4168 Si
681 4093 861 4170 'dominus
894 4095 1040 4171 volucrit
1072 4109 1107 4169 et
1137 4099 1343 4184 vixerimus,
1377 4099 1541 4170 faciemus
1575 4099 1641 4171 boc
1676 4109 1733 4168 aut

244 4213 333 4285 illud.
387 4208 412 4250 ⁴⁶
428 4216 526 4285 Nunc
552 4225 668 4288 autern
697 4218 858 4290 exultatis
885 4219 918 4288 in
945 4217 1117 4312 superbiis
1144 4219 1280 4288 vestris.
1334 4219 1453 4289 Omnis
1486 4219 1649 4290 exultatio
1678 4228 1737 4288 ta*

244 4332 284 4402 lis
312 4333 462 4424 maligna
490 4343 553 4404 est.
608 4327 633 4370 ¹⁷
652 4337 776 4408 Scienti
804 4337 905 4428 igitur
930 4337 1203 4418 bonumiacere
1231 4349 1264 4408 et
1291 4359 1360 4410 non
1378 4337 1522 4422 facienti,
1550 4347 1729 4430 peccatum

244 4461 298 4521 est
323 4451 376 4520 illi.

969 4665 1006 4731 V.

322 4799 329 4841 l
346 4797 384 4848 (ld

385 4801 532 4899 l'dgite
559 4831 657 4894 nunc,
686 4813 818 4898 divites
846 4795 980 4906 plorate
1007 4815 1174 4885 ululantes
1200 4815 1234 4884 in
1261 4813 1408 4885 miseriis
1435 4835 1525 4907 quae
1544 4812 1726 4884 advenient

243 4927 352 4996 uobis.
408 4919 583 4999 ‘Divitiae
611 4941 749 5002 vestrae
778 4925 1032 5024 ‘putraelaetae
1060 4944 1151 5017 sunt,
1189 4943 1223 5003 et
1258 4933 1462 5004 vestimenta
1495 4943 1611 5004 vestra
1639 4955 1657 5002 a
1686 4931 1728 5024 ti-

242 5045 315 5114 neis
344 5055 500 5116 comesta
528 5059 620 5134 sunt,
664 5041 813 5122 ³aurum
849 5061 885 5120 ct
915 5061 1094 5144 argentum
1131 5063 1282 5124 vestrum
1317 5053 1523 5146 eruginavit,
1558 5063 1590 5121 et
1620 5072 1728 5140 erugo

818 5171 866 5256 ill,
898 5173 943 5239 lli
974 5211 1019 5223 -
1049 5173 1085 5256 V,
1115 5175 1147 5242 3.
