4220 6124
791 366 976 430 INCIPIUN'I'
1002 367 1185 432 curuum
1649 369 1721 439 305

341 571 423 642 XVI.
449 571 502 642 De
528 569 664 642 stultitia
690 569 842 662 gentium
869 580 904 642 et
930 569 1068 643 libidine
1096 582 1132 643 et
1157 571 1249 644 omni
1275 573 1481 668 turpitudine
1509 574 1722 647 delictorum.

327 691 421 762 XVII.
447 669 499 761 De]
533 689 744 786 exponendo
776 701 931 762 veterem
969 703 1004 762 et
1036 691 1210 764 induendo
1243 715 1371 766 novum
1397 694 1587 781 hominem,
1615 707 1650 767 et
1676 695 1721 768 de

448 811 631 886 mendacio
658 821 693 882 et
718 811 873 882 veritate.

309 931 418 1002 XVIII.
444 931 573 1004 Deire
599 931 664 1004 sed
690 931 870 1018 innocenti,
899 941 933 1002 et
959 953 1068 1025 opera
1094 955 1265 1006 manuum.

221 1099 224 1104 ,
333 1052 418 1122 XIX.
445 1052 497 1122 De
532 1051 733 1124 abstinentia
768 1053 850 1124 mali
888 1053 1059 1124 sermonis
1092 1063 1127 1124 et
1159 1075 1229 1126 non
1262 1053 1533 1128 contrudIeendo
1568 1056 1722 1150 spiritum

447 1181 617 1257 sanctum,
644 1181 680 1242 et
706 1171 751 1244 de
777 1181 895 1244 mutua
921 1166 1184 1245 'sustentatione
1210 1185 1416 1247 sanctorum.

346 1293 417 1363 XX.
443 1293 495 1363 De
521 1291 713 1377 dilectione,
742 1300 777 1362 et
803 1293 899 1384 quod
925 1293 1034 1365 sancti
1060 1292 1210 1366 debeant
1227 1294 1332 1368 deum
1358 1296 1394 1365 in
1413 1294 1572 1368 omnihus
1588 1295 1720 1370 imitari.

333 1413 418 1484 XXI.
443 1403 496 1483 Ile
523 1411 727 1484 abstinentie
753 1411 964 1483 scurrilitatIs
991 1423 1027 1484 et
1053 1416 1205 1488 omnium
1231 1417 1400 1490 viliorum.

319 1534 416 1605 XXII.
443 1537 493 1604 De
519 1532 760 1605 seductoribus
786 1541 821 1602 et
847 1530 1022 1626 inpudicis.

307 1653 419 1724 XXIII.
444 1654 496 1724 De
523 1652 682 1724 cautione
707 1652 845 1724 urendi
873 1662 908 1723 et
934 1653 1110 1748 sapientie.

300 1773 423 1845 XXIIII.
449 1775 502 1844 De
527 1771 741 1867 subiectione
767 1772 946 1844 mulierum
973 1773 1019 1846 ad
1043 1776 1195 1848 maritos.

319 1895 418 1964 XXV.
445 1892 614 1977 Devius,
640 1901 679 1962 ut
704 1891 846 1986 diligant
871 1893 1036 1988 coniuges
1063 1917 1154 1969 suas.

307 2015 416 2085 XXVI.
443 2015 496 2084 De
523 2012 693 2104 obsequio
719 2011 874 2084 liliorum.

290 2135 416 2206 XXVII.
443 2135 495 2204 De
520 2141 701 2226 parentum
728 2154 813 2225 erge
838 2130 926 2204 filios
953 2142 1235 2228 temperamento.

276 2255 415 2326 XXVIII.
440 2255 493 2324 De
520 2274 700 2324 servorum
728 2253 908 2346 obsequio.

298 2375 414 2447 XXIX.
441 2375 493 2444 De
519 2383 792 2466 temperamento
820 2373 1045 2446 dominorum.
1269 2450 1274 2460 ,

312 2494 415 2564 XXX.
440 2495 493 2564 De
518 2492 717 2565 indumento
744 2513 919 2565 armorum
945 2494 1003 2567 dci
1030 2506 1066 2567 et
1091 2495 1221 2568 insidiis
1247 2494 1376 2569 diaboli
1406 2506 1441 2568 et
1466 2497 1715 2570 conluctatione

444 2614 614 2687 adversus
639 2593 839 2708 notestetes.
937 2683 940 2692 ,

298 2735 413 2807 XXXI.
440 2735 492 2806 De
519 2733 682 2808 fidelitate
708 2744 744 2805 et
770 2727 976 2804 'ministerio
1003 2733 1151 2828 Tychici.
1279 2798 1283 2809 .

756 2885 979 2952 EXPLICIUNT
1005 2883 1197 2951 coeluum.
