4220 6124
411 399 484 467 330
787 391 966 463 EPISTULA
992 399 1044 463 ΑΙ)
1070 399 1448 464 THESSALONICENSES
1473 403 1493 462 l

410 625 480 677 nou
504 605 853 698 praeveniemuseos
879 605 936 698 qni
962 605 1189 692 dormierunt,
1229 597 1429 699 ⁴⁸quoniam
1454 607 1529 700 ipse
1556 605 1714 677 dominus
1732 605 1766 675 in
1782 605 1876 678 iussu

412 735 447 796 et
472 725 506 794 in
531 747 619 798 voce
646 724 841 817 archangeli
867 733 902 795 et
926 725 961 796 in
986 725 1071 797 tuba
1097 723 1154 796 dei
1180 725 1370 798 descendet
1396 725 1441 797 de
1468 727 1582 810 caelo,
1610 737 1645 797 et
1669 727 1793 798 mortui
1819 728 1876 820 qui

411 846 445 915 in
472 845 603 916 Christo
629 855 708 916 sunt
732 855 913 938 resurgent
943 845 1060 940 primi,
1104 837 1130 882 ¹⁷
1146 845 1273 918 deinde
1303 865 1367 917 nos
1400 848 1458 939 qui
1490 847 1650 932 vivimus,
1683 847 1742 940 qui
1772 847 1874 918 relin-

412 965 560 1059 quimur,
588 965 686 1037 simul
711 965 882 1058 rapiemur
908 987 985 1036 cum
1011 965 1074 1038 illis
1100 967 1135 1036 in
1160 967 1307 1038 nubibus
1333 967 1471 1038 obviam
1497 967 1636 1038 domino
1662 968 1697 1037 in
1723 989 1814 1054 aera,
1840 980 1876 1039 et

412 1087 461 1157 sic
482 1107 619 1182 semper
643 1107 719 1158 cum
744 1085 884 1158 domino
907 1088 1042 1158 erimus.
1082 1077 1109 1122 ⁴⁸
1119 1087 1238 1180 ltaque
1260 1088 1484 1160 consolamini
1500 1087 1645 1158 invicem
1662 1088 1778 1160 verbis
1795 1089 1874 1160 istis.

1123 1295 1159 1364 V,

484 1422 557 1480 ⁴⁰⁸)
570 1433 623 1502 lle
649 1431 860 1525 temporibus
887 1441 1002 1503 autem
1030 1439 1066 1502 et
1090 1431 1279 1516 momentis,
1306 1433 1436 1516 iratres,
1463 1453 1533 1504 non
1557 1433 1716 1526 indigetis
1735 1442 1772 1502 ut
1788 1434 1874 1504 scri-

408 1551 531 1623 bamus
564 1551 682 1657 vqbis:
725 1543 820 1646 ²ipsi
852 1552 942 1624 enim
969 1551 1149 1644 diligenter
1174 1551 1267 1622 scitis
1292 1553 1372 1645 quia
1398 1552 1473 1624 dies
1498 1553 1628 1624 domini
1653 1553 1741 1624 sicut
1766 1554 1817 1624 fur
1842 1553 1875 1624 in

409 1681 510 1744 nocte
536 1673 582 1743 ita
606 1672 728 1744 veniet.
782 1664 895 1744 ³Cum
922 1673 1011 1742 euim
1038 1671 1186 1744 dixerint
1210 1671 1284 1742 Pax
1309 1680 1345 1742 et
1369 1673 1549 1757 securitas,
1577 1682 1656 1744 tnnc
1680 1675 1874 1767 repentinus

410 1793 460 1864 eis
486 1793 706 1886 superveniet
730 1793 898 1876 interitus,
931 1792 1019 1867 sicut
1044 1791 1145 1864 dolor
1169 1791 1204 1861 in
1228 1801 1327 1863 utero
1353 1792 1506 1878 habenti,
1540 1801 1575 1863 et
1605 1815 1675 1865 non
1706 1794 1874 1886 effugient.

343 1887 347 1902 ¹
408 1901 479 1958 ‘⁰⁹’
495 1914 566 1984 Vos
594 1923 724 1998 autem,
751 1915 888 1996 fratres,
915 1913 1093 1984 nonestis
1119 1913 1153 1982 in
1179 1913 1339 1997 tenebris,
1366 1923 1403 1984 ut
1426 1935 1493 1984 vos
1520 1911 1595 1984 dies
1620 1913 1676 1984 ille
1701 1925 1874 2008 tamquam

408 2033 461 2104 fur
492 2032 790 2127 conpraehendat:
834 2023 988 2104 ⁵omnes
1016 2053 1079 2104 vos
1106 2029 1163 2104 filii
1188 2031 1272 2102 lucis
1296 2032 1381 2103 estis
1407 2043 1442 2104 et
1466 2031 1523 2104 filii
1549 2033 1635 2120 diei;
1662 2055 1733 2106 non
1758 2057 1876 2108 sumus

408 2153 656 2248 unctioneque
688 2153 916 2226 tenebrarum.
966 2143 1043 2198 ΜΝ)
1060 2152 1162 2245 lgitur
1194 2173 1263 2222 non
1293 2150 1504 2223 dormiamus
1537 2153 1623 2224 sicut
1654 2155 1775 2240 ceteri,
1810 2155 1875 2226 sed

407 2273 586 2366 vigilemus
611 2283 646 2346 et
671 2273 776 2345 sobri
801 2273 917 2344 simus.
969 2264 1061 2358 ⁷Qui
1088 2272 1178 2344 enim
1205 2271 1390 2357 dormiunt,
1417 2281 1518 2343 nocte
1544 2271 1731 2358 dormiunt,
1758 2283 1792 2344 et
1817 2275 1876 2367 qui

409 2394 494 2464 ebrii
519 2403 606 2478 sunt,
632 2403 734 2466 nocte
760 2393 846 2464 ebrii
871 2400 957 2462 sunt.
1007 2383 1109 2464 8Νοε
1135 2401 1259 2476 autem,
1288 2391 1345 2483 qui
1370 2390 1440 2462 diei
1466 2413 1599 2478 sumus,
1628 2394 1734 2464 sobrii
1759 2395 1875 2479 simus,

408 2514 513 2584 induti
538 2514 679 2585 loricam
704 2513 784 2586 fidei
812 2522 847 2582 et
872 2512 1020 2583 caunos
1046 2523 1082 2584 et
1113 2513 1247 2604 galeam
1280 2533 1379 2606 spem
1411 2513 1544 2600 salutis,
1582 2503 1774 2606 ⁹quoniam
1806 2535 1878 2585 non

311 2635 317 2652 '
408 2633 522 2727 posuit
546 2655 610 2704 nos
637 2634 724 2704 deus
750 2633 783 2703 in
809 2632 909 2716 iram,
940 2631 1005 2703 sed
1030 2631 1065 2701 in
1090 2630 1351 2724 adquisitionem
1378 2632 1493 2704 salutis
1520 2654 1583 2728 per
1609 2633 1784 2705 dominum
1809 2655 1876 2706 no-

409 2763 515 2824 strum
541 2753 653 2824 lesum
678 2754 860 2836 Christum,
900 2741 926 2786 ⁴⁰
943 2751 1001 2843 qui
1025 2759 1180 2822 mortuus
1206 2761 1261 2822 est
1285 2773 1349 2846 pro
1375 2753 1489 2838 uobis,
1523 2763 1560 2823 ut
1591 2754 1666 2824 sive
1696 2753 1876 2845 vigilemus

409 2873 483 2944 sive
508 2872 718 2950 dormiamus
744 2871 842 2944 simul
868 2893 945 2942 cum
971 2872 1027 2942 illo
1053 2871 1218 2944 vivemus.
1262 2864 1445 2966 “Propter
1471 2873 1566 2966 quod
1584 2872 1805 2946 consolamini
1821 2874 1876 2944 in-

408 2992 535 3078 vicem,
554 2965 604 3064 ‘et
634 2989 813 3063 aedificate
845 2992 1058 3077 altemtrum,
1092 2993 1179 3062 sicut
1210 3002 1245 3064 et
1274 2993 1391 3064 facitis.
1444 2983 1531 3040 Μ)
1548 2993 1724 3086 Rogamus
1750 3003 1875 3078 autem,

408 3113 540 3198 iratres,
567 3123 604 3184 ut
628 3112 791 3184 noveritis
818 3133 882 3184 eos
908 3113 965 3205 qui
991 3113 1148 3185 laborant
1173 3113 1258 3184 inter
1283 3135 1348 3185 vos
1374 3121 1409 3183 et
1433 3122 1598 3206 praesunt
1622 3115 1723 3186 vohis
1748 3115 1781 3186 in
1807 3113 1876 3186 do-

408 3231 500 3304 mino
534 3241 569 3302 et
599 3241 739 3304 monent
769 3253 851 3316 vos,
892 3223 918 3268 ⁴³
936 3241 970 3302 ut
998 3225 1172 3305 'habeatis
1196 3233 1277 3305 illos
1308 3231 1535 3304 abundantius
1565 3233 1600 3304 in
1625 3235 1765 3306 carimte
1790 3255 1876 3328 pro-

408 3363 486 3446 pter
511 3373 599 3446 opus
625 3353 767 3424 illorum.
811 3352 936 3424 Pacem
962 3351 1088 3424 habete
1116 3375 1193 3424 eum
1220 3353 1278 3424 eis.
1327 3341 1539 3446 “Rogamus
1565 3363 1678 3424 autem
1703 3375 1777 3438 vos,
1804 3353 1875 3424 lra-

409 3481 496 3556 tres,
537 3473 697 3566 corripite
736 3473 919 3566 inquietos,
960 3473 1183 3546 consolamini
1215 3472 1472 3566 pusillianimes,
1507 3473 1667 3567 suscipite
1696 3467 1875 3559 ‘infirmos

408 3591 576 3686 patientes
610 3601 721 3664 estote
754 3593 800 3666 ad
833 3614 963 3666 omnes.
1020 3585 1046 3632 ¹⁵
1062 3593 1183 3664 Videte
1212 3614 1259 3664 ue
1292 3593 1368 3684 quis
1399 3593 1524 3664 malum
1556 3615 1620 3686 pro
1653 3595 1744 3664 malo
1776 3594 1876 3666 alicui

409 3711 541 3796 reddat,
569 3711 634 3784 sed
659 3733 797 3808 semper
823 3713 918 3806 quod
942 3711 1071 3786 bonum
1098 3721 1152 3784 est
1178 3711 1354 3784 sectamini
1380 3723 1415 3784 et
1440 3709 1602 3784 'invicem
1628 3723 1663 3784 et
1687 3715 1721 3786 in
1744 3734 1876 3786 omnes.

409 3822 435 3868 ⁴⁶
451 3833 595 3926 Semper
626 3832 789 3924 gaudete,
841 3825 867 3869 '⁷
884 3834 956 3904 siue
988 3832 1235 3904 intermissione
1272 3841 1384 3918 orate,
1436 3825 1512 3903 18ιιι
1550 3833 1709 3904 omuibus
1748 3835 1877 3926 gratias

409 3951 521 4044 agite:
556 3951 644 4025 hacc
676 3954 766 4026 enim
798 3955 956 4026 voluntas
989 3953 1047 4026 dei
1079 3953 1198 4024 estin
1230 3951 1361 4024 Christo
1394 3953 1472 4026 lesu
1505 3953 1540 4024 in
1572 3952 1731 4025 omnibus
1761 3954 1875 4026 vohis.

408 4063 497 4116 'W'
515 4072 674 4166 Spiritum
706 4073 809 4146 nolite
843 4073 1061 4166 extinguere,
1101 4063 1342 4165 ”prophetias
1368 4075 1471 4145 nolite
1497 4091 1677 4166 spernere:
1716 4065 1739 4110 ²⁴
1759 4075 1878 4146 omnia

409 4201 524 4264 autem
551 4193 715 4287 probate,
749 4193 844 4288 quod
867 4194 997 4265 bonum
1025 4201 1234 4276 esttenete,
1277 4182 1304 4228 ἢ
1320 4191 1364 4260 ab
1391 4193 1484 4263 omui
1510 4194 1627 4288 speeie
1653 4194 1742 4264 mala
1767 4193 1878 4266 absti-

409 4324 490 4386 nete
516 4335 590 4386 vos.
634 4303 723 4358 ’W‘
740 4309 817 4408 lpse
844 4323 959 4386 autem
985 4313 1072 4386 deus
1098 4313 1193 4406 pacis
1220 4311 1407 4384 sanctificet
1431 4335 1497 4385 vos
1522 4335 1585 4408 per
1612 4313 1735 4398 omnia,
1762 4323 1797 4384 et
1821 4315 1878 4386 in-

408 4443 507 4526 teger
533 4433 671 4526 spiritus
696 4442 813 4506 vester
838 4445 874 4504 et
900 4433 1012 4507 anima
1036 4441 1073 4504 et
1098 4453 1225 4526 corpus
1251 4432 1324 4502 sinc
1356 4434 1529 4524 quaerella
1558 4434 1593 4504 in
1626 4431 1775 4505 adventu
1807 4433 1877 4506 do-

409 4554 490 4625 mini
514 4553 623 4626 nostri
647 4553 724 4626 lesu
750 4553 870 4626 Christi
896 4563 1058 4626 servetur.
1097 4543 1260 4624 ”Fidelis
1286 4553 1420 4644 estqui
1442 4553 1581 4626 vocavit
1596 4575 1672 4638 vos,
1698 4553 1755 4646 qui
1772 4555 1877 4626 etiam

409 4673 517 4746 iaciat.
556 4665 583 4712 ‘⁵
596 4661 645 4718 ‘¹⁴’
658 4674 803 4760 Fratres,
831 4683 928 4746 orate
953 4695 1017 4768 pro
1043 4673 1154 4744 uobis.
1190 4663 1380 4745 ”Salutate
1405 4674 1528 4747 fratres
1552 4695 1674 4745 omnes
1696 4675 1731 4744 iu
1754 4675 1877 4747 osculo

410 4805 539 4869 sancto.
591 4785 617 4833 ¹²
631 4783 680 4843 Μ)
698 4792 828 4870 Adiuro
859 4815 927 4879 ,vos
960 4815 1024 4887 per
1057 4793 1249 4878 dominum,
1289 4803 1327 4864 ιιι
1366 4795 1497 4886 legatur
1534 4795 1677 4886 epistula
1716 4795 1891 4900 omnihus,

410 4915 534 4986 sanctis
560 4915 726 4988 iratribus.
777 4907 804 4954 ¹⁸
822 4915 936 4994 Gratia
961 4914 1090 4986 domini
1115 4915 1221 4986 nostri
1246 4915 1324 4986 lesu
1350 4914 1470 4986 Christi
1495 4914 1684 4986 vobiscum.

807 5083 977 5147 sxrurcrr
999 5081 1049 5143 an
1072 5080 1449 5146 rrmssauonrceusus
1463 5065 1509 5144 ῑ

996 5367 1193 5377 .-.--..—..-
1203 5368 1290 5378 *nn--
