4242 6118
822 314 1063 380 numantina
1088 315 1289 379 SECUNDUM
1314 313 1440 380 LUCAM

1101 555 1165 626 vn.

472 753 577 808 “⁶⁸³0
595 760 678 831 Cum
707 767 819 830 autem
847 758 1026 854 implesset
1052 762 1166 834 omnia
1191 761 1301 834 verba
1326 781 1388 833 sua
1422 759 1457 830 in
1483 779 1587 830 aures
1612 759 1732 852 plebis,
1758 761 1864 834 intra·

396 884 445 955 vit
471 881 718 976 capharnaum.
759 869 1004 954 'Centurionis
1029 891 1144 954 autem
1170 880 1350 954 cuiusdam
1377 899 1498 950 servus
1515 880 1605 952 maie
1632 879 1765 952 habens
1790 887 1867 952 crat

397 1003 590 1085 moriturus,
617 1000 675 1093 qui
700 999 746 1070 illi
771 1009 847 1072 erat
871 1001 1054 1094 pretiosus.
1105 995 1177 1074 ³Et
1203 1023 1281 1074 cum
1307 999 1463 1072 audisset
1492 999 1541 1072 de
1571 1001 1664 1086 lesu,
1696 999 1789 1072 misit
1820 1001 1866 1074 ad
1990 1067 1993 1078 .

397 1143 478 1196 aum
505 1121 663 1194 seniores
688 1119 903 1206 ludaeorum,
929 1143 1059 1214 rogans
1085 1144 1165 1195 eum
1190 1131 1229 1194 ut
1243 1121 1376 1194 veniret
1401 1129 1437 1192 et
1459 1121 1608 1192 salvaret
1624 1142 1763 1194 servum
1781 1121 1864 1194 eiua.

395 1233 471 1314 ‘At
495 1243 541 1312 iili
568 1263 646 1313 oum
670 1240 851 1313 venissent
876 1241 923 1314 ad
947 1242 1071 1328 lesum,
1097 1242 1268 1335 rogabant
1293 1263 1373 1313 eum
1400 1239 1542 1312 sollicite
1560 1240 1718 1314 dicentes
1736 1241 1769 1312 ei
1786 1241 1866 1334 quia

398 1363 521 1456 dignus
548 1372 602 1433 est
626 1371 664 1432 ut
688 1359 756 1432 hoc
780 1359 824 1429 illi
851 1371 1024 1454 praestes:
1074 1353 1213 1455 ⁵diligit
1246 1361 1339 1434 enim
1372 1369 1513 1454 gentem
1545 1369 1715 1446 nostram,
1743 1371 1780 1432 et
1803 1383 1864 1456 sy·
1893 1339 1897 1354 ⁸

397 1503 572 1576 nagogam
602 1482 679 1575 ipse
713 1478 908 1552 aedificavit
940 1482 1052 1554 nohis.
1104 1475 1231 1554 ⁶lesus
1263 1491 1379 1554 autern
1411 1481 1485 1552 ibat
1509 1501 1587 1552 cum
1612 1480 1699 1552 illis:
1726 1491 1864 1554 etcum
1937 1518 1940 1529 ·

396 1605 464 1674 iarn
489 1623 559 1674 nou
585 1603 690 1694 longe
717 1611 812 1672 esset
837 1623 858 1672 a
885 1601 1003 1688 domo,
1029 1601 1121 1674 misit
1146 1603 1192 1674 ad
1219 1625 1299 1674 aum
1326 1601 1479 1674 centurio
1506 1600 1635 1672 amieos
1653 1600 1773 1674 dicens
1790 1603 1864 1674 Do·-

396 1723 505 1806 miue‚
537 1721 606 1794 noli
639 1721 776 1793 vexari:
810 1743 880 1794 non
914 1722 1007 1794 euim
1039 1721 1165 1816 diguus
1197 1744 1274 1794 sum
1300 1729 1338 1792 ut
1362 1721 1427 1792 sub
1453 1729 1580 1792 tectum
1606 1743 1722 1792 meum
1748 1721 1863 1808 intres,

395 1835 569 1937 'propter
595 1841 690 1934 quod
714 1849 752 1912 et
776 1863 833 1912 me
859 1843 973 1936 ipsum
998 1863 1069 1916 non
1096 1865 1173 1914 sum
1199 1841 1341 1935 dignum
1368 1841 1549 1912 arbitratus
1575 1851 1613 1912 ut
1636 1841 1792 1914 renuam
1818 1841 1865 1916 ad
1912 1871 1916 1880 ·

395 1973 447 2034 te:
475 1961 540 2034 sed
565 1961 622 2034 dic
646 1961 767 2046 uerbo,
795 1970 830 2032 et
855 1963 1028 2036 sanabitur
1060 1983 1148 2057 puer
1180 1983 1289 2034 meus.
1340 1952 1457 2032 triam
1491 1969 1528 2032 et
1560 1983 1629 2053 ego
1656 1960 1762 2034 homo
1788 1983 1863 2032 sum

396 2083 461 2154 sub
487 2089 659 2176 potestate
686 2081 895 2167 constitutus,
923 2082 1056 2154 habens
1083 2082 1148 2155 suo
1174 2103 1233 2154 me
1258 2081 1391 2166 militas,
1419 2091 1455 2153 et
1479 2080 1559 2154 dico
1586 2081 1664 2154 huic
1689 2078 1801 2166 Vade,
1828 2089 1865 2152 et

395 2202 499 2288 vadit
526 2201 654 2274 etalio
680 2201 775 2284 Veni,
802 2211 839 2272 et
861 2201 964 2288 venit
991 2212 1028 2274 et
1053 2223 1157 2274 servo
1184 2223 1264 2273 meo
1290 2201 1359 2274 Fac
1384 2202 1460 2288 hoc,
1487 2201 1626 2274 etfacit
1669 2193 1775 2286 ⁹Quo
1800 2222 1862 2274 au-

395 2323 468 2394 dito
493 2323 591 2394 lesus
617 2320 758 2393 miratus
785 2331 854 2406 est,
881 2331 917 2394 et
942 2343 1133 2394 conversus
1166 2322 1391 2414 sequentibus
1426 2345 1466 2394 se
1500 2321 1606 2394 turbis
1640 2321 1728 2394 dixit
1751 2319 1863 2392 Amen

395 2443 474 2516 dico
505 2441 624 2526 vohis,
651 2463 718 2512 nec
748 2441 784 2512 in
813 2441 942 2514 Israhel
975 2451 1104 2514 tantam
1138 2441 1244 2514 fidem
1270 2442 1394 2514 inveni.
1447 2433 1473 2479 ⁴⁰
1489 2432 1621 2513 ‘ffii’Et
1645 2441 1778 2514 reversi
1804 2439 1862 2533 qui

394 2563 489 2634 missi
515 2563 649 2634 inrorant
674 2561 815 2634 domum
841 2561 1046 2634 invenerunt
1070 2583 1209 2634 servum
1236 2562 1295 2655 qui
1320 2563 1499 2654 languerat
1521 2583 1650 2634 sanum.
1676 2553 1700 2598 ¹⁴
1720 2551 1864 2630 (cauum

394 2684 519 2755 iactrun
545 2691 601 2754 eat
625 2682 792 2777 deinceps
823 2681 894 2752 ibat
918 2683 953 2754 in
979 2682 1149 2754 civitatem
1175 2705 1266 2776 quae
1291 2691 1435 2756 vocatur
1460 2681 1573 2768 Naim,
1605 2691 1641 2754 et
1665 2682 1761 2754 ibant
1784 2703 1861 2752 oum

367 2803 451 2874 ‘illo
477 2801 633 2895 disciprdi
659 2803 733 2874 eius
760 2811 796 2874 et
821 2802 920 2874 turba
952 2802 1105 2896 copiosa.
1157 2795 1183 2841 ¹²
1199 2802 1284 2874 Cum
1309 2811 1423 2874 autem
1453 2802 1747 2896 appropinquaret
1778 2820 1862 2894 por-

387 2920 452 3007 'tae
478 2921 640 3007 civitatis,
667 2916 720 2994 'et
753 2942 837 2994 ecce
870 2921 1051 2994 deonotus
1086 2923 1295 2996 efferebatur
1326 2921 1414 2994 iilius
1447 2921 1568 2994 unicus
1609 2921 1728 2992 matris
1767 2941 1859 3004 suae,

393 3053 429 3114 et
454 3042 543 3115 haec
567 3041 671 3114 uidua
697 3051 786 3128 erat,
814 3052 849 3114 et
874 3043 974 3114 turba
999 3043 1144 3116 civitatis
1170 3045 1274 3116 multa
1308 3065 1385 3114 cum
1411 3041 1476 3114 illa.
1525 3033 1550 3080 ⁴³
1568 3042 1678 3128 Quam
1705 3063 1783 3112 oum
1808 3039 1861 3112 vi-

391 3163 503 3236 disset
528 3163 698 3246 dominus,
724 3162 960 3236 misericordia
986 3173 1100 3236 motus
1127 3185 1232 3258 super
1266 3183 1309 3235 ea
1342 3162 1429 3236 dixit
1461 3161 1506 3232 illi
1532 3163 1608 3234 Noli
1633 3161 1729 3232 flere.
1779 3150 1805 3198 ¹⁸
1820 3161 1862 3232 Et

391 3283 539 3356 accessit
564 3293 600 3354 et
625 3282 733 3375 mugit
758 3283 926 3370 lucidum,
953 3284 988 3355 hi
1014 3292 1128 3355 autom
1156 3284 1213 3377 qui
1239 3283 1424 3378 portabant
1448 3290 1622 3368 steterumt
1648 3289 1685 3352 ct
1701 3281 1748 3352 ait
1763 3280 1861 3353 Adu-

390 3405 538 3488 lescens,
565 3401 627 3474 tibi
653 3403 741 3488 dico,
768 3423 883 3496 surge.
935 3395 962 3441 ’ὅ
977 3404 1020 3475 Et
1044 3401 1177 3474 resedit
1201 3403 1259 3496 qui
1285 3404 1395 3474 furerat
1420 3411 1573 3474 mortuus
1606 3411 1642 3474 at
1667 3401 1783 3494 coepit
1806 3401 1860 3472 io·

390 3525 459 3617 qui,
484 3533 521 3596 et
547 3523 645 3595 dedit
669 3525 761 3596 iilum
786 3525 886 3596 matri
912 3545 1007 3596 suae.
1059 3515 1086 3562 ⁴⁶
1100 3522 1246 3618 Accepit
1277 3531 1392 3596 autem
1427 3543 1552 3594 omues
1578 3523 1695 3606 timor,
1724 3531 1760 3594 et
1784 3541 1859 3594 ma-

390 3642 597 3736 gnificabant
628 3644 734 3716 deum
766 3644 921 3717 direntes
956 3644 1035 3737 quia
1067 3644 1239 3738 propheta
1271 3663 1417 3735 magnus
1443 3644 1592 3714 surrexit
1622 3621 1799 3726 innubis,
1825 3651 1862 3712 et

389 3763 471 3856 quia
497 3763 586 3834 deus
611 3764 761 3837 visitavit
784 3765 923 3858 piebem
951 3785 1059 3836 suam.
1111 3755 1137 3800 ⁴⁷
1150 3754 1239 3810 (Μ)
1256 3763 1299 3834 Et
1324 3763 1411 3834 exiit
1433 3763 1488 3834 hic
1513 3783 1631 3834 sermo
1660 3761 1695 3832 in
1720 3761 1861 3834 univer-

390 3905 466 3956 sam
491 3883 654 3956 ludaeam
681 3883 728 3956 de
754 3907 798 3956 eo
826 3895 862 3958 et
888 3905 1025 3956 omnem
1050 3885 1142 3956 circa
1170 3883 1361 3977 regionam.
1414 3873 1530 3934 'm'
1546 3883 1589 3954 Et
1621 3881 1862 3954 nuntiaverunt

388 4003 529 4076 iohanni
556 4001 712 4098 discipuli
738 4005 813 4076 eius
839 4003 886 4077 dc
912 4005 1073 4076 omnibus
1098 4005 1161 4076 his.
1213 3996 1240 4044 ¹⁹
1255 4005 1298 4076 Et
1323 4003 1527 4076 convocavit
1557 4003 1649 4078 duos
1681 4001 1729 4076 de
1754 4001 1859 4076 disci-

388 4125 478 4219 pulis
504 4124 576 4196 suis
601 4124 772 4197 lohannes
798 4134 835 4196 et
860 4124 951 4196 misit
976 4125 1022 4197 ad
1048 4125 1225 4198 dominum
1252 4124 1374 4197 dicens
1399 4123 1449 4196 Tu
1474 4143 1517 4194 es
1543 4122 1600 4216 qui
1627 4127 1791 4196 veniamus
1807 4143 1858 4208 es,

388 4267 432 4316 an
459 4243 561 4318 alium
588 4247 838 4338 expectamus?
881 4235 909 4282 ’⁰
926 4245 1010 4318 Cum
1037 4255 1152 4318 autem
1184 4245 1363 4318 venissent
1394 4244 1440 4316 ad
1473 4264 1554 4315 eum
1587 4243 1667 4330 viri,
1699 4242 1861 4316 dixerunt

387 4366 557 4438 lohannes
589 4364 738 4458 baptista
768 4365 860 4436 misit
891 4387 956 4438 nos
992 4366 1037 4438 ad
1070 4375 1104 4438 te
1136 4365 1258 4438 dicens
1289 4365 1340 4435 Tu
1371 4385 1413 4436 es
1448 4365 1505 4456 qui
1537 4373 1703 4436 venturus
1731 4383 1788 4448 es,
1814 4383 1859 4434 an

305 4547 309 4558 .
387 4485 489 4588 alium
516 4487 768 4578 expectamus?
819 4477 843 4522 ²¹
860 4487 898 4556 In
925 4487 999 4580 ipsa
1026 4493 1141 4557 autern
1167 4484 1254 4556 hora
1281 4485 1413 4556 curavit
1437 4485 1564 4556 multos
1590 4507 1611 4555 a
1636 4483 1860 4576 languoribus

389 4615 425 4677 et
449 4605 561 4699 plagis
588 4615 624 4678 et
649 4603 825 4699 spiritibus
851 4607 958 4690 maiis,
985 4615 1021 4676 et
1052 4606 1167 4677 caecis
1198 4604 1313 4676 multis
1344 4604 1487 4684 donavit
1519 4605 1639 4676 visum
1690 4595 1719 4642 ¹⁸
1733 4605 1775 4674 Et
1799 4623 1861 4674 re-

388 4725 566 4820 spondens
599 4725 686 4798 dixit
715 4726 778 4797 iilis
813 4726 941 4798 Euntes
974 4725 1125 4798 nuntiate
1157 4724 1298 4796 iohanni
1334 4747 1425 4817 quac
1459 4723 1592 4796 vidistis
1621 4733 1658 4796 et
1698 4723 1858 4807 audistis,

388 4847 468 4938 quia
499 4846 592 4918 caeci
628 4845 762 4930 vident,
795 4845 906 4919 claudi
937 4846 1127 4930 ambulant,
1161 4845 1290 4938 leprosi
1323 4843 1543 4929 mundantur,-
1578 4844 1673 4918 surdi
1708 4845 1857 4926 audiunt,

387 4967 511 5037 mortui
537 4974 736 5058 resurgunt,
764 4987 935 5060 pauperes
962 4965 1253 5058 evangelizantur:
1301 4957 1328 5003 ²³
1345 4975 1380 5038 et
1413 4967 1536 5036 beatus
1568 4975 1622 5038 est
1653 4965 1858 5059 quicumque

367 5107 456 5203 ,non
482 5086 582 5158 suerit
609 5087 858 5159 scandalizatus
884 5087 919 5157 in
946 5109 1011 5158 mc.
1062 5073 1089 5124 ¹*
1105 5087 1147 5158 Et
1172 5109 1250 5158 cum
1276 5085 1517 5160 discessissent
1550 5086 1655 5160 nuntii
1688 5083 1857 5170 iohannis,

985 5205 1047 5292 Vll,
1078 5209 1092 5277 i
1127 5247 1176 5260 -
1203 5205 1262 5280 21.
