4242 6118
355 382 428 455 l20
463 393 469 404 '
687 323 692 334 ι
727 438 731 448 ,
787 377 1042 450 Evnuuuuruu,
1056 379 1259 444 SECUNDUM
1286 375 1412 442 tuctu

669 485 1097 494 *mmm—...v

348 581 431 656 ²⁵Et
458 606 535 654 cum
568 582 711 665 venerit,
738 581 866 653 invenit
892 583 1008 675 scopis
1035 582 1253 654 mundatam:
1298 572 1373 652 2⁸et
1405 591 1486 652 tune
1511 581 1607 653 vadit
1642 589 1678 652 et
1704 593 1848 652 assumit

351 714 488 798 septem
516 702 601 772 alios
629 700 766 794 spiritus
794 700 980 791 nequiores
1007 722 1063 784 se,
1101 709 1136 770 et
1168 701 1316 792 ingressi
1351 700 1507 773 habitant
1532 700 1588 785 ibi,
1617 709 1652 770 et
1678 710 1756 772 sunt
1783 723 1848 772 no-

350 825 494 897 vissima
520 805 783 892 hominis‘illius
808 819 930 912 peiora
956 819 1139 912 prioribus.
1192 813 1218 858 ῃ
1231 811 1332 868 (¹³¹·¹⁰·l
1351 820 1493 892 Factum
1534 829 1735 910 astantem
1770 842 1846 891 cum
1949 815 1952 828 ’

352 945 440 1016 haec
467 943 608 1024 diceret,
635 940 807 1012 extollens
832 951 965 1010 vocem·
985 939 1159 1029 quaedam
1187 938 1309 1009 mulier
1335 939 1382 1010 de
1410 939 1510 1010 turba
1537 938 1623 1010 dixit
1649 939 1694 1010 illi
1717 941 1847 1014 Beatus

351 1073 474 1135 venter
501 1060 558 1153 qui
584 1068 619 1130 te
646 1058 812 1151 portavit,
847 1066 883 1127 et
910 1057 1135 1151 uberaquae
1168 1057 1298 1130 suxisti.
1349 1051 1376 1096 ²⁸
1392 1057 1438 1130 At
1470 1059 1526 1128 ille
1558 1058 1646 1131 dixit
1687 1060 1848 1153 Quippini

350 1183 444 1277 beati
471 1182 529 1272 qui
555 1179 697 1250 audiunt
725 1177 869 1250 verbum
898 1175 955 1248 dei
983 1188 1019 1248 et
1045 1177 1256 1251 custodiunt·
1306 1166 1332 1214 ²⁹
1349 1169 1439 1222 (Μ)
1456 1178 1579 1250 Turbis
1612 1187 1726 1250 autem
1760 1201 1846 1250 con-

352 1299 566 1372 currentibus
593 1298 709 1391 coepit
735 1297 854 1368 dicere
882 1295 1067 1369 Generatio
1096 1299 1183 1368 haec
1210 1296 1389 1388 generatio
1427 1317 1578 1390 nequam
1605 1309 1676 1368 est:
1711 1298 1845 1388 signum

352 1419 494 1512 quaerit
522 1426 557 1489 et
583 1419 719 1510 signum
746 1438 817 1488 non
843 1415 981 1488 dabitur
1004 1417 1050 1486 illi
1066 1416 1138 1488 nisi
1166 1415 1302 1507 signum
1329 1415 1444 1488 lonae.
1485 1408 1612 1488 ³⁰Nam
1639 1417 1727 1488 sicut
1744 1417 1845 1490 lonas

351 1539 410 1610 luit
435 1538 570 1630 signum
597 1536 771 1620 Ninevitis,
799 1537 847 1608 ita
873 1536 938 1606 erit
964 1546 999 1607 et
1024 1535 1111 1608 filius
1138 1535 1286 1606 hominis
1313 1535 1530 1626 generationi
1556 1535 1620 1606 isti.
1671 1528 1694 1574 ³¹
1714 1537 1844 1629 Regina
1939 1555 1942 1560 ’

351 1658 457 1730 austri
484 1667 603 1748 surget
627 1656 663 1728 in
689 1657 815 1728 iudicio
844 1677 923 1726 oum
949 1654 1031 1726 viris
1062 1654 1296 1747 generationis
1328 1653 1428 1724 huius
1462 1665 1498 1725 et
1532 1654 1778 1726 condemnabit
1802 1657 1843 1726 il-

350 1779 417 1861 los,
453 1777 533 1868 quia
564 1776 658 1848 venit
694 1799 715 1848 a
748 1774 872 1846 finibus
905 1783 1022 1844 terrae
1057 1775 1178 1846 audire
1211 1773 1416 1867 sapientiam
1450 1767 1661 1846 Salomonis:
1698 1783 1733 1844 ot
1758 1795 1842 1846 ecce

350 1897 427 1989 plus
453 1897 640 1968 Salomone
667 1895 732 1966 hic.
785 1887 812 1932 ³²
828 1894 898 1964 Viri
923 1892 1103 1964 Ninevitas
1131 1903 1274 1987 surgent
1299 1893 1333 1964 in
1360 1893 1486 1966 iudicio
1513 1914 1591 1964 eum
1618 1893 1842 1984 generatione
1948 1905 1953 1919 '

349 2016 416 2087 b'ac
442 2026 477 2086 et
503 2014 785 2087 condemnabunt
811 2014 913 2096 illam,
942 2011 1022 2104 quia
1048 2013 1293 2105 paenitentiam
1312 2025 1459 2106 egerunt
1485 2013 1531 2085 ad
1548 2010 1842 2106 praedicationem

349 2136 469 2206 lunae:
497 2143 533 2204 et
560 2155 644 2204 ecce
669 2135 746 2226 plus
772 2134 854 2203 lona
880 2131 944 2202 hic.
997 2121 1126 2178 ΝΜ)
1145 2132 1257 2204 Nemo
1284 2134 1461 2206 lucernam
1488 2131 1648 2204 accendit
1675 2142 1709 2202 ot
1725 2132 1760 2202 in
1777 2133 1841 2204 ab·

350 2253 510 2326 scandito
536 2253 634 2346 ponit
658 2273 773 2344 neque
799 2252 865 2322 sub
892 2250 1021 2330 modio,
1048 2250 1115 2324 sed
1140 2273 1245 2345 supra
1281 2253 1544 2337 candelabrum,
1578 2261 1615 2324 ut
1642 2252 1699 2343 qui
1725 2252 1841 2344 ingre-

350 2373 487 2444 diuntur
512 2375 628 2444 lumen
654 2372 803 2444 videant.
848 2359 874 2408 ³⁵
887 2360 980 2416 (Μ)
999 2370 1154 2442 Lucerna
1187 2373 1345 2465 corporis
1380 2373 1438 2462 tui,
1460 2383 1515 2445 est
1546 2371 1666 2444 oculus
1692 2380 1784 2444 tuus:
1813 2373 1841 2444 si

351 2495 471 2564 ocudus
505 2501 583 2563 tuus
615 2491 715 2562 suerit
749 2490 915 2582 simplex,
951 2498 1061 2562 totum
1095 2512 1222 2584 corpus
1256 2501 1362 2564 tuum
1384 2491 1536 2564 lucidum
1563 2492 1643 2576 erit,
1670 2493 1699 2562 si
1726 2503 1839 2564 autem

350 2632 499 2704 nequam
526 2611 635 2695 fuerit,
663 2611 767 2682 etiam
795 2630 922 2702 corpus
949 2618 1044 2680 tuum
1070 2610 1297 2681 tenebrosum
1325 2613 1397 2682 erit.
1450 2603 1577 2684 avide
1604 2632 1690 2704 ergo
1717 2633 1762 2684 ne
1786 2614 1840 2684 lu-

349 2738 431 2802 men
457 2730 553 2822 quod
579 2731 613 2800 in
638 2739 673 2802 te
700 2739 754 2802 est
779 2727 947 2800 tenebrae
973 2729 1049 2800 sint.
1101 2721 1128 2766 ³⁸
1146 2730 1181 2800 Si
1208 2752 1294 2822 ergo
1331 2752 1459 2824 corpus
1492 2743 1588 2802 tuum
1622 2740 1730 2802 totum
1755 2733 1841 2804 luci-

349 2851 433 2924 dum
459 2850 568 2934 luerit,
595 2871 665 2921 non
692 2849 826 2922 habens
853 2848 1001 2940 aliquam
1028 2857 1164 2942 partem
1191 2851 1431 2935 tenebrarum,
1467 2851 1531 2924 erit
1555 2851 1707 2924 lucidum
1734 2861 1840 2924 toturn

349 2979 384 3042 et
410 2970 665 3042 siout'lucerna
691 2967 834 3061 fulgoris
860 2967 1073 3040 inluminabit
1098 2978 1144 3039 te.
1196 2961 1222 3006 ³⁷
1237 2959 1331 3014 (Μ
1361 2968 1404 3038 Et
1438 2991 1516 3040 oum
1543 2972 1753 3063 loqueretur,
1779 2993 1840 3042 ro·-

348 3089 444 3182 gavit
460 3090 552 3160 illum
571 3087 713 3180 quidam
739 3081 960 3158 'Pharisaeus
987 3097 1024 3158 ut
1049 3085 1238 3180 pranderet
1264 3088 1359 3181 apud
1386 3109 1444 3158 se:
1472 3100 1508 3160 et
1533 3089 1711 3182 ingressus
1738 3111 1839 3161 recu-

347 3210 429 3280 buit.
482 3201 728 3280 ³⁸Pmrisacus
763 3216 880 3279 autem
915 3208 1030 3299 coepit
1068 3206 1157 3278 intra
1191 3228 1231 3279 se
1265 3215 1430 3298 reputans
1462 3207 1580 3280 dicere
1620 3230 1728 3301 quare
1769 3231 1839 3280 non

347 3328 541 3422 baptizatus
577 3339 672 3400 esset
705 3337 783 3398 ante
818 3326 1009 3420 prandium.
1060 3318 1142 3396 39Ει
1176 3325 1223 3394 sit
1256 3323 1418 3396 dominus
1452 3327 1499 3398 ad
1531 3328 1623 3400 illum
1650 3330 1748 3400 Nunc
1775 3350 1839 3400 vos

348 3448 524 3520 Pharisaei
550 3447 646 3539 quod
673 3446 719 3518 de
745 3447 828 3518 loris
854 3456 909 3517 est
935 3445 1049 3518 calicis
1076 3454 1112 3516 et
1139 3444 1239 3516 catini
1265 3445 1457 3530 mundatis,
1486 3447 1582 3538 quod
1608 3459 1722 3520 autern
1750 3450 1839 3520 intus

348 3577 401 3638 est
426 3576 581 3638 vestrum
615 3567 768 3659 plenum·
789 3575 842 3637 est
875 3566 994 3658 rapina
1028 3574 1063 3636 et
1097 3564 1282 3657 iniquitate.
1336 3556 1362 3602 ⁴⁰
1375 3565 1489 3649 Stulti,
1524 3575 1650 3639 nonne
1675 3569 1733 3662 qui
1758 3570 1839 3639 iecit

347 3686 443 3778 quod
470 3686 517 3757 de
543 3686 627 3756 ioris
654 3696 716 3769 est,
744 3686 847 3756 etiam
872 3685 909 3756 id
927 3684 1024 3778 quod
1050 3684 1095 3755 de
1113 3684 1203 3754 intus
1223 3693 1277 3755 est
1293 3684 1403 3756 leoit‘l'
1423 3672 1447 3720 ‘¹
1462 3685 1590 3756 Verum
1608 3697 1724 3758 tamen
1742 3689 1838 3780 quod

347 3815 509 3897 superest
535 3804 615 3876 date
642 3807 891 3898 elemosynam,
919 3813 954 3874 et
981 3825 1065 3874 ecce
1092 3804 1207 3874 omnia
1225 3803 1354 3876 munda
1372 3813 1451 3876 suut
1468 3805 1579 3876 vobis.
1623 3796 1650 3845 ⁴²
1663 3798 1750 3852 “ml
1765 3807 1837 3878 Sed

347 3928 420 3994 vae'
439 3924 542 3994 vobis
570 3919 794 4008 'Pharisaeis
822 3923 902 4014 quia
930 3921 1110 3995 decimatis
1145 3932 1297 3994 mentam
1332 3933 1368 3995 et
1393 3933 1504 3996 rutam
1532 3935 1567 3996 et
1594 3947 1698 4012 omne
1725 3927 1835 4010 bolus,

347 4052 382 4113 et
407 4042 603 4136 praeteritis
629 4043 790 4116 iudicium
818 4051 854 4111 et
869 4042 1060 4114 'caritatem
1086 4043 1157 4114 dei:
1190 4042 1279 4114 haec
1314 4053 1430 4114 autem
1455 4045 1616 4136 ‘oportuit
1642 4047 1773 4130 lacere,
1802 4056 1837 4116 et

346 4162 400 4233 illa
414 4171 497 4234 'non
525 4162 693 4234 omittere.
746 4153 875 4208 ³³(¹³'¹·²·'
893 4162 966 4234 Vae
993 4162 1094 4234 vobis
1121 4162 1330 4249 Pharisaeis,
1358 4162 1415 4255 qui
1443 4163 1579 4255 dilig'tis
1615 4164 1745 4257 primus
1775 4185 1835 4236 ca-

345 4281 488 4354 thedras
524 4281 559 4350 in
592 4281 782 4376 synagogis
818 4289 853 4350 et
887 4282 1109 4354 salutationes
1144 4283 1179 4354 in
1212 4284 1299 4354 loro.
1350 4269 1377 4320 ⁴⁴
1394 4272 1483 4328 (Μ)
1502 4285 1574 4356 Vae
1606 4283 1723 4368 vobis,
1757 4283 1836 4376 quia

346 4401 429 4472 estis
456 4411 493 4472 ut
520 4411 743 4474 monumenta
770 4421 860 4492 quae
885 4421 956 4472 non
981 4412 1113 4494 parent,
1142 4413 1178 4473 et
1203 4401 1360 4474 homines
1395 4402 1612 4474 ambulantes
1638 4423 1745 4495 supra
1771 4423 1835 4472 ne-

346 4521 464 4593 sciunt.
509 4508 637 4568 mm
651 4519 882 4613 Respondens
901 4529 1016 4592 autem
1043 4522 1184 4614 quidam
1212 4543 1259 4592 ex
1276 4521 1364 4613 legis
1381 4521 1500 4614 peritis
1528 4522 1575 4593 ait
1599 4521 1644 4590 illi
1661 4521 1834 4614 Magister,

345 4641 433 4713 haec
459 4641 581 4713 dicens
608 4640 712 4710 etiam
737 4639 839 4712 nobis
866 4642 1107 4713 contumeliam
1140 4643 1235 4712 lucis.
1288 4631 1315 4678 ⁴⁶
1332 4639 1378 4712 At
1410 4641 1466 4712 ille
1500 4641 1547 4712 ait
1579 4641 1620 4712 ut
1653 4642 1756 4714 vobis
1783 4643 1835 4710 le-

344 4761 397 4852 gis
416 4760 535 4854 peritis
563 4780 638 4844 vae,
667 4759 747 4852 quia
774 4760 925 4831 oneratis
943 4759 1100 4832 homines
1128 4759 1291 4831 oneribus
1319 4781 1409 4853 quae
1435 4760 1565 4852 portari
1593 4781 1663 4830 uon
1680 4769 1834 4851 possunt,

344 4891 379 4950 et
404 4880 470 4971 ipsi
496 4899 565 4950 uuo
593 4878 699 4972 digito
727 4889 844 4951 vestro
872 4902 941 4950 non
967 4879 1103 4971 tangitis
1131 4879 1293 4950 sarcinas.
1345 4868 1471 4926 ‘mm'
1504 4879 1577 4949 Vae
1603 4878 1720 4962 vobis,
1756 4879 1835 4970 quia

225 5091 230 5098 ι
344 4995 534 5069 aedificatis
562 5008 785 5072 monumenta
811 4999 1071 5092 prophetarum,
1099 5008 1218 5089 patres
1245 5008 1361 5070 autem
1387 4998 1493 5070 vestri
1520 4997 1722 5070 occiderunt
1747 4998 1833 5068 illos.

342 5107 369 5154 ⁴⁸
387 5116 547 5188 Proiecto
594 5117 818 5191 testificamini
861 5117 956 5209 quod
1003 5116 1214 5190 consentitis
1246 5118 1411 5212 operibus
1450 5126 1585 5208 patrum
1626 5126 1832 5199 vestrorum,

940 5236 993 5322 Xl,
1023 5240 1070 5311 25
1099 5276 1150 5288 —
1179 5238 1236 5308 l8.
