4242 6118
684 453 931 518 EVANGELlUM
958 457 1162 519 SECUNDUM
1187 458 1316 521 tuctu
1677 453 1750 524 t03

246 663 405 735 abilinae
433 658 619 745 tetrarcha,
664 653 758 730 'snb
794 659 1013 752 principibus
1054 659 1279 731 sacerdotum
1314 663 1414 734 rinna
1439 673 1475 733 et
1501 661 1669 756 Caiapba,
1699 663 1752 732 fa-

247 793 340 856 ctum
369 793 426 854 est
451 781 596 851 verbnm
623 777 680 852 dei
709 799 817 872 super
834 777 1015 876 lobannen
1032 777 1221 851 Zachariae
1248 780 1352 854 filium
1380 784 1414 854 in
1433 782 1585 868 deserto,
1612 774 1706 830 ΝΗ)
1720 791 1756 854 et

247 905 340 978 venit
374 903 407 972 in
443 921 581 972 omnem
616 897 796 990 regionem
836 897 999 970 Iordanis
1034 899 1242 992 praedicans
1276 903 1490 998 baptismum
1524 903 1755 996 paenitentiae

248 1028 282 1096 in
316 1021 561 1094 remissionem
591 1029 836 1114 peccatorum,
887 1009 1015 1090 ‘sieut
1048 1019 1213 1112 scriptum
1252 1031 1306 1093 est
1346 1023 1382 1094 in
1421 1021 1511 1094 libro
1552 1045 1754 1096 sermonum
1887 1101 1891 1110 ,

247 1145 373 1218 Esaiae
400 1139 599 1237 propbetas
625 1141 704 1212 Vox
738 1135 920 1210 clamantis
959 1135 993 1210 in
1027 1138 1169 1210 deserto
1197 1139 1321 1242 l’arats
1347 1143 1442 1216 mam
1471 1142 1610 1228 domim,
1638 1153 1754 1215 rectas

247 1267 348 1338 tacite
382 1261 530 1334 semitas
565 1261 657 1332 eius:
708 1252 853 1332 ⁵omnis
888 1257 990 1329 vallis
1024 1259 1219 1353 implebitur
1252 1274 1288 1334 et
1320 1263 1438 1335 omnis
1466 1281 1568 1332 mons
1596 1272 1631 1333 et
1658 1265 1755 1335 collis

247 1384 491 1468 humiliabitur,
521 1391 558 1452 et
583 1391 685 1452 erunt
710 1401 819 1474 prava
846 1377 879 1448 in
907 1378 1042 1452 directa
1069 1389 1103 1450 et
1130 1401 1256 1475 aspera
1283 1386 1316 1455 in
1342 1388 1421 1456 vias
1441 1382 1581 1476 planas,
1621 1375 1687 1455 “et
1705 1385 1755 1456 vi-

248 1506 343 1578 debit
369 1504 488 1576 omnis
518 1523 602 1572 caro
629 1501 781 1574 salutare
809 1499 874 1572 dei.
914 1493 1010 1548 ΠΝ)
1023 1499 1169 1572 Dicebat
1196 1523 1281 1596 ergo
1309 1505 1355 1577 ad
1383 1502 1509 1574 turbas
1536 1525 1627 1594 quae
1654 1505 1754 1576 exie-

247 1629 329 1700 bant
354 1633 389 1696 ut
415 1622 685 1717 baptizarentur
717 1621 761 1692 ab
797 1622 874 1714 ipso
912 1621 1090 1693 Genimina
1119 1621 1330 1715 viperarum,
1360 1623 1444 1718 quis
1474 1622 1626 1693 ostendit
1650 1626 1753 1698 vobis

248 1751 363 1842 lugere
396 1769 419 1818 a
451 1753 605 1815 ventura
639 1743 713 1813 ira?
765 1732 910 1811 ⁸Facite
944 1763 1030 1833 crgo
1057 1742 1186 1813 fructus
1213 1744 1337 1836 dignos
1365 1741 1619 1838 paenitentiae,
1647 1755 1682 1815 et
1709 1770 1753 1820 ne

249 1867 432 1963 coeperitis
454 1865 581 1936 dicere
598 1863 735 1933 Patrem
755 1863 925 1933 habemns
949 1859 1142 1932 Abrabam:
1170 1863 1248 1934 dico
1276 1863 1367 1936 enim
1395 1863 1504 1936 vobis
1531 1863 1611 1956 quia
1636 1875 1754 1958 potest

251 1993 336 2066 deus
363 1990 409 2062 de
437 1984 620 2078 lapidibus
647 1983 722 2054 istis
759 1983 927 2052 suscitare
953 1981 1041 2052 illios
1068 1981 1239 2054 Abrabae.
1290 1975 1393 2056 ”lam
1423 1983 1517 2054 enim
1545 1986 1678 2056 securis
1705 1989 1751 2061 ad

252 2113 403 2184 radicem
432 2105 605 2178 arborum
633 2103 748 2197 posita
774 2113 846 2172 est:
874 2103 986 2174 omnis
1014 2123 1100 2195 ergo
1128 2103 1232 2175 arbor
1257 2127 1327 2176 non
1354 2104 1492 2174 iaciens
1519 2103 1664 2176 fructum
1684 2129 1749 2180 ex-

254 2233 373 2306 ciditur
399 2235 435 2300 et
463 2225 582 2317 ignem
615 2223 763 2294 mittitur.
816 2214 996 2292 1ο(”·“’·)Ει
1026 2223 1285 2316 interrogabant
1318 2245 1397 2294 eum
1436 2223 1560 2294 turbae
1593 2223 1750 2300 dicentes

257 2353 347 2439 Quid
372 2370 461 2442 ergo
490 2345 681 2416 faciemus?
724 2336 747 2380 ¹¹
762 2342 993 2436 Respondens
1021 2354 1135 2414 antem
1163 2343 1303 2414 dicebat
1338 2343 1402 2414 ibis
1433 2345 1502 2429 Qui
1528 2345 1634 2416 habet
1660 2347 1748 2421 dnae

258 2473 387 2544 tunicas
415 2468 478 2540 det
504 2487 573 2536 non
599 2464 749 2548 babenti,
777 2463 895 2556 etqui
922 2461 1028 2534 babet
1054 2485 1156 2534 escas
1184 2463 1336 2534 similiter
1366 2464 1481 2536 saciat.
1532 2457 1559 2502 ¹²
1574 2467 1748 2540 Venerunt

260 2597 435 2663 autemst
462 2585 635 2680 publicani
663 2593 699 2654 ut
723 2583 987 2678 baptizarentur,
1017 2594 1051 2654 et
1077 2583 1238 2655 dixerunt
1265 2583 1311 2654 ad
1337 2583 1429 2656 illum
1456 2585 1636 2679 Magister,
1665 2590 1747 2682 quid

259 2711 449 2782 faciemus?
494 2697 578 2774 13Αῑ
612 2703 667 2773 ille
701 2702 788 2774 dixit
822 2701 867 2773 ad
894 2723 958 2773 eos
992 2704 1080 2774 Nihil
1116 2704 1261 2797 amplius
1295 2725 1399 2796 quam
1437 2708 1659 2779 constitutum
1693 2721 1747 2782 est

259 2831 361 2904 vobis
387 2826 530 2899 laciatis.
582 2815 881 2917 “interrogabant
907 2831 1022 2895 autem
1053 2845 1133 2896 eum
1167 2833 1204 2894 et
1236 2823 1360 2894 milites
1387 2825 1547 2900 dicentes
1575 2827 1667 2915 Quid
1692 2831 1745 2901 la-

260 2951 392 3022 ciemus
419 2957 455 3018 et
479 2947 572 3016 nos?
599 2943 641 3014 Et
667 2943 713 3014 ait
737 2943 803 3014 illis
828 2943 1009 3016 Neminem
1037 2943 1236 3016 concutiatis
1263 2965 1378 3038 neque
1405 2947 1612 3021 calumniam
1639 2951 1746 3020 lacia-

261 3073 314 3157 tis,
343 3079 378 3142 et
404 3065 554 3139 contenti
581 3072 694 3134 estote
722 3063 901 3157 stipendiis
927 3066 1063 3152 vestris.
1116 3057 1142 3102 ¹⁵
1158 3063 1385 3138 Existimante
1410 3079 1527 3141 autem
1554 3072 1685 3164 populo
1713 3078 1747 3140 et

263 3187 492 3284 cogitantibus
520 3184 681 3257 omnibus
707 3184 741 3254 in
767 3183 933 3256 cordibus
968 3185 1040 3256 suis
1068 3185 1113 3257 de
1149 3185 1316 3272 Iohanne,
1352 3205 1397 3258 ne
1431 3189 1520 3260 forte
1546 3189 1622 3283 ipse
1649 3199 1747 3260 esset

264 3309 435 3392 Christus,
479 3296 596 3352 ¹⁶‘¹⁰¹¹·’
614 3303 794 3398 respondit
825 3303 994 3376 lobannes
1026 3305 1146 3377 dicens
1181 3307 1342 3378 omnibns
1373 3308 1449 3400 Ego
1480 3308 1621 3400 quidem
1656 3327 1746 3400 aqua

264 3429 404 3524 baptizo
437 3447 524 3499 vos:
559 3425 677 3495 veniet
707 3433 822 3495 antem
856 3425 975 3496 tortior
1002 3447 1073 3511 me,
1102 3424 1199 3497 cuius
1233 3447 1304 3498 non
1337 3448 1415 3499 sum
1448 3423 1571 3520 dignus
1607 3428 1746 3498 solvere

265 3548 448 3640 corrigiam
477 3545 779 3617 calciamentorum
806 3544 897 3629 eius,
932 3546 1009 3640 ipse
1041 3567 1107 3617 vos
1134 3545 1322 3638 baptizabit
1354 3549 1388 3619 in
1416 3549 1536 3642 spiritu
1562 3557 1683 3618 sancto
1711 3557 1746 3617 et

264 3669 349 3762 igni:
394 3659 508 3714 'wll‘
527 3667 624 3736 cuius
656 3663 884 3736 ventilabrum
919 3665 954 3736 in
986 3687 1091 3737 manu
1116 3665 1207 3750 eius,
1242 3677 1277 3737 et
1303 3669 1464 3762 purgavit
1490 3689 1607 3739 aream
1634 3687 1743 3750 suam,

265 3799 301 3862 et
333 3786 562 3880 congregabit
595 3786 741 3857 triticum
777 3785 811 3854 in
845 3784 1009 3858 horreum
1042 3795 1158 3871 strum,
1193 3785 1313 3879 paleas
1340 3798 1463 3894 autem·
1482 3789 1651 3861 conburet
1675 3788 1745 3880 igni

265 3908 522 4000 inextinguibili.
573 3899 600 3946 ¹⁸
615 3907 718 3979 llnlta
745 3903 885 3998 quddam
913 3915 949 3977 et
975 3907 1040 3979 alia
1067 3907 1257 3978 exhortans
1285 3911 1546 4002 evangelizabat
1561 3907 1744 4002 populum:

265 4020 379 4077 *limi
396 4027 557 4098 Herodes
590 4036 705 4098 antem
738 4025 911 4097 tetrarcha
945 4049 1023 4098 cum
1057 4029 1289 4121 corriperetur
1320 4029 1447 4102 abillo
1475 4007 1772 4102 deflerodiade'

265 4171 376 4222 uxore
403 4148 514 4219 fratris
550 4149 620 4233 sui,
653 4157 688 4219 et
720 4145 765 4218 de
801 4147 962 4218 omnibus
996 4148 1094 4219 malis
1128 4169 1218 4241 quae
1253 4150 1332 4220 lecit
1357 4151 1533 4234 Herodes,
1577 4141 1604 4187 ’⁰
1620 4147 1746 4220 adiecit

266 4279 301 4340 et
326 4269 396 4341 hoc
422 4289 527 4362 supra
554 4269 669 4338 omnia
699 4277 735 4338 et
758 4267 894 4338 inclusit
918 4268 1091 4340 lobannen
1125 4269 1158 4338 in
1186 4291 1336 4340 carcere.
1389 4264 1412 4308 ²⁴
1429 4263 1505 4318 (Μ)
1522 4269 1664 4340 Factum
1690 4279 1746 4338 est

267 4399 380 4462 autem
407 4411 486 4460 cum
511 4388 744 4482 baptizaretur
771 4389 882 4459 omnis
908 4387 1066 4481 populus,
1095 4395 1129 4457 et
1155 4389 1231 4461 lesu
1256 4391 1431 4484 baptizato
1449 4401 1485 4461 et
1502 4397 1622 4462 orante
1640 4409 1744 4482 aper-

266 4519 336 4582 tum
363 4519 418 4581 est
444 4509 593 4592 caelum,
644 4501 671 4546 Ἡ
688 4519 724 4580 et
756 4507 938 4582 descendit
970 4509 1109 4602 spiritus
1143 4521 1283 4582 sanctus
1317 4511 1489 4606 corporali
1515 4511 1631 4604 specie
1658 4509 1746 4580 sicut

267 4631 427 4702 columba
445 4630 478 4700 in
504 4630 628 4722 ipsum,
654 4639 690 4700 et
715 4651 786 4700 vox
814 4628 859 4701 de
886 4629 984 4700 caelo
1012 4629 1101 4700 lacta
1127 4641 1181 4701 est
1207 4631 1257 4701 Tu
1284 4651 1324 4702 es
1349 4629 1437 4702 filins
1464 4653 1563 4702 meus
1589 4629 1743 4714 dilectus,

266 4749 359 4821 inte
386 4750 592 4843 complacuit
626 4749 716 4819 mibi.
768 4737 885 4796 ΜΗ)
903 4750 945 4820 Et
971 4749 1048 4842 ipse
1081 4751 1178 4820 lesus
1212 4759 1286 4821 erat
1317 4751 1481 4845 incipiens
1508 4749 1606 4845 quasi
1633 4771 1743 4823 anno-

266 4893 340 4940 rnm
373 4869 523 4963 triginta,
558 4877 604 4941 ut
630 4879 826 4964 putaretur,
861 4869 948 4940 iilius
981 4869 1123 4963 loseph,
1159 4871 1216 4962 qui
1242 4871 1303 4942 luit
1327 4870 1419 4954 Heli,
1447 4871 1504 4963 qui
1531 4869 1591 4942 luit
1616 4871 1743 4956 blattat,

265 4978 361 5081 ”qui
388 4990 447 5061 tuit
472 4991 571 5075 Levi,
600 4990 657 5082 qui
684 4990 744 5060 fuit
768 4989 908 5075 blelcbi,
936 4990 993 5083 qui
1025 4991 1085 5060 l'nit
1118 4991 1264 5074 lannae,
1291 4992 1349 5084 qui
1375 4989 1600 5084 brit-loseph,
1643 4981 1670 5026 ¹⁵
1686 4990 1744 5083 qni

264 5109 326 5180 luit
357 5110 596 5194 ldattbatbiae,
631 5111 690 5202 qui
723 5111 783 5180 luit
811 5109 944 5194 Amos,
978 5111 1035 5202 qui
1071 5111 1130 5180 lnit
1160 5111 1288 5196 Naum,
1317 5111 1375 5204 qui
1401 5113 1461 5182 luit
1486 5109 1572 5196 Esli,
1600 5111 1657 5203 qui
1684 5111 1746 5182 luit

264 5229 424 5322 Naggae,
469 5219 496 5268 ²⁸
514 5232 571 5324 qni
597 5230 656 5334 luit
681 5231 811 5316 llaatb,
840 5231 896 5323 qni
923 5229 982 5300 brit
1008 5229 1243 5316 blattbatbiae,
1271 5231 1329 5324 qui
1355 5231 1414 5301 luit
1441 5231 1572 5316 Semci,
1599 5232 1656 5324 qui
1684 5232 1744 5301 luit

872 5351 921 5436 lll,
948 5351 970 5424 2
997 5389 1048 5402 ·-
1075 5351 1132 5424 26.
