4242 6118
600 357 786 425 cantauit
812 361 1025 424 anchorum
1051 359 1252 424 SECUNDUII
1278 355 1405 422 tuctu
1715 351 1764 426 93

284 568 435 640 XXXIIII.
462 549 603 638 Fa'mam
641 565 716 638 eius
749 559 908 637 'audIsse
940 565 1102 636 Herodes
1137 562 1299 646 retertur,
1335 555 1374 633 et¹
1415 558 1574 651 apostoli
1609 559 1771 640 dicuntur

400 677 403 690 '
466 707 556 780 quae
584 687 739 758 fecerant
764 683 945 756 rettulisse.

309 809 439 879 XXXV.
468 807 626 899 Quinque
658 805 806 900 panibus
840 813 876 876 et
909 803 1046 876 duobus
1081 802 1236 896 piscibus
1270 801 1433 894 quinque
1466 799 1664 884 hominum'
1683 814 1777 890 milia

467 935 607 1002 saturat.
803 967 804 972 =

295 1050 438 1122 XXXVI.
464 1046 693 1140 Interroganti
719 1047 915 1141 discipulos,
943 1065 1045 1137 quem
1074 1063 1156 1116 eum
1184 1043 1341 1116 dicerent
1365 1043 1551 1134 homines,
1579 1051 1699 1130 Petrus
1717 1084 1777 1133 re-

469 1167 608 1264 spondit
635 1167 803 1240 Christum
832 1161 905 1249 dei;
933 1173 968 1236 at
993 1163 1068 1258 ipse
1096 1164 1384 1258 praenuntiatae
1414 1183 1618 1256 passurum.

283 1291 439 1361 XXXVII.
466 1292 578 1361 Docet
603 1297 643 1360 ut
669 1309 749 1358 enm
767 1285 913 1378 quisque
940 1295 1122 1357 secuturus
1141 1286 1294 1378 abneget
1313 1291 1433 1358 semet
1452 1283 1577 1380 ipsum,
1606 1305 1642 1365 et
1659 1319 1770 1388 quos-

471 1409 553 1481 dam
580 1429 652 1480 non
679 1409 814 1480 visuros
841 1404 887 1475 ait
912 1415 1059 1476 mortem
1087 1406 1202 1478 donec
1227 1404 1370 1478 videant
1397 1425 1548 1498 regnum
1576 1412 1650 1483 dei:
1677 1439 1764 1486 mox

470 1531 610 1600 infertur
635 1527 898 1620 transfiguratus
923 1524 957 1595 in
983 1535 1146 1598 montem.

274 1651 444 1723 XXXVIII.
473 1649 656 1723 Cuiusdam
684 1647 786 1718 filiam
814 1668 834 1717 a
861 1645 1045 1717 daemonio
1063 1647 1241 1740 increpata
1259 1647 1494 1738 generationis
1519 1648 1758 1722 incredulitate

472 1769 614 1846 curavit.

302 1893 447 1965 XXXIX.
474 1893 599 1962 Iterum
626 1889 709 1962 dicit
734 1908 773 1958 se
798 1907 981 1982 passurum
1008 1888 1092 1969 lore,
1120 1895 1156 1956 et
1183 1887 1229 1958 de
1254 1887 1403 1982 primatu
1436 1888 1662 1980 cogitationes
1689 1910 1755 1958 eo·

288 1987 293 1998 ⁸
473 2035 550 2083 rum
577 2018 704 2081 statuto
730 2007 763 2078 in
790 2005 906 2078 medio
933 2027 1042 2100 puero
1068 2015 1191 2079 vetans
1218 2007 1440 2080 humilitatem
1468 2008 1587 2092 docet,
1622 2018 1658 2078 et
1683 2029 1755 2078 non

425 2183 427 2186 -
473 2129 650 2227 prohiberi
676 2129 819 2200 virtutes
846 2127 880 2196 in
906 2126 1013 2220 ipsius
1039 2128 1178 2198 nomine
1204 2127 1396 2200 facientem.

380 2253 446 2323 XL.
473 2253 591 2346 Ignem
619 2250 665 2322 de
694 2247 791 2319 caelo
818 2267 924 2340 super
951 2256 1183 2320 contemtores
1217 2258 1339 2342 petere
1373 2249 1532 2320 volentes
1567 2247 1755 2340 discipulos

473 2374 638 2466 increpat,
665 2377 700 2440 et
725 2366 850 2438 dloenti
876 2367 1008 2460 Sequar
1041 2375 1093 2447 te,
1126 2371 1249 2462 vulpes
1282 2370 1403 2441 loveas
1437 2369 1567 2440 habere
1600 2374 1753 2450 testatm,

474 2494 597 2564 iubens
630 2488 788 2583 sequenti
821 2486 993 2558 dimittere
1027 2497 1183 2561 mortuos
1218 2498 1254 2560 et
1286 2499 1459 2561 tenentem
1499 2497 1649 2560 aratrum
1682 2506 1755 2555 non

475 2608 652 2704 respicere
677 2618 781 2680 retro.

370 2731 450 2802 XLI.
477 2727 672 2822 Designatis
698 2739 734 2800 et
759 2728 832 2801 aliis
858 2729 947 2799 LXX
972 2729 1110 2802 duobus
1137 2729 1198 2802 dat
1228 2739 1417 2826 praecepta
1450 2728 1575 2822 quibus
1601 2725 1756 2798 debeant

476 2848 690 2943 praedicare.
742 2851 825 2922 Mox
856 2849 1052 2924 incredulas
1084 2851 1240 2945 increpat
1282 2852 1445 2924 civitates.
1494 2849 1583 2919 LIIX
1616 2845 1753 2917 duobus

476 2969 627 3042 reversis
654 2979 758 3062 atque
784 2969 1014 3064 gaudentibus
1046 2971 1214 3066 praecipit
1246 2993 1316 3043 non
1348 2972 1395 3044 de
1425 2969 1639 3042 subiectione
1665 2965 1752 3036 dae-

471 3111 613 3161 monum
639 3090 704 3163 sed
730 3089 776 3161 de
802 3111 944 3162 suorum
968 3091 1003 3162 iu
1029 3092 1127 3164 caelo
1152 3090 1326 3160 nominum
1352 3091 1538 3186 scriptione
1564 3086 1727 3182 gaudere.

350 3211 445 3282 XLII.
472 3209 650 3282 Confessio
682 3208 792 3282 laudis
823 3211 857 3280 in
883 3210 1011 3302 gaudio
1037 3213 1182 3282 refertur
1216 3209 1263 3282 ad
1297 3221 1447 3304 patrem,
1481 3219 1665 3304 postquam
1699 3205 1752 3276 in-

476 3332 543 3402 sert
568 3329 702 3423 priores
728 3331 836 3402 iustos
863 3351 952 3422 quae
978 3330 1095 3402 vident
1121 3329 1275 3423 discipuli
1300 3352 1370 3402 uon
1395 3331 1534 3404 vidIsse.

342 3452 448 3524 XLIII.
475 3450 578 3544 LegIs
608 3450 720 3544 perito
760 3448 806 3521 de
839 3454 911 3522 vita
954 3459 1094 3521 aeterna
1132 3460 1322 3543 quaerente
1363 3462 1400 3524 et
1432 3450 1507 3545 quis
1547 3448 1621 3520 eius
1659 3455 1753 3517 esset

476 3570 656 3668 proximus
683 3570 878 3642 sciscitante
903 3569 1032 3641 inducit
1056 3571 1259 3664 parabolam
1289 3571 1459 3646 vulnerati
1491 3571 1545 3643 cui
1578 3568 1750 3672 conlatam
1789 3575 1791 3588 '

477 3713 499 3764 a
526 3692 741 3764 Samaritano
767 3690 1039 3762 miserIcordiam
1065 3691 1232 3786 praecipit
1258 3693 1469 3766 imitandam.

332 3813 451 3884 XLIIII.
479 3813 674 3898 Querellam
700 3810 919 3882 ministrantis
944 3811 1098 3883 Marthae
1124 3811 1170 3884 de
1197 3833 1320 3884 sorore
1352 3837 1423 3888 non
1455 3835 1533 3884 eam
1565 3809 1749 3883 adiuvante

376 3969 381 3974 ·
477 3933 642 4028 optimam
669 3953 747 4004 eam
775 3941 909 4026 partem
935 3933 1083 4026 elegisse
1109 3933 1260 4005 dicendo
1287 3934 1486 4028 compescit.

355 4055 450 4126 XLV.
476 4054 641 4126 Normam
668 4053 831 4125 orationis
858 4052 1007 4146 quinque
1029 4053 1230 4148 petitionum
1253 4065 1397 4147 rogatus
1415 4077 1437 4127 a
1453 4053 1621 4148 discipulo
1639 4048 1750 4122 tradit.

343 4176 450 4246 XLVI.
478 4173 588 4244 Amici
612 4175 686 4246 tre's
709 4195 819 4268 panes
843 4173 961 4251 media
985 4183 1089 4247 nocte
1113 4175 1210 4270 petiti
1236 4171 1441 4270 paraboldm
1467 4195 1600 4269 ponens
1627 4180 1750 4266 petan-

478 4293 561 4366 dum
587 4294 823 4388 quaerendum
848 4295 1125 4389 pulsandumque
1150 4295 1338 4390 persuadit.

217 4401 222 4422 ‘
327 4417 447 4488 XLVII.
472 4415 602 4489 Mutum
637 4415 901 4487 daemoniacum
931 4415 1088 4488 restituto
1124 4427 1222 4489 curat
1253 4411 1420 4510 'eloquio
1448 4425 1483 4486 et
1518 4416 1552 4484 in
1577 4411 1750 4484 Belzehub

477 4535 557 4607 talia
583 4555 663 4608 eum
689 4557 797 4630 posse
821 4536 976 4608 dicentes
1003 4536 1209 4610 dearman
1228 4537 1368 4608 fortiore
1394 4535 1531 4608 devicto
1555 4543 1591 4604 et
1616 4532 1661 4603 de
1680 4532 1751 4625 spi-

477 4656 543 4726 ritu
568 4653 745 4730 immundo
771 4657 1039 4751 septempliciter
1064 4659 1098 4728 in
1123 4657 1262 4730 homine
1288 4679 1449 4751 regresso
1475 4653 1660 4746 redarguit.

318 4777 452 4848 xtvlfl.
479 4776 692 4848 Exclamanti
723 4776 854 4847 mulieri
888 4777 1028 4850 beatum
1061 4799 1141 4850 esse
1178 4786 1335 4850 ventrem
1376 4778 1434 4870 qui
1467 4795 1546 4848 eum
1577 4781 1751 4869 portasset

477 4894 657 4991 respoudit
682 4917 763 4968 esse
789 4917 867 4969 eum
895 4897 1035 4970 beatum
1063 4898 1120 4992 qui
1146 4900 1338 4968 servaverit
1367 4899 1512 4969 verbum
1539 4895 1613 4968 dei:
1645 4893 1751 4966 etde

478 5018 576 5111 signo
601 5017 705 5089 Ionae
731 5017 851 5089 dicens
877 5018 1030 5110 reginam
1056 5017 1162 5090 austri
1188 5028 1446 5092 commemorat.
1791 5105 1793 5114 Ι

281 5179 286 5188 ·
339 5137 449 5209 XLIX.
476 5139 667 5210 Lucernam
708 5137 827 5210 dicens
870 5159 941 5210 non
973 5161 1053 5212 esse
1088 5139 1152 5210 snb
1194 5139 1311 5212 modio
1344 5139 1442 5234 poni,
1478 5139 1613 5212 oculum
1649 5137 1752 5210 docet

479 5257 666 5353 simplicem
694 5281 775 5333 esse
802 5255 943 5331 debere.
