4146 6120
746 352 1016 416 nrocnnnnsrs
1044 355 1222 420 ronanus
1345 353 1350 360 “
1415 313 1418 327 ’

239 463 528 472 numm·
541 460 678 468 -—·-·----—
1365 461 1445 468 -----.
1454 461 1656 470 .-..--.--=-·-—--
1674 463 1721 468 -—-

930 589 1032 667 XVll.

313 793 378 874 ¹Et
403 803 495 874 veuit
521 821 609 874 unus
636 799 681 872 de
707 806 845 891 septem
874 799 1011 890 angelis
1031 799 1049 878 ,'
1059 801 1116 894 qui
1143 800 1318 874 habebant
1346 809 1480 894 septem
1509 801 1660 895 phialae,
1697 809 1732 872 et
1790 873 1793 886 ,

238 923 370 994 Ιοοιιιιιι
403 931 456 992 est
489 941 623 992 mecum
658 920 779 992 dicens
810 921 913 1005 Veni,
951 923 1137 996 ostendam
1168 922 1227 994 tibi
1254 921 1511 994 damnationem
1539 924 1731 996 meretricis

238 1065 386 1136 magnae
413 1061 503 1134 quae
530 1040 631 1112 sedet
657 1061 762 1134 super
789 1061 902 1132 aquas
928 1044 1070 1129 multas,
1116 1034 1225 1114 'cum
1254 1065 1320 1135 qua
1348 1043 1506 1114 fornicati
1531 1055 1609 1116 suut
1627 1067 1731 1137 reges

238 1173 359 1247 torrae,
388 1171 423 1232 et
449 1162 605 1236 inebriati
633 1171 711 1234 sunt
737 1160 794 1252 qui
820 1161 1015 1236 inhabitant
1042 1175 1168 1236 terram
1197 1163 1348 1234 devino
1374 1163 1628 1255 prostitutionis
1647 1166 1731 1238 eius.

236 1275 250 1320 ³
267 1283 310 1353 Et
343 1282 484 1356 abstulit
523 1304 580 1354 mo
613 1281 647 1352 in
687 1279 864 1372 desertum
904 1285 938 1356 in
972 1285 1102 1378 spiritu.
1156 1284 1198 1354 Et
1228 1284 1297 1356 vidi
1331 1283 1515 1358 mulierem
1551 1288 1732 1362 sedentem

238 1425 344 1498 snper
369 1403 517 1474 bostiam
547 1401 752 1486 coccineam,
781 1402 920 1494 plenam
949 1405 1148 1476 nominibus
1175 1405 1429 1498 blasphemiae,
1459 1407 1648 1482 habentem
1673 1431 1733 1482 ca-

238 1526 308 1618 pita
337 1533 473 1618 septem
506 1531 540 1594 et
573 1544 703 1594 cornua
730 1522 863 1594 decem.
918 1515 991 1596 affl
1018 1525 1140 1596 mulier
1173 1535 1247 1596 erat
1273 1526 1494 1600 circumdata
1520 1551 1672 1624 purpura
1701 1541 1735 1602 et

238 1647 390 1729 coccino,
418 1654 454 1714 ct
478 1645 633 1716 inaurata
660 1664 745 1716 auro
772 1654 807 1714 et
833 1643 950 1736 lapide
978 1644 1157 1738 praetioso
1192 1655 1227 1716 et
1253 1647 1470 1740 margaritis,
1506 1649 1639 1721 babens
1665 1674 1733 1744 po-

239 1767 350 1836 culum
379 1786 521 1854 auroum
550 1764 583 1836 iu
611 1785 714 1834 manu
742 1786 805 1836 sua
834 1765 973 1857 plenum
1008 1765 1301 1850 abominationum
1336 1777 1372 1838 et
1408 1763 1633 1842 'inmunditia
1660 1773 1731 1842 lor-

239 1887 417 1958 nicationis
444 1885 531 1968 eius,
576 1876 643 1956 5ct
668 1885 701 1954 in
727 1886 840 1956 fronte
866 1879 941 1956 eiu's
968 1907 1099 1956 nomen
1125 1885 1288 1980 scriptum
1323 1889 1545 1982 Mysterium‚
1573 1890 1730 1984 Babylon

240 2029 377 2100 inagna,
404 2015 515 2078 mater
541 2005 800 2076 fornicationum
829 2017 863 2076 ot
890 2005 1186 2076 abominationum
1219 2017 1344 2079 terrae.
1396 1999 1467 2078 “Et
1501 2007 1572 2080 vidi
1605 2011 1728 2082 mulie-

239 2151 312 2198 rem
346 2127 478 2198 cbriam
515 2126 560 2196 de
596 2125 763 2216 sanguine
783 2136 989 2198 sanctorum
1023 2125 1130 2197 etde
1158 2128 1325 2220 sanguine
1353 2114 1665 2221 martyrum'lesu,
1694 2141 1729 2202 et

239 2247 380 2319 miratus
417 2269 493 2318 sum
528 2269 605 2317 cum
642 2244 807 2316 vidissem
842 2247 932 2318 illam
968 2245 1206 2318 ammiratione
1242 2269 1379 2339 magna.
1431 2241 1505 2318 ‘¹Et
1531 2248 1619 2320 dixit
1644 2249 1728 2322 mihi

230 2340 383 2459 ‘angelus
412 2368 527 2451 Quare
555 2357 715 2460 mir'aris‘l
743 2367 899 2458 egotibi
927 2366 1041 2438 dicam
1068 2375 1323 2440 sacramentum
1352 2367 1505 2440 mulieris
1532 2379 1566 2440 et
1592 2369 1726 2442 bestiae

239 2509 330 2579 quae
356 2495 472 2580 portat
498 2508 586 2570 eam,
615 2481 692 2578 'qui
718 2485 824 2558 habet
850 2486 962 2580 capita
990 2498 1124 2582 septam
1152 2499 1187 2560 et
1213 2509 1344 2560 cornua
1370 2487 1506 2560 decem.
1550 2483 1726 2562 ⁸Bestiam

239 2629 343 2698 quam
371 2607 505 2690 vidisti,
540 2607 601 2678 luit
633 2617 668 2678 et
694 2627 764 2678 nou
791 2593 861 2692 est,
897 2617 932 2678 et
958 2630 1147 2682 ascensura
1173 2619 1227 2680 est
1253 2608 1299 2680 de
1326 2608 1461 2702 abysso
1488 2621 1523 2680 et
1548 2609 1582 2680 in
1607 2609 1725 2680 interi-

239 2737 309 2798 tum
343 2727 421 2800 ibit:
457 2739 492 2798 et
532 2727 744 2800 mirabantur
775 2727 1005 2800 inhabitantes
1039 2741 1180 2814 terram,
1216 2715 1362 2823 quorur'n
1398 2751 1469 2801 non
1495 2739 1573 2803 sunt
1599 2729 1726 2824 scripta

238 2847 377 2918 nomina
404 2847 438 2918 in
465 2845 552 2917 libro
579 2847 670 2918 vitae
699 2871 719 2918 a
747 2849 989 2920 constitutione
1017 2851 1143 2933 mundi,
1171 2849 1331 2920 videntes
1357 2849 1515 2934 bestiam,
1544 2850 1623 2942 quia
1650 2860 1725 2921 erat

239 2977 274 3036 et
299 2987 371 3040 non
396 2975 458 3038 est.
511 2958 580 3038 ⁹Et
612 2967 666 3038 bic
700 2979 755 3040 est
786 2991 910 3040 sensus
944 2968 1000 3060 qui
1033 2969 1139 3040 babet
1173 2969 1400 3062 sapientiam:
1441 2971 1581 3062 Septem
1611 2970 1723 3063 capita

240 3097 376 3180 septem
403 3097 539 3158 montes
567 3097 660 3171 sunt,
689 3109 793 3182 super
819 3109 908 3179 quos
934 3087 1055 3158 mulier
1081 3089 1196 3172 sedet,
1237 3079 1315 3158 10ιιι
1341 3109 1446 3180 reges
1464 3096 1600 3180 septem
1629 3098 1722 3160 sunt:

240 3208 391 3300 quinque
423 3206 638 3288 ceciderunt,
671 3229 759 3278 unus
795 3215 858 3292 est,
891 3216 925 3277 et
958 3207 1042 3278 aliua
1075 3208 1229 3279 nondum
1263 3207 1373 3292 venit3
1396 3217 1442 3300 ¹et
1475 3229 1553 3278 cum
1581 3185 1749 3292 venerit,

241 3337 380 3422 oportet
405 3327 496 3398 illum
525 3328 633 3400 breve
661 3337 796 3421 tempus
822 3347 974 3398 manere.
1028 3319 1051 3364 ⁴¹
1070 3327 1112 3398 Et
1137 3327 1250 3398 bestia
1283 3347 1374 3418 quae
1400 3335 1476 3397 erat
1501 3336 1537 3396 et
1562 3349 1632 3398 non
1660 3335 1722 3410 est,

240 3458 274 3518 et
300 3448 377 3541 ipsa
403 3459 527 3520 octava
554 3459 616 3535 ast,
645 3459 680 3520 et
706 3449 751 3521 de
778 3459 914 3542 septem
940 3457 1002 3532 est,
1030 3457 1065 3520 et
1096 3447 1130 3518 in
1158 3443 1347 3518 'interitum
1380 3447 1498 3520 vadet.
1551 3439 1577 3484 ⁴²
1588 3447 1631 3518 Et
1657 3445 1722 3516 de-

240 3591 320 3640 cem
345 3590 474 3642 cornua
505 3591 596 3662 quaa
629 3569 744 3643 vidisti
777 3570 901 3642 decem
929 3589 1032 3660 reges
1060 3579 1152 3654 sunt,
1180 3568 1237 3660 qui
1263 3588 1408 3660 regnum
1435 3566 1590 3638 noudum
1618 3587 1722 3639 acoe-

240 3698 370 3782 perunt
399 3689 463 3760 sed
490 3691 699 3783 potestatem
726 3701 902 3784 tamquam
930 3709 1033 3782 reges
1060 3709 1128 3762 una
1155 3688 1241 3758 bora
1268 3687 1438 3782 accipiunt
1463 3697 1546 3781 post
1562 3689 1720 3760 bestiam.

239 3801 265 3848 ¹³
282 3809 322 3880 Hi
356 3833 461 3880 uuum
496 3811 673 3882 consilium
708 3811 850 3896 babent,
886 3821 921 3880 et
952 3809 1111 3881 virtutem
1144 3819 1179 3880 et
1213 3815 1423 3901 potestatem
1454 3829 1553 3880 suam
1587 3808 1722 3880 bestiae

240 3929 386 4002 tradunt.
424 3919 465 3992 ,¹⁶
481 3932 522 4002 lli
549 3953 627 4002 cum
656 3954 747 4024 agno
774 3931 985 4026 pugnabunt,
1013 3939 1048 4002 et
1074 3949 1184 4022 agnus
1210 3929 1325 4000 vincet
1350 3929 1436 4012 illos,
1463 3929 1625 4020 qnoniam
1654 3927 1721 4000 do-

241 4051 353 4122 minus
380 4051 597 4136 dominorum
626 4061 681 4123 est
706 4061 740 4123 et
766 4073 831 4123 rex
857 4071 993 4144 regum,
1030 4049 1147 4142 etqui
1182 4070 1260 4120 cum
1294 4048 1351 4120 illo
1379 4057 1457 4120 sunt
1482 4049 1598 4120 vocati
1623 4047 1722 4120 electi

135 4211 137 4216 ·
240 4181 275 4242 et
301 4170 432 4242 fideles.
486 4165 512 4209 *ὅ
527 4175 570 4244 Et
596 4173 683 4245 dixit
709 4173 791 4244 mihi
817 4172 936 4264 Aquas
962 4193 1052 4264 quas
1076 4170 1208 4255 vidisti,
1240 4169 1298 4240 ubi
1326 4168 1489 4240 meretrix
1516 4167 1627 4253 sedet,
1654 4190 1721 4262 po-

240 4291 309 4384 puli
335 4300 414 4362 sunt
440 4301 475 4363 ct
500 4303 622 4384 gentes
649 4304 685 4366 ot
710 4295 856 4387 liuguae.
908 4283 992 4363 1οΕι
1018 4291 1142 4364 docem
1169 4312 1298 4362 cornua
1326 4310 1416 4384 quae
1447 4288 1562 4360 vidisti
1595 4298 1630 4360 et
1655 4290 1720 4362 be-

240 4411 352 4496 stiam,
381 4411 415 4482 hi
454 4413 572 4485 odient
605 4415 837 4498 fornicariam,
872 4423 907 4484 et
940 4413 1133 4486 desolatam
1166 4411 1291 4483 facient
1320 4411 1411 4482 illam
1446 4419 1481 4480 et
1512 4407 1659 4494 nudam,
1687 4417 1722 4478 et

241 4553 364 4604 carnes
399 4532 472 4604 eius
503 4525 775 4620 manducabunt,
812 4543 847 4604 et
879 4533 992 4626 ipsam
1024 4533 1094 4626 igni
1127 4532 1411 4604 concremabunt:
1468 4521 1493 4566 ’Ἰ
1507 4505 1595 4601 deus
1629 4519 1718 4600 onim

108 4657 113 4664 '
241 4651 339 4723 dedit
363 4652 398 4722 in
424 4655 532 4726 corda
560 4677 680 4727 comm
708 4666 744 4727 ιιι
770 4655 894 4726 laciant
927 4653 1021 4746 quod
1047 4653 1092 4722 illi
1117 4653 1279 4746 placitum
1306 4661 1377 4736 est,
1404 4659 1440 4722 ιιι
1466 4650 1549 4722 dent
1574 4671 1720 4742 reguum

155 4839 157 4848 .
243 4794 341 4844 suum
368 4774 512 4861 bestiae,
541 4777 654 4848 donec
686 4785 966 4847 consummentur
997 4773 1107 4845 verba
1141 4773 1208 4844 dei.
1260 4763 1287 4808 ⁴⁸
1303 4773 1344 4846 Ει
1377 4771 1497 4842 mulier
1529 4783 1631 4862 quarn
1666 4767 1719 4840 vi.-

240 4893 319 4966 disti
346 4905 399 4967 est
426 4897 542 4969 cintae
570 4919 704 4989 magna,
732 4917 821 4989 quae
848 4887 953 4968 babet
979 4917 1123 4988 regnum
1150 4915 1255 4988 super
1282 4913 1385 4986 reges
1412 4901 1535 4964 tarrae.

827 5017 922 5103 XVll,
952 5020 965 5086 l
1003 5055 1048 5070 —
1081 5019 1136 5088 l8.
