4146 6120
368 318 440 394 llll
876 319 1130 388 APOCALYPSIS
1156 319 1333 386 IOHANNIS

369 549 465 614 auro,
491 538 527 600 ct
550 527 657 600 iacies
683 547 800 599 esium
827 527 915 598 sicut
929 521 1042 598 ¹iacies
1067 527 1256 613 bominum,
1300 517 1363 597 ⁸et
1387 525 1563 598 habebant
1587 526 1729 622 capillos
1752 529 1842 600 sicut

371 649 511 743 capillos
542 647 734 733 mulierum,
770 656 805 718 el
838 645 961 720 dentes
987 667 1105 719 earum
1139 648 1225 720 sicut
1239 647 1389 726 ,leonum
1416 655 1527 732 erant,
1569 638 1638 719 ⁹et
1663 649 1839 721 hebebant

370 768 494 841 loricas
527 769 615 840 sicut
645 767 769 840 loiicas
800 767 944 851 ferreas,
981 776 1016 838 et
1043 787 1117 838 vox
1150 767 1279 838 alarum
1312 787 1432 838 earum
1464 765 1550 838 sicut
1578 788 1652 838 vox
1679 790 1839 842 cuinuum

371 909 538 982 equorum
562 889 745 960 multorum
771 886 977 958 currentium
1002 887 1036 958 in
1060 887 1197 958 bellum.
1249 879 1330 958 ¹⁰Et
1354 886 1529 960 habebant
1554 887 1685 962 caudas
1710 889 1839 960 similes

373 1009 601 1102 scorpionum,
628 1018 664 1080 et
689 1007 798 1079 aculei
822 1007 858 1078 in
884 1006 1002 1080 caudis
1027 1028 1163 1091 eanum,
1190 1015 1345 1101 potestas
1378 1029 1497 1078 earum
1515 993 1659 1080 ¹nocere
1691 1009 1838 1082 bomini·

374 1128 440 1200 bus
464 1129 640 1202 mensibus
666 1129 823 1222 quinque.
870 1117 893 1162 ⁴⁴
912 1127 955 1198 Et
980 1127 1154 1200 habebant
1179 1149 1284 1222 super
1299 1149 1349 1200 -se
1373 1149 1493 1220 regem
1520 1125 1694 1221 'angelum
1711 1129 1838 1223 abyssi,

365 1247 431 1320 cui
453 1269 580 1322 nomen
604 1241 783 1320 'ebreicas
814 1245 1004 1332 Abadd0n‚
1037 1268 1142 1340 grece
1167 1257 1282 1319 autem
1309 1245 1491 1342 ,Apolliom
1526 1259 1562 1320 et
1585 1250 1709 1320 latinae
1734 1249 1840 1322 babet

374 1389 502 1442 nomen
533 1368 781 1441 Exterminans.
831 1357 857 1402 ⁴¹
873 1367 945 1440 Vae
978 1389 1082 1440 unum
1116 1367 1212 1438 abiit:
1243 1388 1328 1440 ecce
1358 1369 1497 1442 veniunt
1531 1368 1645 1442 adhuc
1677 1369 1747 1442 duo
1772 1391 1838 1441 vae

374 1489 577 1582 posthaec.
628 1480 654 1526 ¹³
669 1490 712 1560 Et
735 1495 857 1559 sextus
891 1488 1033 1580 angelus
1065 1487 1148 1560 tuba
1182 1489 1312 1562 cecinit.
1362 1490 1404 1560 Et
1429 1489 1544 1562 audivi
1567 1510 1706 1574 vocem,
1733 1511 1838 1560 unum

351 1629 423 1680 -ex
447 1609 608 1682 comibus
642 1608 756 1680 ulans
789 1608 883 1678 aurei
917 1607 1013 1701 quod
1044 1617 1202 1680 estante
1229 1609 1348 1680 oculos
1381 1608 1452 1694 dei,
1497 1599 1709 1683 “dicentem
1736 1619 1837 1682 sexto

329 1733 332 1740 '
375 1729 499 1821 angelo
526 1729 584 1822 qui
617 1725 786 1802 'babebat
820 1729 939 1800 tubam
972 1729 1075 1799 Solve
1106 1739 1267 1820 quattuor
1301 1730 1443 1820 angelos
1468 1729 1526 1822 qui
1552 1729 1676 1823 alligati
1702 1729 1839 1802 suntin

374 1848 511 1920 lluminc
537 1871 662 1944 magno
687 1850 835 1920 Eufrate.
877 1837 958 1920 ¹⁵Et
983 1849 1082 1920 soluti
1109 1859 1187 1920 sunt
1212 1859 1372 1941 quattuor
1397 1849 1509 1942 angeli
1535 1850 1593 1942 qui
1617 1848 1727 1944 parali
1743 1859 1840 1922 erant

374 1969 409 2040 in
434 1969 554 2042 horam
588 1981 623 2042 et
654 1970 746 2042 diem
779 1979 813 2040 et
843 1989 998 2038 mensem
1031 1977 1066 2039 et
1091 1990 1233 2054 annum,
1259 1979 1297 2040 ut
1323 1968 1521 2042 occiderent
1545 1971 1680 2042 tertiam
1704 1979 1838 2064 partem

374 2089 559 2162 bominum.
610 2082 636 2126 ⁴⁶
651 2087 694 2161 Et
724 2109 888 2160 numerus
923 2088 1093 2181 equestris
1129 2089 1302 2161 exercitus
1337 2089 1443 2160 vicies
1473 2089 1583 2162 milies
1615 2089 1706 2162 dena
1730 2089 1837 2160 milia:

371 2209 490 2282 'audivi
513 2231 693 2282 numerum
719 2230 848 2280 eorum.
900 2199 927 2244 ¹⁷
943 2209 986 2278 Et
1010 2208 1058 2280 ita
1083 2208 1154 2281 vidi
1180 2230 1290 2303 equos
1315 2209 1349 2278 in
1374 2209 1515 2295 visione,
1543 2221 1579 2282 et
1596 2211 1653 2304 qui
1670 2209 1840 2282 sedebant

372 2351 480 2424 super
494 2353 578 2416 eos,
605 2329 772 2401 babentes
797 2329 922 2402 loricas
947 2327 1067 2421 igneas
1093 2338 1128 2400 et
1152 2328 1352 2433 iacinthinas
1379 2339 1414 2400 et
1439 2329 1651 2424 sulphureas,
1678 2339 1714 2401 et
1729 2328 1840 2422 capita

376 2471 544 2544 equorum
579 2459 676 2521 erant
707 2459 882 2540 tamquam
917 2449 1029 2542 capita
1061 2450 1215 2535 leonum,
1257 2459 1292 2520 et
1324 2449 1369 2522 de
1405 2471 1466 2522 ore
1497 2449 1650 2544 ipsorum
1682 2447 1840 2544 procedit

376 2570 464 2667 ignis
490 2579 525 2640 et
549 2571 661 2640 fumus
687 2578 722 2639 et
747 2568 896 2660 sulphur.
948 2559 1040 2638 ⁴⁸Ab
1066 2567 1120 2640 bis
1147 2569 1254 2640 tribus
1279 2568 1389 2662 plagis
1415 2570 1530 2642 occisa
1556 2580 1610 2642 est
1634 2569 1733 2642 tertia
1757 2589 1839 2662 pars

375 2689 551 2762 bominum
576 2687 622 2760 de
647 2687 726 2781 igne
752 2696 787 2758 et
811 2688 905 2760 lumo
933 2696 968 2758 et
993 2687 1155 2781 sulphore
1181 2688 1239 2782 qui
1264 2687 1478 2782 procedebat
1509 2709 1556 2760 ex
1589 2709 1650 2761 ore
1675 2691 1837 2784 ipsorum.

376 2800 403 2848 ¹⁹
414 2807 573 2882 Potestas
598 2808 688 2880 enim
714 2828 882 2900 equorum
907 2807 941 2878 in
968 2828 1028 2879 ore
1055 2828 1175 2880 eorum
1201 2817 1256 2880 est
1281 2817 1316 2880 et
1340 2810 1375 2880 in
1402 2808 1522 2881 caudis
1544 2830 1680 2882 eorum:
1706 2817 1839 2880 namet

377 2929 512 3002 caudae
544 2951 664 3002 eorum
698 2927 826 3002 similes
860 2927 1092 3021 serpentibus,
1124 2927 1291 3000 babentes
1321 2929 1448 3024 capite,
1483 2940 1518 3002 et
1556 2930 1591 3000 in
1624 2930 1676 3002 bis
1707 2937 1839 3000 nocent.

376 3043 404 3088 Ψ
418 3050 461 3122 Et
486 3049 590 3122 ceteri
615 3049 779 3136 homines,
806 3049 865 3142 qui
889 3070 959 3120 non
990 3058 1069 3120 sunt
1100 3049 1204 3120 occisi
1228 3049 1263 3120 in
1287 3049 1340 3122 his
1366 3051 1494 3144 plagis,
1521 3071 1635 3143 neque
1660 3049 1839 3144 paeniten-

367 3169 460 3242 tiam
486 3181 630 3264 egerunt
659 3170 705 3242 de
732 3169 896 3264 opeiibus
930 3191 1100 3240 mannum.
1126 3191 1282 3256 suanum,
1309 3179 1346 3241 ut
1370 3192 1442 3242 non
1466 3171 1613 3244 adorent
1638 3165 1840 3242 'daemonia

378 3300 414 3362 et
439 3287 660 3364 'simulachra
690 3311 797 3361 aurea
829 3299 865 3362 et
897 3297 1061 3382 argentea
1090 3298 1126 3360 et
1156 3311 1260 3363 aerea
1293 3301 1328 3361 et
1360 3290 1498 3385 lapidea
1529 3301 1564 3362 ct
1595 3289 1723 3383 lignea,
1749 3309 1841 3381 quae

378 3431 491 3504 neque
515 3409 635 3482 videre
659 3419 806 3503 possunt
830 3431 945 3504 neque
971 3409 1091 3482 audire
1116 3431 1230 3504 neque
1256 3409 1448 3497 ambulare,
1491 3403 1515 3450 ¹¹
1534 3419 1570 3482 et
1600 3432 1671 3483 nnn
1696 3419 1843 3502 egerimt

378 3529 620 3624 paenitentiam
647 3530 691 3601 ab
717 3529 908 3602 homicidiis
934 3529 1004 3601 suis
1029 3551 1142 3624 neque
1169 3551 1190 3602 a
1214 3529 1391 3606 beneficiis
1417 3531 1488 3604 suis
1512 3553 1628 3625 neque
1655 3530 1840 3604 alernica-

379 3649 471 3722 tione
497 3669 559 3720 sua
583 3669 697 3744 neque
724 3670 745 3720 a
769 3649 863 3722 burlis
890 3650 968 3722 suis.

1086 3924 1128 3998 X.

455 4125 526 4204 *ut
557 4135 628 4208 vidi
661 4134 763 4206 alium
794 4133 953 4226 angelum
984 4135 1107 4206 iontem
1128 4133 1417 4206 ‘descendentem
1457 4133 1503 4206 de
1534 4136 1647 4218 caelo,
1684 4133 1843 4204 amictum

381 4247 530 4341 'nubae,
562 4265 598 4326 et
630 4255 689 4326 inis
719 4255 754 4325 in
780 4253 892 4348 capite
918 4253 991 4326 eius
1016 4263 1052 4326 et
1077 4253 1182 4326 iacies
1207 4255 1291 4339 eius,
1318 4263 1395 4328 erat
1419 4263 1456 4325 ut
1481 4255 1543 4340 sol,
1571 4263 1606 4326 et
1631 4251 1741 4347 pedes
1767 4253 1845 4324 eius

380 4384 554 4470 tamquam
585 4377 743 4448 columna
775 4374 872 4468 ignis,
923 4366 990 4446 'et
1021 4374 1171 4448 habebat
1203 4375 1238 4446 in
1271 4395 1375 4447 manu
1407 4396 1469 4448 sua
1501 4374 1650 4446 libellum
1676 4383 1843 4466 apertum.

369 4495 422 4566 lit
445 4495 561 4590 posuit
584 4497 710 4590 pedem
737 4517 836 4568 suum
861 4494 1023 4568 dextrum
1049 4515 1155 4589 super
1179 4515 1285 4580 mare,
1311 4495 1483 4568 sinistrum
1509 4503 1624 4568 antam
1641 4513 1748 4588 super
1771 4504 1844 4565 ter-

379 4635 470 4700 ram,
511 4608 573 4688 ³et
598 4617 755 4690 clamavit
778 4635 867 4688 voce
884 4636 1024 4710 magna,
1068 4615 1384 4708 quemammodum·
1398 4637 1474 4688 cum
1492 4615 1548 4686 leo
1566 4613 1664 4708 rugit.
1706 4614 1845 4686 Etcum

371 4737 570 4824 :clamasset
596 4738 708 4810 locuta
734 4746 812 4809 sunt
837 4746 971 4831 septem
997 4735 1144 4808 tonitiua
1168 4757 1276 4808 voces
1302 4754 1392 4808 snas.
1443 4725 1510 4806 ‘Et
1526 4756 1604 4806 cum
1622 4735 1735 4806 locuta
1759 4733 1845 4806 uns-

372 4867 615 4953 ·sent'septem
642 4859 800 4944 tonitrua,
828 4857 1015 4952 scripturus
1041 4877 1155 4933 eram:
1183 4869 1218 4929 et
1244 4857 1506 4931 audivivocem
1533 4855 1579 4926 de
1605 4855 1700 4926 caelo
1722 4853 1845 4926 dicen-

373 4987 450 5049 tem
476 4977 580 5072 Signa
605 5001 694 5074 quae
719 4979 832 5051 locuta
858 4989 937 5052 sunt
962 4988 1097 5074 septem
1122 4973 1284 5065 tonitrua,
1305 4979 1374 5052 noli
1400 5001 1444 5050 ea
1468 4973 1632 5048 sonbere.
1682 4967 1757 5046 ὖΕἰ
1781 4995 1844 5046 an-

379 5099 494 5192 gelum
520 5121 621 5192 quem
647 5099 716 5170 vidi
742 5109 887 5172 euntem
914 5121 1018 5194 supra
1044 5121 1141 5172 mare
1172 5110 1207 5172 et
1226 5121 1337 5194 ‘supra
1370 5109 1512 5182 tenram,
1547 5097 1674 5169 levavit
1704 5117 1844 5167 manum

969 5221 1020 5306 lX,
1049 5225 1070 5292 8
1101 5259 1145 5272 -
1174 5223 1213 5302 X,
1242 5225 1273 5289 5.
