4146 6120
375 391 447 462 33t
751 390 931 454 EPISTULA
955 389 1019 454 ΑΙ),
1034 390 1416 456 THESSALONICENSES
1441 394 1473 454 u

373 599 490 682 vobis,
518 598 680 690 quoniam
706 598 735 666 si
761 595 838 688 quis
864 616 934 666 non
958 596 1030 666 vult
1056 597 1209 692 operari,
1244 618 1311 668 neo
1324 653 1327 662 ,
1342 596 1536 668 manducet.
1590 588 1612 632 ¹⁴
1628 586 1663 642 (Β)
1681 595 1849 670 Audimus

375 719 466 790 enim
493 719 671 788 intervos
698 714 869 808 quosdam
904 715 1118 787 ambulantes
1151 717 1312 811 inquiete,
1339 717 1420 788 nihil
1450 725 1634 810 operantes
1666 716 1732 788 sed
1747 705 1749 714 ¹
1765 711 1848 790 'ou-

374 839 466 910 riose
493 846 652 930 agentes:
696 828 722 874 ⁴²
738 835 790 906 his
816 844 931 906 autern
957 835 1015 928 qui
1041 835 1210 908 eiusmodi
1236 847 1316 908 sunt
1340 837 1582 910 denuntiamus
1613 845 1648 907 et
1680 836 1847 908 obsecra-

375 981 452 1030 mus
490 958 525 1026 in
559 956 698 1027 domino
736 957 813 1026 lesu
853 955 1002 1039 Christo,
1041 965 1080 1026 ut
1117 979 1195 1028 oum
1238 957 1371 1028 silentio
1415 965 1600 1050 operantes
1640 979 1742 1028 suum
1783 979 1848 1050 pa-

373 1099 453 1148 nem
479 1075 697 1148 manducent.
749 1067 775 1111 ⁴³
790 1063 823 1124 (⁹)
842 1075 913 1146 Vos
939 1085 1068 1160 autem,
1094 1077 1357 1163 iratres‚nolite
1384 1076 1536 1149 deficere
1561 1077 1653 1147 bene
1673 1078 1846 1148 iacientes.

374 1184 400 1233 ¹⁸
418 1196 521 1281 Quod
547 1196 576 1267 si
603 1198 680 1290 quis
704 1218 775 1267 non
801 1195 944 1266 oboedit
967 1195 1079 1266 verbo
1105 1205 1225 1270 nostro
1251 1219 1315 1291 per
1333 1198 1528 1291 epistulam,
1556 1197 1647 1268 huno
1669 1206 1786 1270 notate
1813 1207 1847 1268 et

373 1338 444 1389 non
469 1317 747 1388 conmisoeamini
773 1338 851 1387 cum
877 1315 949 1400 illo,
976 1324 1013 1385 ut
1039 1317 1280 1390 confundatur:
1323 1310 1398 1389 ’δεῖ
1422 1317 1525 1389 nolite
1551 1318 1651 1410 quasi
1676 1317 1845 1390 inimicum

375 1438 591 1522 existimare,
627 1437 691 1509 sed
724 1437 883 1530 corripite
914 1445 951 1508 ut
983 1437 1131 1507 fratrem.
1183 1428 1299 1532 ⁴⁶Ipse
1314 1495 1319 1504 .
1333 1447 1446 1509 autem
1481 1438 1639 1510 dominus
1665 1438 1762 1532 paois
1787 1437 1845 1510 det

374 1558 475 1630 vobis
501 1579 624 1651 pacem
651 1558 894 1650 sempiternam
920 1557 954 1626 in
980 1557 1073 1627 omni
1098 1557 1186 1629 loco.
1240 1558 1405 1628 Dominus
1438 1579 1516 1629 cum
1549 1557 1709 1630 omnibus
1733 1557 1841 1629 vobis.

375 1669 401 1712 ⁴⁷
418 1678 580 1750 Salutatio
598 1699 677 1750 mea
702 1700 807 1749 manu
823 1677 933 1762 Pauli,
961 1675 1056 1768 quod
1082 1687 1135 1750 est
1153 1675 1288 1770 signum
1305 1677 1340 1748 in
1358 1679 1451 1750 omni
1468 1678 1629 1774 epistula:
1657 1677 1704 1749 ita
1720 1677 1840 1750 scribo.

374 1789 401 1836 ⁴⁸
417 1799 532 1872 Gratia
558 1798 686 1870 domini
711 1798 818 1869 nostri
843 1799 919 1868 lesu
946 1795 1068 1867 Christi
1095 1819 1173 1868 oum
1201 1797 1359 1871 omnibus
1385 1799 1500 1884 vohis,
1545 1819 1655 1870 amen.

726 1948 899 2013 nxruorr
924 1947 976 2010 an
1005 1947 1385 2015 rmssmomcnnsss
1413 1935 1493 2016 sso-
