4254 6130
664 367 908 434 uvauomrvn
939 367 1141 432 sucunouu
1167 365 1366 430 romnnuu
1696 355 1768 436 tet

1372 469 1595 478 ---—-—-·--—--—
1602 473 1621 476 —
1641 471 1759 480 m-——.

270 572 327 656 sis,
355 571 440 642 lacis
468 572 642 665 teipsum
670 570 785 642 deum.
839 559 865 606 ³⁴
883 568 1073 662 Respondit
1100 569 1151 642 eis
1177 570 1273 642 lesus
1299 569 1423 642 Nonne
1455 570 1620 663 scriptum
1655 578 1709 640 est
1734 567 1768 640 in

269 693 349 784 lege
375 700 494 762 vestra
521 690 600 784 quia
629 711 698 784 ego
726 689 799 762 dixi
824 687 878 758 Dii
905 688 1015 760 estis‘l
1058 681 1132 760 egi
1150 688 1226 760 illos
1244 686 1331 758 dixit
1350 687 1447 774 deos,
1477 688 1523 762 ad
1542 708 1632 782 quos
1650 707 1767 760 sermo
1857 776 1862 787 1

270 810 330 882 dei
356 811 465 882 lactus
493 820 557 894 est,
585 819 620 880 et
646 830 716 881 non
742 817 863 902 potest
888 807 975 878 solvi
1002 807 1185 901 scriptura,
1236 798 1263 846 ³⁶
1276 827 1379 899 quem
1410 816 1510 900 pater
1543 806 1769 883 sanctificavit

271 939 307 1001 ει
333 929 425 1002 misit
457 929 492 1000 in
518 930 697 1014 mundum,
736 949 800 1000 vos
836 925 949 998 dicitis
980 927 1059 1020 quia
1090 926 1328 1020 blasphemas,
1363 925 1442 1018 quia
1476 925 1548 998 dixi
1582 927 1683 998 Filius
1711 926 1769 998 dei

273 1051 375 1120 sum‘l
418 1040 445 1086 ³¹
458 1048 495 1118 Si
520 1069 591 1118 non
616 1046 705 1118 laoio
733 1067 844 1141 opera
871 1045 978 1139 patris
1003 1046 1082 1130 mei,
1108 1047 1214 1118 nohte
1242 1045 1388 1118 credere
1415 1045 1512 1116 mihi:
1556 1038 1624 1117 3²³si
1651 1054 1767 1144 autem
1884 1113 1890 1127 ,

272 1167 381 1250 facio,
416 1167 480 1238 etsi
511 1167 593 1237 mihi
625 1187 694 1238 non
727 1166 831 1238 vultis
857 1163 1021 1250 credere,
1051 1166 1215 1259 operibus
1243 1165 1394 1250 credite,
1422 1173 1459 1235 ιιι
1485 1165 1707 1257 cognoscatis
1734 1173 1769 1235 ει

273 1285 423 1358 credatis
450 1286 530 1384 quia
555 1287 590 1356 in
616 1307 673 1356 me
700 1293 753 1356 est
780 1293 883 1378 pater
909 1293 945 1354 et
970 1305 1038 1376 ego
1065 1285 1099 1355 in
1125 1295 1236 1379 patre.
1297 1272 1411 1332 ΝΜ)
1429 1285 1654 1369 Quaerebant
1680 1306 1768 1377 ergo

273 1427 353 1476 eum
386 1405 575 1498 prendere,
615 1412 649 1475 et
682 1403 791 1476 exivit
825 1404 872 1475 de
905 1403 1063 1474 manibus
1097 1426 1229 1478 eorum.
1290 1395 1371 1474 ⁴⁰Et
1405 1404 1487 1476 abiit
1517 1405 1640 1476 iterum
1672 1414 1768 1476 trans

271 1525 443 1598 Iordanen
469 1525 504 1594 in
531 1545 610 1594 eum
637 1523 752 1594 locum
779 1523 836 1593 ubi
871 1531 946 1594 erat
977 1517 1147 1596 lohannes
1180 1524 1362 1617 baptizans
1388 1524 1554 1616 primum,
1581 1534 1617 1594 et
1643 1523 1768 1596 mansit
1894 1559 1896 1568 ·

271 1645 345 1716 illio.
398 1635 420 1680 *¹
437 1631 525 1690 lm)
543 1643 587 1712 llt
613 1641 708 1712 multi
735 1643 921 1714 veniebant
948 1641 994 1712 ad
1022 1664 1101 1714 eum
1129 1654 1164 1716 et
1191 1644 1354 1716 dicebant
1385 1643 1465 1736 quia
1491 1645 1661 1716 lohannes
1688 1643 1766 1736 φύ-
1858 1709 1860 1714 .

272 1764 354 1836 dem
392 1763 528 1855 signum
560 1762 639 1832 lecit
672 1762 820 1847 nullum,
865 1750 892 1798 ⁴²
905 1761 1021 1832 omnia
1054 1773 1169 1834 autem
1205 1783 1447 1856 quaecumque
1482 1762 1569 1834 dixit
1595 1762 1766 1836 lohannes

272 1882 318 1953 de
344 1882 412 1954 hoc
438 1902 521 1952 vera
548 1887 655 1951 erant.
709 1880 751 1951 Et
778 1879 872 1950 mtdti
900 1879 1123 1954 crediderunt
1148 1883 1183 1953 in
1210 1903 1300 1954 eum.

994 2155 1048 2226 XI.

348 2352 455 2432 'Erat
481 2368 597 2430 autem
633 2357 773 2450 quidam
808 2359 976 2450 languens
1002 2361 1154 2434 Lazarus
1181 2385 1202 2434 a
1228 2359 1409 2446 Bethania,
1444 2361 1491 2432 de
1518 2360 1660 2432 castello
1686 2361 1761 2432 Ma-

271 2482 342 2551 riae
369 2488 404 2551 et
428 2479 585 2552 Marthae
612 2477 750 2549 ,sororis
784 2477 867 2549 eius.
919 2471 1057 2553 'Maria
1084 2489 1199 2553 autem
1233 2491 1310 2554 erat
1335 2501 1428 2574 quae
1461 2479 1558 2552 unxit
1585 2479 1761 2552 dominum
1792 2486 1796 2492 '

270 2611 422 2693 ungento
449 2606 485 2669 et
510 2596 655 2669 extersit
679 2595 791 2689 pedes
818 2597 892 2669 eius
919 2601 1049 2694 capillis
1076 2601 1155 2686 suis,
1184 2600 1280 2671 cuius
1306 2602 1411 2672 trater
1428 2600 1580 2674 Lazarus
1607 2599 1760 2670 infirma-

269 2720 380 2790 batur.
431 2709 625 2790 3Ιιύεειιιιιι
657 2736 744 2808 ergo
779 2738 922 2790 sorores
955 2720 1002 2791 ad
1036 2741 1116 2791 eum
1152 2719 1317 2794 dicentes*
1341 2720 1506 2804 Domine,
1543 2740 1629 2792 ecce
1655 2739 1759 2812 quem

270 2859 368 2910 amas
393 2835 590 2908 hrfirmatur.
641 2829 827 2906 *sudeus
841 2849 969 2908 autem
996 2839 1092 2910 lesus
1119 2839 1206 2911 dixit
1232 2840 1282 2911 eis
1308 2838 1489 2911 infirmitas
1506 2839 1596 2910 haec
1614 2860 1683 2910 non
1707 2847 1762 2908 est

269 2957 316 3030 ad
341 2966 490 3028 mortem
517 2953 582 3026 sed
608 2975 673 3048 pro
700 2955 810 3046 gloria
838 2955 904 3042 dei,
933 2966 971 3029 ut
996 2958 1207 3050 glorificetur
1232 2958 1320 3031 lilius
1347 2959 1404 3031 dei
1429 2979 1495 3052 per
1522 2952 1633 3032 'eam
1672 2949 1760 3028 ι’Βι-

268 3077 398 3168 ligebat
422 3084 538 3146 autem
564 3075 659 3146 lesus
685 3074 854 3148 Martham
882 3085 917 3146 ει
945 3075 1104 3149 soroiem
1132 3079 1207 3149 eius
1233 3077 1377 3150 Mariam
1404 3087 1440 3148 et
1464 3079 1642 3150 Lazarum.
1686 3069 1760 3147 “Ut

222 3213 224 3216 ·
269 3217 355 3288 ergo
382 3194 511 3266 audivit
537 3194 618 3287 quia
643 3193 889 3280 infirmabatur,
917 3204 996 3268 tunc
1024 3197 1164 3289 quidem
1192 3195 1319 3270 mansit
1344 3199 1379 3270 in
1406 3196 1534 3270 eodem
1561 3198 1640 3268 loco
1668 3195 1758 3266 duo-

267 3317 335 3386 bus
361 3315 502 3386 diebus:
544 3306 558 3349 7
595 3313 829 3408 deindepost
854 3315 943 3385 haec
970 3313 1051 3386 dicit
1078 3315 1254 3410 disciprdis
1280 3317 1351 3388 suis
1377 3315 1507 3386 Eamus
1533 3315 1568 3386 in
1593 3313 1757 3386 Iudaeam

268 3436 400 3505 iterum.
452 3424 602 3504 8Ιιίοιιιιι
627 3433 659 3503 ei
686 3432 843 3525 discipuli
867 3433 988 3520 llabbi,
1016 3457 1106 3506 nunc
1131 3435 1347 3527 quaerebant
1379 3444 1413 3504 te
1446 3434 1602 3528 lapidare
1629 3433 1756 3517 ludaei,

269 3564 304 3625 et
336 3554 458 3625 iterum
494 3552 595 3624 vadis
627 3552 726 3623 illuc?
776 3542 998 3646 ⁹llespondit
1031 3553 1127 3625 lesus
1160 3554 1283 3626 Nonne
1318 3552 1506 3627 duodecim
1538 3553 1647 3624 horae
1680 3561 1758 3624 sunt

269 3674 364 3774 diei?
390 3673 425 3745 Si
452 3672 528 3766 φύε
555 3669 784 3743 ambulaverit
817 3670 852 3741 in
878 3671 953 3757 die,
989 3693 1060 3744 non
1086 3673 1237 3758 offendit,
1266 3673 1346 3766 quia
1372 3673 1486 3744 lucem
1506 3669 1613 3744 'huius
1639 3671 1757 3742 mundi

267 3795 375 3866 videt:
420 3785 447 3830 ⁴⁰
464 3792 493 3864 si
520 3801 636 3862 autem
663 3789 891 3862 ambulaverit
915 3803 1029 3878 nocte,
1057 3793 1228 3876 offendet,
1261 3793 1343 3884 quia
1373 3792 1433 3862 lux
1459 3813 1530 3863 non
1557 3801 1611 3863 est
1641 3791 1675 3862 in
1701 3811 1756 3862 εο.

269 3905 289 3949 ¹¹
305 3915 401 3986 llaec
427 3912 483 3996 ait,
511 3921 547 3981 et
571 3919 653 4003 post
678 3909 747 3980 hoc
770 3908 853 3980 dicit
878 3911 929 3982 eis
955 3913 1106 3983 Lemma
1123 3912 1253 3984 amictu
1270 3920 1391 3984 noster
1408 3909 1550 3982 dormit:
1578 3911 1644 3983 sed
1661 3909 1755 3982 vado

268 4043 304 4102 ιιι
330 4053 351 4103 a
377 4052 503 4102 somno
544 4029 755 4101 exsuscitem
788 4051 878 4100 eum.
932 4023 958 4068 ¹²
971 4031 1138 4102 Dixerunt
1171 4052 1258 4125 ergo
1294 4028 1451 4123 discipuli
1484 4029 1561 4100 eius
1595 4029 1753 4110 Domine,

268 4151 297 4220 si
324 4149 460 4234 dormit,
487 4150 603 4221 salvus
631 4149 704 4220 erit
758 4137 784 4184 ⁴³
800 4148 944 4220 Dixerat
971 4159 1086 4221 antem
1113 4151 1208 4223 lesus
1234 4150 1280 4223 de
1306 4157 1420 4220 morte
1446 4148 1538 4232 ciue,
1566 4147 1611 4218 illi
1638 4157 1754 4220 autmn

266 4277 473 4359 putaverunt
506 4267 587 4360 quia
621 4266 668 4338 de
703 4267 910 4340 dormitione
942 4271 1066 4340 somnii
1099 4269 1240 4340 diceret.
1293 4258 1318 4306 ¹⁴
1336 4269 1431 4339 Tunc
1463 4288 1549 4359 ergo
1584 4266 1672 4338 dixit
1705 4264 1755 4336 eis

265 4387 361 4457 lesus
387 4387 567 4458 manifeste
593 4386 743 4458 Lazarus
759 4396 926 4458 mortuus
953 4395 1022 4457 est:
1067 4379 1093 4424 ⁴⁵
1106 4397 1142 4459 ει
1168 4387 1307 4481 gaudeo
1334 4396 1479 4481 propter
1507 4407 1585 4470 vos,
1613 4393 1650 4456 ut
1676 4405 1755 4455 cre-

266 4503 364 4588 datis,
391 4504 555 4596 quoniam
582 4525 653 4576 non
679 4527 777 4577 eram
802 4505 866 4576 ihi:
894 4505 960 4577 sed
987 4525 1107 4577 eamus
1134 4507 1180 4580 ad
1208 4528 1297 4578 eum.
1340 4499 1368 4544 ⁴⁶
1379 4507 1472 4577 Dixit
1497 4526 1583 4598 ergo
1602 4505 1755 4576 Thomas

264 4623 472 4714 quidioitur
495 4623 665 4717 Didymus
699 4623 745 4696 ad
784 4623 1038 4722 condiscipulos
1070 4625 1200 4704 Eamus
1234 4635 1270 4697 ει
1295 4645 1370 4710 noe,
1398 4635 1435 4696 ιιι
1461 4625 1650 4696 moriamur
1676 4643 1753 4692 oum

264 4761 318 4812 eo.
363 4735 389 4778 ¹⁷
402 4741 502 4812 Venit
535 4743 652 4835 itaque
685 4745 782 4816 lesus
815 4755 851 4816 et
881 4743 1010 4816 invenit
1043 4765 1124 4816 eum
1158 4753 1319 4836 quattuor
1353 4743 1429 4815 dies
1462 4744 1532 4815 iam
1568 4743 1603 4814 in
1628 4763 1754 4816 monu-

262 4866 380 4929 mento
407 4859 604 4932 habentem.
658 4855 684 4901 ¹⁸
699 4863 782 4934 Erat
807 4871 923 4934 autem
954 4861 1121 4934 Bethania
1154 4862 1250 4933 iuxta
1277 4862 1518 4956 Hierosolyma
1554 4861 1653 4954 quasi
1680 4868 1753 4932 sta-

262 4975 328 5047 diis
354 4977 560 5070 qrriudecim
614 4973 745 5054 19Μιύιὶ
771 4989 886 5052 eutem
913 5002 960 5052 ex
986 4979 1123 5053 ludaeis
1147 4989 1318 5052 venerant
1343 4981 1389 5053 ad
1414 4981 1585 5054 lllartham
1618 4991 1653 5052 et
1677 4980 1753 5052 Ma-

259 5093 356 5179 riam,
384 5108 421 5168 ιιι
447 5101 709 5172 consolarentur
737 5121 798 5172 eas
824 5097 870 5169 de
896 5101 1001 5172 tratre
1028 5120 1103 5170 suo.
1147 5089 1319 5172 ”Martha
1345 5121 1432 5192 ergo
1458 5111 1495 5174 ut
1522 5100 1651 5173 audivit
1675 5098 1755 5191 φύε

827 5217 866 5300 Χ,
895 5217 941 5288 3t
975 5257 1018 5269 -
1048 5219 1102 5302 xt,
1131 5221 1190 5291 20.
