4220 6124
612 473 617 483 .
732 425 912 488 EPISTULA
937 424 990 486 Ab
1016 425 1241 500 CORINTHIOS
1267 426 1297 488 11.
1678 421 1751 492 289
1790 458 1796 470 ·

277 597 458 728 tamquam⁸
488 631 569 703 nihil
601 631 771 703 habentes
804 640 840 702 et
866 619 992 704 omnia
1007 629 1238 726 possidentes.
1289 621 1312 665 ⁴¹
1333 618 1382 676 (¹⁸³
1401 630 1448 700 Os
1475 639 1630 701 nostrum
1655 638 1751 723 patet
1857 658 1861 664 ·

278 755 323 827 ad
350 776 424 839 vos,
452 775 474 824 0
502 751 681 837 Corinthii,
715 773 776 822 cor
802 761 957 823 nostrum
991 752 1166 823 dilatatum
1192 764 1254 822 est.
1307 743 1333 786 ¹²
1349 749 1425 821 Non
1452 750 1690 844 angustiamini
1716 751 1750 820 in

276 877 388 961 nohis,
416 873 655 966 angustiamini
681 881 795 944 autem
821 873 855 942 in
879 873 1069 946 visceribus
1088 872 1227 974 vestris.
1270 863 1296 908 ⁴³
1311 871 1466 944 Eandem
1485 881 1600 944 autem
1617 871 1750 944 haben-

277 1006 338 1066 tes¹
357 994 685 1078 remunerationem,
720 1003 896 1087 tamquam
929 993 1004 1064 liliis
1038 993 1134 1079 dico,
1168 985 1377 1064 'dilatamini
1410 1002 1444 1064 et
1470 1013 1546 1062 vos.
1598 983 1750 1064 “Nolite

277 1117 394 1209 iugum
422 1115 550 1187 ducere
583 1135 660 1185 cum
686 1112 898 1186 infidelibus:
934 1135 1024 1207 quae
1052 1115 1143 1184 enim
1169 1112 1383 1206 participatio
1409 1111 1554 1184 iustitiae
1579 1134 1659 1204 pum
1685 1115 1755 1184 ini-v

277 1237 432 1330 quitate‘l
468 1244 526 1308 aut
558 1255 647 1328 quae
679 1234 828 1306 societas
861 1235 928 1306 luci
962 1211 1018 1305 ad
1033 1234 1220 1305 tenebras?
1263 1223 1290 1268 ⁴⁵
1307 1255 1398 1326 quae
1425 1241 1540 1304 autem
1567 1235 1749 1305 conventio

278 1357 398 1430 Christi
425 1355 470 1428 ad
494 1355 626 1427 Belial‘l
654 1363 712 1426 aut
737 1375 826 1448 quae
852 1376 935 1449 pars
961 1353 1055 1425 fideli
1081 1375 1157 1424 cum
1184 1346 1367 1424 ‘infidele‘l
1411 1345 1507 1447 ⁴⁶qui
1531 1361 1645 1425 autem
1664 1375 1748 1426 con-

278 1499 403 1549 sensus
435 1477 563 1572 templo
599 1475 654 1548 dei
683 1496 760 1545 cum
787 1473 914 1546 idolis?
946 1475 1018 1545 Vos
1052 1474 1141 1544 enim
1168 1474 1251 1546 estis
1278 1475 1441 1567 templum
1469 1474 1526 1546 dei
1551 1473 1644 1559 vivi,.
1664 1475 1749 1546 sieut

276 1598 359 1670 dicit
384 1596 472 1668 deus
499 1597 661 1688 quoniam
678 1595 877 1666 inhabitabo
903 1595 937 1666 in
963 1594 1026 1664 illis
1052 1603 1087 1665 et
1112 1595 1343 1680 inambulabo,
1371 1605 1406 1666 et
1430 1617 1491 1666 ero
1510 1595 1643 1666 illomm
1662 1594 1749 1666 deus

277 1728 313 1790 et
345 1717 411 1812 ipsi
443 1709 542 1787 erunt
573 1715 654 1786 mibi
690 1717 847 1808 populus.
898 1706 923 1750 ⁴⁷
941 1715 1086 1807 Propter
1112 1713 1207 1808 quod
1233 1716 1326 1786 exite
1353 1714 1541 1788 demedio
1568 1736 1693 1787 eorum·
1715 1726 1750 1787 et

277 1837 499 1932 separamini,
535 1835 616 1906 dicit
649 1835 824 1922 dominus,
861 1844 895 1905 et
926 1835 1125 1906 inmundum
1151 1856 1196 1906 ne
1222 1835 1415 1928 tetigeritis:
1459 1827 1486 1872 ⁴⁸
1504 1845 1539 1907 et
1564 1857 1630 1929 ego
1657 1838 1747 1908 reci-

276 1959 370 2052 piam
397 1978 477 2042 vos,
514 1965 549 2026 et
575 1977 636 2027 ero
669 1955 770 2028 vobis
796 1956 830 2025 in
856 1965 1006 2048 patrem,
1041 1965 1075 2024 et
1099 1977 1164 2025 vos
1191 1955 1284 2026 eritis
1310 1955 1390 2026 mihi
1417 1956 1451 2026 in
1478 1955 1565 2028 filios
1591 1969 1627 2028 et
1652 1957 1746 2044 filias,

276 2079 357 2150 dicit
383 2076 542 2148 dominus
569 2077 795 2169 omnipotens.

981 2352 1044 2420 Vll.

351 2550 426 2606 ⁴⁰⁹)
445 2557 515 2630 llas
548 2559 649 2651 igitur
683 2557 851 2629 habentes
884 2559 1148 2651 promissiones,
1176 2557 1350 2643 carissimi,
1378 2558 1584 2632 mundemus
1609 2580 1674 2630 nos
1701 2559 1745 2630 ab

276 2682 368 2754 omni
395 2681 649 2774 inquinamento
677 2679 788 2750 carnis
815 2687 850 2749 et
877 2679 1030 2771 spiritus,
1064 2676 1282 2771 perficientes
1316 2679 1616 2751 sanctificationem
1641 2679 1675 2748 iu
1701 2679 1745 2749 ti-

274 2824 372 2874 more
399 2801 464 2873 dei.
516 2793 665 2894 'Capite
691 2821 770 2871 nos:
798 2798 971 2870 neminem
996 2798 1144 2883 lesimns,
1171 2799 1343 2871 neminem
1370 2784 1655 2894 'corrumpimus
1682 2821 1746 2870 ne-

273 2925 402 2995 minem
433 2921 727 2992 circumvenimus.
778 2912 886 2990 ³Non
919 2917 965 2990 ad
998 2919 1319 2991 condemnationem
1346 2921 1441 2992 dieo:
1474 2919 1631 3014 praedixi
1657 2919 1746 2990 enim

276 3041 371 3134 quod
406 3043 440 3111 in
475 3042 637 3114 cordibus
669 3041 794 3111 nostris
827 3038 911 3108 estis
942 3039 988 3110 ad
1021 3038 1314 3114 commoriendum
1349 3051 1385 3112 et
1411 3041 1459 3112 ad
1484 3040 1745 3112 convivendum.

273 3150 353 3206 “wi
371 3159 475 3231 Multa
507 3161 589 3230 mihi
622 3159 748 3231 fiducia
781 3167 834 3230 est
866 3158 959 3249 apud
992 3173 1074 3242 vos,
1110 3160 1215 3229 multa
1246 3158 1326 3228 mihi
1353 3159 1511 3250 gloriatio
1538 3159 1744 3252 provehis:

274 3280 427 3372 repletus
445 3300 521 3348 sum
539 3279 785 3363 consolatione,
813 3277 1058 3370 superabundo
1076 3278 1203 3371 gaudio
1222 3279 1256 3348 in
1275 3279 1367 3348 omni
1385 3278 1599 3350 tribulatione
1616 3287 1743 3349 nostra.

273 3392 387 3471 ⁶Nam
421 3408 456 3468 et
495 3419 571 3478 cum
605 3399 820 3470 venissemus
851 3397 1128 3482 Machedoniam,
1163 3397 1288 3470 nullam
1325 3399 1479 3491 requiem
1514 3397 1631 3468 habuit
1663 3419 1744 3468 caro

272 3529 401 3604 nostra,
429 3517 493 3588 sed
519 3538 658 3591 omnem
682 3517 934 3590 tribulationem
951 3519 1061 3610 passi:
1088 3518 1170 3589 loris
1187 3539 1333 3610 pugnae,
1360 3519 1449 3588 intus
1466 3517 1616 3589 timores.
1641 3509 1744 3590 “Sed

274 3641 332 3734 qui
358 3639 557 3711 consolatur
582 3637 745 3723 humiles,
774 3639 972 3738 consolatus
999 3647 1052 3709 est
1078 3637 1165 3710 deus
1191 3658 1256 3708 nos
1281 3637 1315 3706 in
1342 3636 1493 3709 adventu
1519 3637 1600 3723 Titi;
1649 3628 1744 3709 qnon

272 3761 383 3832 solum
411 3769 524 3831 autem
557 3758 591 3827 in
626 3757 779 3830 adventu
805 3758 894 3843 eius,
928 3758 1121 3830 sedetiam
1149 3759 1183 3828 in
1210 3757 1339 3829 solacio
1374 3779 1444 3850 quo
1471 3757 1665 3830 consolatus
1692 3769 1745 3828 est
1798 3830 1803 3848 ,

271 3882 306 3950 in
338 3880 455 3964 vobis,
488 3881 641 3950 reterens
673 3879 775 3950 nobis
806 3887 960 3949 vestrum
992 3876 1219 3962 desiderium,
1252 3886 1405 3948 vestrum
1432 3878 1564 3963 lletum,
1590 3885 1742 3950 vestram

271 4002 536 4074 aemulationem
568 4021 633 4093 pro
660 4021 734 4084 me,
767 3999 814 4069 ita
848 4008 883 4069 ut
912 3999 1023 4091 magis
1050 3998 1248 4090 gauderem.
1299 3993 1499 4082 8Quoniam
1527 3999 1590 4070 etsi
1617 3999 1742 4070 contri-

270 4123 358 4194 slavi
382 4142 449 4194 vos
475 4122 509 4191 in
536 4120 690 4214 epistula,
718 4141 789 4192 non
815 4141 872 4190 me
897 4119 1064 4212 paenitet:
1093 4119 1157 4189 etsi
1182 4119 1380 4212 paeniteret,
1406 4118 1528 4190 videus
1555 4117 1650 4212 quod
1668 4119 1742 4212 epi-

270 4243 356 4311 stula
381 4242 436 4312 illa
463 4241 526 4312 etsi
552 4239 597 4312 ad
623 4240 745 4312 horam
771 4261 836 4312 vos
862 4239 1086 4324 contristavit,
1129 4231 1249 4308 ⁹nuuc
1275 4239 1428 4330 gaudeo,
1455 4260 1525 4310 non
1551 4239 1631 4331 quia
1657 4258 1741 4309 con-

268 4361 389 4430 tristati
414 4361 505 4446 estis,
533 4360 597 4432 sed
624 4360 704 4452 quia
730 4361 917 4431 contristati
952 4361 1036 4432 estis
1070 4361 1116 4431 ad
1145 4359 1403 4454 paenitentiam:
1440 4358 1626 4430 contristati
1652 4359 1741 4428 enim
1813 4426 1816 4434 .

269 4480 354 4550 estis
380 4480 571 4551 secundum
590 4479 703 4564 deum,
730 4490 767 4550 ut
791 4480 825 4550 in
850 4481 941 4552 nullo
960 4480 1198 4552 detrimentum
1218 4479 1387 4574 patiamini
1405 4499 1451 4550 ex
1468 4477 1578 4550 nobis.
1604 4470 1631 4515 ¹⁰
1643 4479 1741 4564 Quae

270 4599 360 4670 enim
388 4599 575 4671 secundum
603 4599 706 4671 deum
733 4599 865 4671 tristitia
891 4610 951 4686 est,
979 4601 1221 4694 paenitentiam
1246 4601 1280 4670 in
1307 4601 1450 4672 salutem
1468 4599 1628 4670 stabilem·
1652 4619 1739 4693 ope-

268 4729 377 4804 ratur3
405 4719 532 4790 saeculi
559 4729 672 4791 autem
698 4719 830 4790 tristitia
855 4729 1002 4792 mortem
1029 4729 1199 4812 operatur.
1250 4713 1273 4758 ⁴⁴
1292 4721 1382 4792 Ecce
1408 4721 1499 4791 enim
1525 4719 1593 4790 hoc
1617 4719 1738 4813 ipsum,

269 4841 459 4912 secundum
478 4839 581 4911 deum
606 4840 798 4912 contristari
823 4859 897 4925 vos,
925 4848 1088 4933 quantam
1114 4840 1147 4908 in
1165 4839 1265 4910 vobis
1283 4847 1444 4934 operatur
1461 4837 1738 4924 solbeitudinem3

268 4960 334 5032 sed
361 4960 614 5044 defensionem,
641 4958 706 5030 sed
731 4959 1009 5052 indignationem,
1037 4956 1102 5029 sed
1128 4959 1295 5044 timorem,
1323 4959 1387 5031 sed
1421 4947 1644 5044 desiderium,
1672 4957 1739 5030 sed

268 5079 541 5164 aemulationem,
569 5079 633 5152 sed
658 5079 852 5152 vindictam.
905 5079 942 5149 ln
968 5077 1127 5150 omnibus
1145 5079 1348 5152 exhibuistis
1370 5101 1435 5153 vos
1452 5080 1738 5152 incontaminatos

268 5221 347 5272 esse
380 5199 530 5292 negotio.
584 5193 610 5240 ⁴¹
627 5201 730 5293 lgitur
760 5199 824 5271 etsi
857 5199 978 5270 scribsi
1011 5200 1128 5285 vobis,
1160 5221 1230 5272 non
1263 5209 1405 5294 propter
1458 5223 1536 5273 eum
1570 5202 1628 5296 qui
1657 5201 1738 5272 lecit

814 5319 865 5405 vt,
896 5321 935 5390 tt
969 5359 1020 5374 -
1045 5321 1109 5406 vu,
1139 5323 1196 5394 ra.
1800 5301 1803 5309 ’

1385 5441 1431 5508 37
