4254 6130
705 365 943 431 EVANGELlUll
970 366 1172 430 SECUNDUM
1199 367 1325 430 Lucan
1682 367 1752 440 ld3

274 583 328 644 est
354 571 437 643 dum
465 573 686 644 recumberet
713 595 791 644 cum
819 573 898 655 illis,
927 571 1062 664 accepit
1088 593 1215 663 panem
1243 573 1278 642 et
1304 571 1483 642 benedixit
1509 595 1551 644 ac
1577 575 1691 666 fregit,
1720 587 1754 644 et

274 693 474 786 porrigebat
499 692 578 764 illis:
623 685 645 730 ³¹
663 702 697 762 et
724 694 832 786 aperti
860 691 1058 764 suntoculi
1093 712 1232 776 eorum,
1265 701 1300 762 et
1333 705 1570 784 cognorerunt
1597 717 1692 767 eum:
1720 705 1754 766 et

273 815 347 906 ipse
381 812 520 884 evanuit
554 835 602 882 ex
635 813 742 884 oculis
775 833 906 884 eorum.
963 803 990 847 ³²
1007 811 1050 880 Et
1083 809 1245 884 dixerunt
1277 813 1322 884 ad
1358 812 1503 885 invicem
1538 815 1658 886 Nonne
1692 837 1753 884 cor

272 943 426 1004 nostrum
454 933 583 1004 ardens
610 943 685 1004 erat
716 933 749 1003 in
775 933 891 1016 nobis,
925 931 1010 1003 dum
1038 929 1237 1022 loqueretur
1268 933 1301 1002 in
1326 934 1383 1004 via
1415 943 1450 1004 ct
1476 935 1626 1027 aperiret
1652 936 1752 1007 nobis

249 1053 485 1146 scripturas?
528 1044 555 1088 ³³
571 1053 614 1122 Et
640 1063 824 1145 surgentes
851 1050 974 1122 eadem
1003 1050 1090 1120 hora
1117 1052 1267 1143 regressi
1296 1055 1433 1124 suntin
1459 1053 1689 1140 Hierusalem,
1718 1065 1752 1126 el

272 1159 473 1244 invenemnt
498 1182 732 1265 congregatos
760 1172 919 1244 undecim
947 1180 982 1240 et
1008 1191 1073 1240 eos
1099 1171 1156 1262 qui
1184 1192 1261 1241 cum
1288 1173 1371 1265 ipsis
1398 1183 1509 1258 erant,
1553 1165 1579 1211 ³⁵
1596 1174 1751 1246 dicentes

272 1293 366 1385 quod
403 1293 552 1364 surrexit
592 1291 753 1366 dominus
787 1313 871 1363 vere
903 1301 937 1361 et
978 1290 1138 1384 apparuit
1172 1292 1315 1362 Simoni:
1366 1286 1393 1330 ³⁵
1409 1303 1445 1362 et
1476 1293 1541 1385 ipsi
1568 1293 1751 1366 narrabant

272 1435 360 1505 quae
388 1423 488 1506 gesta
515 1423 616 1484 erant
642 1413 676 1482 in
702 1412 768 1497 via,
797 1423 831 1483 et
858 1410 1036 1504 quomodo
1064 1421 1301 1502 cognorerunt
1327 1433 1407 1482 eum
1434 1413 1659 1486 infractione
1685 1435 1750 1507 pa-

271 1533 333 1604 nis.
385 1521 516 1580 mim)
533 1534 624 1604 Dum
653 1533 740 1602 haee
766 1542 881 1604 autem
908 1533 1081 1615 locuntur,
1109 1531 1205 1602 lesus
1239 1533 1332 1604 stetit
1365 1533 1398 1602 ln
1425 1532 1541 1604 medio
1568 1556 1689 1606 eorum
1717 1545 1753 1604 ct

271 1651 352 1723 dicit
378 1652 428 1722 eis
456 1651 530 1722 Pax
556 1652 676 1724 robis:
705 1673 774 1745 ego
801 1674 887 1736 sum,
914 1652 1019 1723 nolite
1045 1650 1174 1722 timere.
1222 1642 1249 1686 ³⁷
1266 1652 1464 1724 Conturbati
1490 1673 1575 1725 vero
1603 1665 1638 1725 et
1665 1677 1745 1725 con-

272 1771 375 1842 territi
402 1772 650 1843 existimabunt
676 1793 716 1844 se
743 1772 897 1865 spiritum
924 1771 1055 1844 videre.
1099 1763 1178 1842 38Ει
1204 1771 1291 1844 dixit
1316 1773 1367 1844 cis
1396 1772 1487 1858 Quid
1514 1773 1638 1844 turbati
1666 1775 1751 1846 estis

271 1904 306 1963 et
338 1892 565 1986 cogitationes
604 1891 797 1964 ascendunt
828 1892 861 1962 in
896 1891 1004 1964 corda
1039 1895 1180 1962 vestra‘l
1231 1885 1258 1928 ³⁹
1274 1893 1396 1965 Videte
1427 1914 1549 1964 manus
1582 1914 1680 1964 meas
1716 1904 1751 1964 et

271 2012 390 2106 pedes,
419 2013 498 2106 quia
524 2015 603 2108 ipse
631 2033 700 2105 ego
728 2033 820 2082 sum:
854 2012 994 2104 palpate
1027 2021 1062 2082 et
1093 2011 1228 2097 videte,
1262 2013 1342 2108 quia
1375 2012 1514 2106 spiritus
1549 2034 1687 2084 caruem
1715 2023 1751 2082 et

271 2153 353 2204 ossa
378 2155 447 2204 non
473 2133 581 2204 habet
608 2133 697 2204 sicut
725 2152 780 2202 mc
806 2130 930 2202 videtis
957 2131 1097 2202 babere.
1148 2121 1229 2202 ⁴⁰Et
1255 2153 1331 2204 cum
1360 2131 1428 2204 hoc
1445 2132 1600 2216 dixisset,
1628 2143 1750 2204 osten-

271 2253 319 2324 dit
345 2253 394 2324 eis
420 2275 543 2326 manus
582 2263 618 2324 et
650 2251 774 2346 pedes.
826 2239 849 2287 ‘¹
866 2242 955 2297 (ml
974 2249 1097 2322 Adhuc
1132 2261 1246 2323 autem
1278 2251 1342 2323 illis
1369 2274 1439 2324 non
1465 2252 1686 2324 credentibus
1714 2261 1751 2324 et
1800 2331 1808 2346 ,

271 2373 469 2446 mirantibus
496 2395 582 2468 prae
610 2370 750 2466 gaudio,
777 2370 864 2444 dixit
890 2369 1030 2442 Habetis
1048 2371 1104 2442 hic
1122 2372 1248 2465 aliquid
1273 2371 1369 2466 quod
1386 2373 1632 2446 manducetur?
1666 2362 1751 2444 *litt

271 2490 312 2564 illi
340 2495 534 2588 optulerunt
561 2494 594 2566 ei
621 2501 757 2586 partem
784 2490 890 2584 piscis
918 2491 989 2562 assi
1017 2501 1052 2562 et
1076 2493 1192 2564 larum
1218 2491 1346 2562 mellis:
1389 2483 1416 2530 *³
1433 2501 1469 2564 et
1495 2514 1572 2564 cum
1599 2493 1748 2564 mandu-

271 2625 385 2688 casset
411 2636 528 2686 coram
557 2615 629 2698 eis,
664 2631 806 2684 sumens
833 2611 994 2704 reliquias
1022 2613 1118 2686 dedit
1151 2611 1212 2684 eis.
1264 2600 1290 2649 ‘⁴
1303 2603 1404 2660 (Μ’)
1417 2613 1459 2684 Et
1492 2613 1578 2686 dixit
1611 2614 1656 2686 ad
1683 2634 1748 2684 eos

271 2735 364 2806 Haec
390 2745 468 2806 sunt
493 2735 604 2806 verba
631 2753 721 2825 quae
748 2733 883 2804 locutus
911 2754 988 2803 sum
1020 2753 1098 2804 cum
1132 2731 1246 2804 adbuc
1277 2753 1393 2815 essem
1425 2733 1621 2818 vobiscum,
1658 2755 1748 2826 quo-

270 2855 360 2926 niam
386 2876 535 2928 necesse
563 2864 619 2925 est
645 2853 778 2947 impleri
804 2852 919 2925 omnia
946 2873 1036 2944 quae
1063 2853 1191 2947 scripta
1217 2862 1297 2924 sunt
1322 2853 1356 2924 in
1381 2854 1460 2948 lege
1486 2854 1574 2928 lllosi
1601 2864 1636 2924 et
1661 2875 1747 2948 pro-⁴

270 2974 381 3068 phalis
409 2985 444 3046 et
469 2974 613 3070 psalmis
641 2972 687 3044 de
720 2995 787 3044 me.
840 2961 867 3010 ‘⁵
884 2973 978 3044 Tunc
1010 2974 1143 3068 aperuit
1172 2973 1236 3044 illis
1269 2994 1411 3046 sensum
1444 2985 1480 3048 ut
1512 2975 1749 3068 intellegerent

271 3097 473 3189 scripturas,
517 3083 545 3132 *ὅ
561 3105 597 3165 et
629 3092 716 3165 dixit
750 3093 802 3164 cis
835 3093 997 3186 quoniam
1032 3095 1082 3166 sic
1115 3094 1280 3187 scriptum
1314 3103 1382 3178 est,
1417 3107 1453 3168 et
1486 3096 1537 3168 sic
1564 3096 1748 3190 oportebat

270 3216 438 3288 Cluistum
464 3218 535 3311 pati
562 3225 597 3286 ct
622 3233 808 3305 resurgere
835 3233 855 3282 a
881 3214 1025 3286 mortuis
1052 3215 1110 3288 die
1136 3214 1253 3298 tertio,
1296 3203 1323 3250 ‘⁷
1336 3223 1371 3284 et
1396 3216 1590 3310 praedicari
1621 3218 1656 3288 in
1681 3239 1745 3288 no-

270 3336 360 3408 minc
387 3337 461 3408 eius
489 3332 731 3430 paenitentiam
758 3343 793 3404 et
818 3333 1059 3406 remissionem
1085 3343 1308 3428 pcccatorum
1334 3335 1369 3406 in
1392 3357 1515 3408 omnes
1533 3347 1665 3429 gentes,
1693 3334 1747 3408 in-'

270 3455 472 3550 cipientibus
499 3457 544 3530 ab
571 3451 820 3546 Hierosolyma.
872 3438 899 3487 ‘⁸
915 3454 985 3526 Vos
1013 3465 1128 3527 autem
1155 3454 1238 3526 estis
1268 3464 1377 3526 testes
1404 3457 1536 3529 homm.
1580 3447 1661 3530 ”Et
1678 3479 1745 3552 ego

271 3576 366 3648 mitto
392 3577 604 3669 promissum
631 3572 735 3664 patris
763 3572 831 3642 mei
859 3573 893 3642 in
919 3565 1020 3646 'vosz
1047 3597 1111 3648 voa
1139 3583 1254 3648 autem
1282 3575 1405 3650 sedete
1429 3577 1627 3666 incivitate,
1655 3601 1744 3673 quo-

270 3697 315 3768 ad
342 3717 452 3789 usqne
478 3693 663 3768 induamini
688 3693 847 3764 virtutem
875 3714 921 3764 ex
948 3695 1026 3768 alto.
1070 3688 1097 3734 ⁵⁰
1113 3696 1241 3770 Eduxit
1266 3707 1381 3770 autem
1408 3721 1471 3772 eos
1496 3700 1590 3771 foras
1616 3701 1651 3770 in
1676 3701 1743 3772 Bn-

270 3815 439 3898 taeniam,
474 3825 508 3886 et
535 3813 677 3886 elevatis
711 3811 871 3884 manibus
898 3815 969 3887 suis
995 3817 1175 3890 benedixit
1200 3817 1261 3888 eis.
1312 3809 1335 3854 ⁵⁴
1355 3818 1398 3890 Et
1429 3821 1553 3890 lactum
1582 3831 1636 3894 est
1662 3821 1744 3914 dum

269 3935 492 4008 benediceret
524 3933 606 4019 illis,
648 3933 793 4006 recessit
827 3934 871 4006 ab
905 3935 974 4022 eis,
1016 3947 1052 4008 et
1083 3939 1257 4012 ferebatur
1291 3939 1325 4010 in
1363 3941 1505 4012 caelum.
1561 3934 1588 3978 ⁵²
1603 3943 1646 4014 Et
1678 3943 1744 4037 ipsi

269 4057 454 4128 adorantes
481 4055 633 4148 regressi
668 4063 746 4125 sunt
777 4053 810 4126 in
837 4056 1050 4128 Hierusalem
1084 4078 1162 4128 cum
1195 4059 1323 4152 gaudio
1355 4081 1497 4153 magno,
1547 4053 1574 4097 ⁵³
1587 4073 1621 4134 et
1647 4075 1744 4136 erant

270 4199 407 4271 semper
433 4177 467 4246 in
493 4175 621 4267 templo
648 4175 828 4248 laudantes
855 4187 890 4248 et
915 4174 1162 4250 benedicentes
1189 4177 1303 4252 deum.
1355 4179 1476 4252 Amen.

916 4345 1089 4408 EXPLlClT
