4254 6130
709 215 815 276 LIBER
842 211 994 292 ACTUUM
1021 207 1301 271 leosaououuu
1674 205 1747 276 223

261 425 431 517 quebatur
458 443 602 492 raecum.
656 411 682 456 ¹⁰
698 418 740 488 Et
767 415 838 486 dixi
867 415 957 500 Quid
984 416 1116 498 faciam,
1144 411 1312 484 domine?
1340 413 1508 484 Dominus
1526 423 1643 485 autem
1665 411 1753 482 dixit

262 545 307 616 ad
335 565 392 614 me
420 545 573 634 Surgens
601 539 691 611 vade
718 539 937 620 Damascum,
965 547 1000 606 et
1026 535 1073 604 ibi
1101 534 1160 604 tibi
1187 532 1320 604 dicetur
1348 533 1393 605 de
1421 536 1581 606 omnibus
1600 555 1690 626 quae
1718 543 1752 602 te

263 674 424 758 oporteat
450 665 575 734 lacere.
631 653 653 696 ¹¹
669 659 711 727 Et
738 679 815 728 oum
843 678 913 727 non
942 655 1096 728 viderem
1124 675 1209 748 prae
1237 654 1393 726 claritate
1420 655 1555 726 luminis
1581 655 1679 738 illius,
1708 653 1753 723 ad

263 807 399 856 manum
428 784 599 855 deductus
633 801 653 850 a
680 777 864 850 comitibus
896 776 975 847 veni
1002 777 1221 848 Damascum.
1275 765 1498 848 “annanias
1531 785 1646 848 autem
1675 775 1753 868 qui-

262 906 342 976 dam
370 905 423 974 vir
449 903 639 975 secundum
666 900 798 990 legem,
833 897 1065 969 testimonium
1093 894 1228 966 babens
1261 893 1307 964 ab
1337 897 1497 968 omnibus
1524 897 1755 968 habitantibus

263 1025 415 1108 ludaeis,
461 1015 486 1060 ¹³
503 1021 645 1093 veniens
681 1019 727 1090 ad
763 1041 819 1089 me
853 1029 889 1090 et
922 1017 1067 1090 adstans
1100 1014 1188 1086 dixit
1219 1014 1301 1084 mibi
1330 1019 1432 1088 Saule
1458 1018 1579 1101 frater,
1608 1017 1753 1110 respice.

264 1147 305 1216 Et
331 1167 399 1238 ego
427 1143 551 1216 eadem
580 1143 666 1212 hora
693 1139 833 1231 respexi
862 1139 897 1208 in
924 1159 1013 1208 eum.
1066 1125 1092 1171 ¹*
1109 1135 1154 1206 At
1187 1135 1242 1206 ille
1275 1135 1364 1207 dixit
1393 1139 1485 1208 Deus
1518 1147 1653 1230 patrum
1686 1157 1752 1207 no-

265 1277 414 1338 strorum
442 1260 702 1357 praeordinavit
736 1271 771 1330 te
798 1271 834 1332 ut
867 1277 1102 1351 cognosceres
1130 1256 1342 1328 voluntatem
1371 1257 1445 1328 eius
1472 1267 1508 1327 et
1534 1257 1673 1328 videres
1700 1257 1753 1327 iu-

266 1397 353 1457 stum
382 1395 417 1454 et
443 1383 582 1456 audires
608 1401 732 1451 vocem
765 1401 811 1450 ex
840 1401 902 1450 ore
930 1378 1022 1461 eius,
1066 1367 1093 1410 ⁴⁵
1110 1375 1189 1466 quia
1222 1377 1290 1448 eris
1318 1377 1415 1447 testis
1447 1378 1532 1449 illius
1558 1377 1603 1449 ad
1630 1399 1753 1449 omnes

267 1505 422 1576 homines
458 1525 579 1574 eorum
615 1521 706 1594 quae
738 1499 852 1571 odisti
888 1509 923 1570 et
959 1496 1093 1568 audisti.
1148 1487 1174 1532 ⁴⁶
1185 1497 1227 1568 Et
1252 1519 1343 1568 nunc
1370 1497 1452 1590 quid
1480 1500 1652 1570 moraris‘l
1679 1499 1752 1568 llx-

266 1647 370 1718 surge
397 1624 572 1716 baptizare
599 1632 634 1692 et
660 1621 762 1691 ablue
789 1629 933 1714 peccata
963 1631 1020 1688 tua
1047 1617 1209 1689 invocato
1236 1617 1375 1690 nomine
1404 1618 1519 1712 ipsius.
1574 1611 1599 1654 ’Ἰ
1611 1619 1751 1689 Factum

267 1756 320 1817 est
347 1755 461 1816 autem
491 1741 675 1813 revertenti
702 1742 783 1810 mihi
810 1742 842 1812 in
869 1737 1082 1812 Hierusalem
1111 1747 1145 1807 et
1172 1740 1280 1810 oranti
1308 1740 1341 1808 in
1368 1741 1507 1832 templo,
1535 1741 1607 1812 fleri
1637 1761 1693 1810 me
1720 1740 1752 1809 in

266 1875 408 1959 stupore
435 1861 558 1932 mentis
601 1850 631 1898 ⁴⁸
645 1869 679 1931 et
705 1861 826 1934 videre
854 1861 944 1930 illum
972 1855 1143 1928 dicentem
1172 1860 1252 1930 mibi
1279 1859 1414 1930 Festina
1441 1871 1476 1930 et
1503 1862 1560 1931 exi
1586 1861 1753 1931 velociter

264 2009 310 2058 ex
336 1984 566 2065 Hierusalem,
602 1982 764 2074 qnoniam
797 2003 867 2052 non
899 1977 1065 2070 recipient
1099 1969 1330 2050 testimonium
1358 1989 1451 2050 tuum
1479 1979 1525 2052 de
1553 2001 1620 2052 me.
1672 1971 1699 2016 ⁴⁹
1712 1980 1753 2052 Et
1854 1991 1856 1998 ’

265 2129 333 2199 ego
360 2104 432 2176 dixi
458 2102 621 2186 Domine,
656 2102 720 2194 ipsi
748 2103 858 2173 sciunt
884 2099 962 2192 quia
991 2119 1058 2190 ego
1092 2121 1186 2170 eram
1216 2100 1427 2172 concludens
1454 2101 1487 2172 in
1514 2121 1690 2174 carcerem
1718 2113 1754 2172 et

264 2225 417 2298 caedens
444 2245 507 2317 per
532 2243 733 2316 synagogas
769 2243 834 2294 eos
868 2219 926 2312 qui
961 2219 1152 2292 credebaut
1184 2220 1217 2291 in
1252 2232 1302 2304 te;
1347 2209 1421 2291 ²⁰et
1448 2243 1524 2293 cum
1553 2221 1752 2294 moderetur

265 2346 405 2439 sanguis
432 2343 596 2437 Stephani
634 2341 730 2412 testis
764 2342 820 2425 tui,
849 2361 916 2432 ego
944 2337 1126 2411 adstabam
1154 2351 1190 2411 et
1225 2341 1486 2412 consentiebam
1514 2352 1548 2411 et
1575 2342 1752 2413 custodie-

265 2469 345 2539 bam
375 2465 579 2537 vestimenta
608 2461 879 2532 interficientium
913 2459 1015 2528 illum.
1069 2451 1150 2531 ”Et
1175 2459 1262 2532 dixit
1295 2461 1340 2532 ad
1367 2483 1423 2532 me
1449 2461 1561 2546 Vade,
1590 2463 1752 2554 quoniam

266 2609 334 2680 ego
368 2585 401 2656 in
436 2584 593 2655 nationes
627 2583 732 2674 longe
768 2580 897 2651 mittam
938 2589 981 2648 te.
1034 2572 1063 2616 ²²
1076 2579 1272 2652 audiebant
1306 2591 1421 2652 autem
1456 2603 1533 2652 eum
1568 2583 1751 2676 usquead

265 2709 334 2778 boc
367 2705 530 2789 verbum,
564 2713 599 2774 et
631 2703 833 2773 levaverunt
869 2721 992 2771 vocem
1028 2721 1126 2771 suam
1161 2700 1317 2772 dicentes
1344 2703 1439 2773 Tolle
1466 2703 1512 2774 de
1540 2711 1631 2774 terra
1658 2705 1751 2774 eius·
1883 2761 1889 2776 .

267 2826 377 2897 modi:
404 2847 473 2895 non
500 2824 588 2894 enim
618 2825 668 2892 las
694 2833 749 2892 est
774 2843 853 2892 eum
879 2821 1008 2892 vivere.
1060 2811 1088 2857 Β
1104 2821 1375 2894 Vocilerantibus
1393 2831 1509 2893 autem
1528 2824 1578 2894 eis
1603 2835 1637 2895 et
1655 2826 1750 2919 proi-

268 2945 435 3016 cientibus
461 2945 666 3014 vestimenta
694 2963 755 3014 sua
783 2951 817 3018 et
844 2942 1021 3033 pulverem
1051 2941 1254 3012 iactantibus
1287 2942 1320 3012 in
1353 2963 1480 3020 aerem,
1524 2931 1550 2978 ²⁴
1567 2943 1663 3014 iussit
1690 2943 1750 3012 tri-

267 3067 381 3137 bunus
407 3064 520 3136 induci
547 3085 626 3134 eum
653 3063 687 3132 in
713 3071 827 3132 castra
855 3071 890 3131 et
916 3061 1059 3153 flagellis
1086 3061 1185 3133 caedi
1213 3072 1248 3132 et
1275 3063 1426 3154 torqueri
1454 3081 1550 3146 eum,
1585 3072 1621 3132 ut.
1648 3062 1751 3132 sciret

268 3195 539 3280 propterquam
568 3203 709 3253 causam
737 3181 785 3250 sic
813 3181 1049 3253 adclamarent
1074 3183 1115 3252 ei.
1154 3175 1181 3220 '⁵
1197 3183 1240 3252 Et
1266 3203 1342 3253 cum
1370 3177 1652 3254 'adstrinxissent
1670 3201 1749 3251 eum

268 3306 359 3388 loris,
387 3303 474 3376 dixit
500 3301 647 3375 adstanti
682 3301 747 3372 sibi
774 3302 961 3372 centurioni
988 3303 1111 3374 Paulus
1144 3303 1178 3372 Si
1212 3303 1386 3374 homiuem
1418 3303 1608 3373 Romanum
1637 3313 1671 3372 et
1697 3303 1749 3371 in-

269 3427 467 3497 demnatum
494 3425 573 3495 licet
598 3421 698 3492 vobis
725 3422 924 3513 flagellare?
967 3415 994 3462 ¹⁸
1008 3425 1084 3508 Quo
1112 3423 1229 3495 audito
1264 3424 1417 3494 centurio
1444 3423 1591 3494 accessit
1617 3422 1662 3494 ad
1689 3424 1749 3492 tri-

268 3547 397 3618 bunum
425 3555 460 3615 et
484 3541 649 3616 nuntiam't
675 3541 795 3614 dicens
822 3542 911 3627 Quid
938 3553 1075 3615 acturus
1102 3547 1169 3615 es‘l
1196 3543 1251 3615 hio
1278 3545 1367 3616 enim
1395 3546 1501 3616 bomo
1520 3545 1614 3614 cives
1632 3565 1750 3615 roma-

248 3689 333 3744 nus
360 3676 422 3738 est.
474 3659 500 3704 ²²
517 3663 700 3736 Accedeus
727 3673 840 3734 autem
868 3664 1023 3735 tribunus
1050 3664 1136 3735 dixit
1163 3663 1207 3734 illi
1234 3665 1296 3736 llic
1322 3663 1411 3745 mihi,
1438 3675 1474 3734 tu
1491 3664 1666 3736 Romanus
1684 3667 1749 3735 es?

270 3789 315 3859 At
340 3789 395 3860 ille
428 3786 514 3858 dixit
547 3786 667 3857 Etiam.
720 3775 747 3820 ¹⁸
763 3784 805 3853 Et
830 3783 1011 3878 respoudit
1037 3784 1190 3855 tribunus
1216 3786 1291 3877 Ego
1322 3785 1428 3856 multa
1454 3786 1601 3878 pecunia
1628 3786 1749 3858 civita-

271 3919 339 3978 tem
377 3907 464 3977 hanc
499 3915 707 3978 consecutus
739 3925 824 3974 sum.
884 3905 925 3975 llt
959 3905 1084 3975 Paulus
1121 3905 1167 3976 ait
1198 3905 1273 3998 Ego
1308 3915 1425 3976 autem
1459 3915 1495 3975 et
1526 3917 1626 3977 natus
1663 3929 1749 3977 sum.

271 4019 299 4062 ²⁹
315 4025 474 4098 Protinus
506 4048 593 4120 ergo
633 4025 868 4098 discessemnt
901 4026 946 4096 ab
981 4025 1038 4096 illo
1073 4025 1130 4117 qui
1171 4047 1249 4096 eum
1283 4027 1401 4096 torturi
1443 4036 1556 4097 erant:
1596 4025 1751 4098 tribunus

274 4169 415 4240 quoque
441 4147 563 4233 timuit,
592 4157 777 4240 postquam
805 4145 944 4216 rescivit
969 4145 1048 4238 quia
1075 4145 1161 4216 civis
1188 4165 1351 4217 romanus
1378 4159 1474 4218 esset
1509 4157 1543 4216 et
1569 4145 1648 4238 quia
1676 4146 1749 4216 alli-

274 4278 393 4360 gasset
418 4288 506 4338 eum.
558 4258 741 4338 ³⁰Postera
769 4275 883 4338 autem
911 4266 968 4338 die
995 4265 1117 4336 volens
1144 4265 1232 4336 scire
1260 4264 1455 4357 diligentius
1481 4288 1548 4359 qua
1574 4287 1619 4339 ex
1647 4287 1753 4340 causa

274 4397 497 4458 accusaretur
523 4409 542 4457 a
569 4386 716 4472 ludaeis,
745 4385 846 4456 solvit
872 4407 951 4456 eum
980 4396 1015 4456 et
1040 4385 1138 4456 iussit
1164 4385 1366 4456 sacerdotes
1391 4387 1577 4458 convenire
1596 4397 1631 4456 et
1649 4407 1752 4457 omne

276 4507 464 4590 concilium,
494 4519 528 4577 et
553 4507 753 4600 producens
779 4506 921 4576 Paulum
950 4505 1065 4576 statuit
1091 4507 1177 4574 inter
1203 4505 1288 4574 illos.

959 4711 1069 4784 XXlll.

350 4855 564 4940 'lutendens
597 4877 712 4938 autem
747 4866 925 4937 concilium
955 4865 1082 4937 Paulus
1116 4865 1162 4934 ait
1188 4863 1254 4936 Viri
1282 4869 1423 4951 fratres,
1452 4889 1519 4960 ego
1548 4868 1640 4938 omni
1667 4889 1753 4938 con·-

274 4987 416 5056 scientia
449 4989 543 5058 bona
578 4997 804 5058 conversatus
837 5009 913 5058 sum
949 4993 1028 5056 aute
1062 4985 1166 5056 deum
1204 5007 1321 5086 usqua
1357 4991 1393 5064 ‘m
1420 4987 1626 5060 bodiernnm
1653 4987 1756 5056 diem.

790 5107 886 5191 XXll,
918 5111 1037 5176 10-
1067 5107 1176 5191 XXlll,
1208 5109 1237 5178 l.
1359 5105 1363 5120 '
