4102 6128
487 1265 614 1370 PIAE
650 1265 951 1370 MEMORIAE
988 1270 1252 1374 GREGORll
1286 1263 1398 1370 XVl.

302 1545 503 1684 Versionis
546 1565 720 1644 librorum
765 1588 956 1644 sacrorum
990 1591 1060 1672 per
1096 1577 1215 1648 totum
1259 1567 1389 1648 orbem
1433 1567 1682 1648 Christianum

195 1723 467 1807 celebenimae
497 1741 611 1822 quem
639 1717 972 1824 locupletissimum
1008 1729 1149 1800 testem
1186 1743 1304 1824 nuper
1341 1745 1388 1800 er
1417 1719 1595 1798 diuturnis
1625 1730 1680 1798 te-

194 1879 322 1960 nebris
348 1839 570 1983 'protrahere
600 1871 765 1975 contigit,
798 1895 885 1951 eum
914 1895 1013 1949 nunc
1043 1871 1081 1950 in
1103 1873 1307 1951 litteramm
1327 1874 1452 1953 lucem
1473 1872 1681 1952 restitutum
1767 1951 1776 1962 ,

197 2056 271 2110 non
311 2029 397 2108 sinc
441 2027 503 2132 pia
545 2023 726 2104 memoria
765 2021 930 2136 Gregorii
965 2023 1057 2104 XVI.
1099 2023 1293 2104 edendum
1331 2025 1496 2105 iudicavi.
1563 2025 1681 2104 Tanta

199 2185 297 2264 enim
328 2181 391 2260 ille
421 2201 508 2257 cum
536 2175 797 2258 benevolentia
827 2185 912 2256 ante
949 2175 1019 2254 hos
1057 2185 1214 2281 septem
1241 2203 1360 2259 annos
1395 2179 1544 2259 labores
1574 2201 1683 2258 meos

196 2360 313 2441 quum
345 2333 384 2410 in
412 2331 558 2436 graccis
590 2338 714 2409 textus
739 2295 842 2408 ⁴sacri
871 2329 1121 2410 monumentis
1155 2341 1235 2412 tum
1264 2334 1301 2412 in
1338 2330 1602 2436 antiquissimis
1632 2331 1685 2409 la-

195 2491 281 2570 tinis
315 2484 505 2567 codicibus
513 2479 550 2587 *l
580 2483 728 2588 positos
761 2481 987 2580 existimavit
1018 2493 1059 2561 ut
1088 2507 1192 2584 eum,
1232 2486 1265 2564 si
1296 2487 1498 2566 etiamnum
1527 2485 1565 2562 in
1583 2483 1685 2562 'vivis

197 2651 315 2738 esset
347 2639 443 2716 hanc
478 2635 568 2714 tanti
606 2634 772 2715 thesauri
802 2634 1002 2715 editionem
1031 2636 1120 2715 boni
1157 2639 1414 2718 oonsultmum
1443 2637 1561 2717 luisse
1593 2661 1684 2743 spes

199 2805 317 2878 esset.
375 2789 474 2884 Quid
505 2787 608 2893 quod
638 2787 741 2866 mibi
757 2787 916 2866 narravit
945 2811 989 2867 se
1019 2787 1145 2894 ipsmu
1175 2789 1374 2894 aliquando
1405 2789 1454 2870 de
1479 2813 1577 2869 nova
1606 2800 1685 2870 ten-

198 2961 259 3030 tus
289 2943 445 3026 hebraei
474 2941 637 3022 editione
666 2939 834 3046 paranda
863 2940 1022 3021 iussisse
1053 2941 1208 3021 consilia
1238 2943 1326 3022 iniri
1451 2956 1462 3050 J

321 3067 433 3188 Quod
462 3118 550 3174 vero
580 3093 618 3171 in
640 3093 823 3198 defuncto
854 3093 1039 3174 ecclesiae
1070 3095 1275 3175 catholicae
1305 3093 1471 3200 principe
1491 3095 1684 3175 celebran-

202 3255 294 3333 dum
332 3248 434 3345 duxi,
469 3247 611 3326 utinam
647 3247 672 3323 ii
707 3269 828 3350 penes
860 3269 954 3349 quos
985 3247 1023 3324 in
1052 3247 1109 3325 his
1140 3247 1254 3327 rebus
1284 3247 1484 3325 auctoritas
1516 3257 1576 3326 est
1605 3245 1684 3324 imi-

202 3415 324 3485 tentur
355 3409 689 3503 exsequanturque,
719 3407 759 3476 ut
789 3421 902 3500 quem
931 3407 1018 3479 ante
1047 3398 1143 3479 haec
1172 3397 1352 3478 tredecim
1382 3399 1536 3478 saecula
1563 3420 1685 3477 senex

205 3558 323 3637 abbas
345 3551 523 3656 Gregorio
553 3549 691 3654 Magno
723 3549 832 3630 studii
862 3551 919 3628 sui
948 3550 1170 3656 pietatisque
1199 3557 1337 3630 testem
1367 3547 1528 3648 tradidit,
1562 3550 1595 3628 is
1625 3574 1684 3628 re-

203 3733 291 3790 vera
328 3727 429 3784 nunc
465 3704 641 3810 pristinae
681 3703 841 3782 veritatis
879 3702 1015 3782 vindex
1044 3727 1091 3782 cx
1128 3702 1282 3783 mortuis
1320 3701 1370 3781 ad
1398 3703 1503 3781 vivos
1533 3701 1682 3782 redisse

207 3863 253 3940 sit
281 3857 509 3941 censendus.

407 4040 510 4104 Lipsiae
533 4039 616 4104 pridie
638 4039 706 4090 diem
729 4040 821 4091 testum
845 4040 870 4089 S.
895 4041 1029 4094 Michaelis
1054 4043 1130 4092 ⁴850.

297 4249 325 4328 ⁸)
347 4250 381 4311 ln
401 4247 628 4329 prolegomenis
650 4245 794 4311 editionis
814 4247 891 4310 Novi
912 4247 1097 4311 Testamenti
1119 4265 1208 4310 meae
1229 4245 1410 4310 Parisiensis
1425 4261 1528 4308 coram
1542 4264 1593 4308 me
1608 4245 1683 4308 haec

211 4352 306 4414 verba
332 4351 408 4433 legit
436 4348 538 4431 „Libri
559 4349 711 4432 versionis
738 4349 994 4432 hieronymianae
1016 4351 1219 4431 manuscripti
1244 4356 1370 4413 veteres
1398 4349 1600 4430 inprimisque
1618 4366 1682 4414 ,ve-

209 4455 326 4518 terrimi
346 4469 501 4534 persaepe
523 4471 542 4514 a
563 4451 705 4515 versione
726 4451 850 4534 vulgata
872 4435 989 4516 sancita
1010 4455 1052 4517 ita
1074 4451 1229 4532 differunt,
1251 4460 1285 4514 ut
1315 4451 1366 4514 vel
1394 4450 1435 4514 ad
1456 4469 1570 4533 graeca
1592 4468 1682 4512 acce-

209 4557 285 4620 dant
305 4555 348 4617 illi
369 4554 424 4618 ubi
445 4555 523 4618 haec
545 4553 584 4617 ab
606 4553 717 4618 iisdem
738 4553 831 4634 plane
854 4554 994 4636 discedit,
1017 4557 1066 4620 vel
1087 4556 1129 4618 illi
1151 4575 1222 4619 cum
1243 4555 1366 4636 graecis
1386 4555 1581 4618 consentiant
1602 4553 1682 4614 anti·
1749 4621 1753 4629 ,

210 4659 366 4742 quissimis
387 4656 442 4720 ubi
463 4657 540 4720 haec
560 4675 630 4722 cum
654 4655 813 4722 codicibus
834 4657 1005 4722 admodum
1026 4659 1202 4723 recentibus
1224 4659 1306 4722 lacit
1349 4657 1499 4721 Videntur
1525 4665 1627 4720 autem
1649 4656 1681 4717 in

209 4781 321 4844 magua
342 4761 506 4824 lectionum
529 4777 609 4843 quae
634 4768 782 4841 putantur
802 4760 1108 4844 hieronymianarum
1133 4761 1283 4825 varietate
1310 4759 1382 4824 libri
1402 4759 1492 4824 brevi
1519 4767 1591 4842 post
1611 4760 1681 4820 Hie-

208 4865 331 4948 ronymi
356 4871 492 4926 aehtem
527 4866 643 4928 exarati
671 4864 710 4928 ab
738 4867 804 4929 eim
832 4871 918 4927 textu
947 4863 1060 4929 abesse
1089 4862 1258 4946 proxime.“
1307 4866 1393 4938 Quae
1419 4881 1516 4945 quum
1544 4862 1680 4944 legisset,

205 4983 337 5049 prorsus
359 4966 511 5050 probavit.
