4146 6120
371 352 446 425 lt6
888 351 1146 418 APOCALYPSIS
1171 351 1350 418 IOHANNIS

369 562 494 646 decim,
523 569 558 630 ct
584 559 723 632 uomina
757 559 937 653 inscripta,
974 581 1064 652 qnae
1096 572 1174 632 sunt
1206 559 1346 632 nomina
1380 555 1567 630 duodecim
1597 557 1743 630 tribuum
1770 557 1860 631 lilio-

371 707 449 754 rum
476 681 613 753 Israhel.
667 673 693 718 ”
709 679 764 750 Ah
793 681 926 752 oriente
953 669 1193 773 portae‘tres,
1223 691 1259 751 et
1286 680 1331 752 ah
1364 679 1525 772 aquilone
1551 687 1675 771 portae
1702 690 1795 764 tres,
1828 693 1862 752 et

373 803 419 874 ah
448 823 575 874 occasu
609 809 732 893 portae
765 811 851 885 tres,
888 811 924 872 et
956 801 1001 872 ah
1029 809 1147 872 austro
1174 809 1297 894 portae
1329 809 1409 870 tres.
1462 790 1488 834 ”
1504 799 1546 868 llt
1572 822 1690 870 murus
1717 800 1862 872 civitatis

373 923 507 994 habens
534 919 756 992 fundamenta
784 920 979 1006 duodecim,
1006 931 1043 992 et
1068 921 1102 992 in
1128 920 1212 1013 ipsis
1239 920 1425 992 duodecim
1452 919 1594 992 nomina
1620 921 1861 1013 apostolorum

373 1043 462 1134 agni.
513 1033 539 1076 ⁴5
556 1041 598 1110 Et
624 1041 683 1132 qui
708 1041 917 1133 loquebatur
940 1063 1076 1113 mecum
1103 1040 1257 1132 habehat
1291 1061 1488 1110 mensuram
1521 1039 1770 1112 harundineam
1797 1063 1859 1112 au-

371 1184 477 1246 ream,
505 1169 542 1232 nt
566 1161 744 1232 metiretur
777 1162 950 1232 civitatem
983 1171 1017 1232 et
1052 1171 1172 1254 portas
1206 1159 1281 1232 eius
1315 1169 1351 1230 et
1376 1183 1519 1232 murum.
1573 1151 1599 1227 ’.’
1615 1161 1658 1232 Et
1684 1161 1802 1234 civitas
1829 1161 1862 1232 iu

371 1281 505 1376 quadro
539 1281 653 1374 posita
687 1290 760 1366 cst,
795 1289 830 1352 et
866 1281 1045 1374 longitudo
1080 1282 1154 1353 eius
1189 1291 1283 1352 tanta
1310 1289 1365 1352 est
1396 1291 1526 1372 quanta
1552 1291 1588 1351 et
1613 1281 1767 1354 latitudo.
1820 1281 1862 1352 Et

372 1424 511 1474 mensus
539 1411 593 1474 est
619 1401 792 1472 civitatem
819 1399 865 1472 de
892 1401 1082 1474 harundine
1107 1423 1172 1495 per
1198 1400 1311 1472 stadia
1336 1399 1521 1473 duodecim
1550 1401 1656 1472 milia:
1682 1401 1860 1493 longitudo

371 1534 407 1594 et
432 1521 577 1593 latitudo
611 1530 646 1590 et
676 1520 820 1592 altitudo
848 1521 923 1592 eius
950 1522 1108 1613 aequaha
1135 1533 1221 1594 sunt.
1273 1513 1299 1558 ¹⁷
1315 1520 1358 1592 Et
1391 1542 1533 1592 mensus
1560 1531 1614 1593 est
1640 1544 1760 1593 murus
1787 1523 1861 1592 eins

371 1651 509 1712 centum
537 1640 764 1734 quadraginta
791 1651 953 1734 quattuor
977 1642 1179 1728 cuhitomm,
1209 1663 1371 1714 mensura
1397 1641 1559 1726 hominis,
1593 1663 1683 1734 quae
1716 1653 1772 1713 est
1798 1664 1860 1714 an-

372 1763 449 1855 geli.
502 1753 583 1832 ⁴⁸Et
609 1771 684 1833 erat
710 1769 880 1832 structura
906 1763 995 1833 muri
1021 1761 1096 1833 eius
1123 1783 1171 1832 ex
1196 1761 1313 1855 lapide
1340 1759 1492 1854 iaspide,
1527 1761 1603 1854 ipsa
1628 1785 1715 1834 vero
1742 1763 1861 1835 civitas

371 1905 457 1955 auro
484 1883 624 1967 mundo,
651 1882 761 1954 simile
785 1881 875 1954 vitro
901 1881 1045 1954 mundo.
1097 1875 1124 1922 ”’
1139 1880 1378 1954 Fundamenta
1403 1881 1492 1952 muri
1518 1881 1661 1954 civitatis
1688 1885 1784 1955 omni
1809 1884 1860 1954 la-

374 2004 454 2099 pide
475 1997 652 2096 ‚pretioso
685 2011 823 2074 ornata:
858 2003 1118 2076 tundamentum
1152 2001 1300 2096 primum
1335 2001 1458 2095 iaspis,
1491 2003 1665 2076 secundus
1692 2003 1858 2096 saphirus,

373 2125 493 2196 tertius
520 2123 738 2209 calcidonius,
767 2132 909 2215 quartus
935 2121 1162 2215 zmaragdus,
1206 2113 1233 2160 ²⁰
1251 2121 1387 2214 quintus
1419 2123 1599 2209 sardonix,
1636 2133 1757 2196 sextus
1785 2145 1859 2194 sar-

372 2245 481 2331 dinus,
510 2245 677 2338 septimus
695 2225 875 2330 crisolitus,
904 2253 1047 2316 octavus
1064 2243 1204 2326 hirilluS,
1231 2263 1343 2313 nonus
1362 2242 1532 2335 topadius,
1561 2244 1718 2317 decimus
1737 2245 1859 2338 chrys-

372 2387 567 2460 soprassns,
596 2364 799 2436 undecimus
826 2364 1002 2450 iacinthus,
1029 2361 1258 2438 duodecimus
1285 2363 1510 2456 amethystus.
1562 2353 1585 2398 ²¹
1605 2363 1647 2434 Et
1673 2365 1858 2436 duodecim

372 2496 494 2580 portae
522 2484 706 2557 duodecim
735 2483 942 2576 margaritae
968 2493 1047 2555 sunt
1073 2504 1138 2576 per
1170 2482 1333 2574 singulae,
1371 2493 1406 2554 et
1431 2483 1586 2575 singulae
1612 2467 1737 2578 portae
1764 2495 1860 2556 erant

372 2629 420 2677 ex
446 2605 587 2697 singulis
614 2604 817 2697 margaritis.
861 2603 904 2674 Et
929 2603 1044 2696 platea
1079 2601 1224 2674 civitatis
1257 2625 1378 2674 aurum
1409 2603 1576 2676 mundum
1602 2615 1779 2699 tamquam
1806 2607 1859 2676 vi-

373 2741 462 2800 trum
496 2725 720 2818 perlucidum.
772 2717 798 2760 ⁹⁹
815 2723 858 2794 Et
892 2724 1056 2818 templum
1091 2744 1162 2795 non
1194 2723 1265 2796 vidi
1298 2725 1332 2794 in
1369 2745 1428 2796 ea:
1457 2724 1616 2796 dominus
1651 2726 1743 2796 enim
1770 2725 1858 2797 deus

374 2845 592 2940 omnipotens
618 2845 793 2940 templum¹
811 2844 898 2916 illius
925 2853 988 2930 est,
1016 2853 1052 2914 et
1078 2865 1197 2936 agnus.
1241 2835 1267 2880 ⁹³
1283 2845 1326 2916 Et
1352 2845 1473 2916 civitas
1498 2867 1569 2916 non
1587 2855 1668 2937 eget
1696 2845 1770 2916 sole
1795 2867 1858 2916 ne-

373 2987 442 3060 que
473 2967 568 3052 luna,
601 2975 640 3038 ut
670 2965 806 3037 luceant
840 2985 898 3034 ea:
932 2987 1011 3034 nam
1052 2965 1191 3036 claritas
1216 2964 1273 3036 dei
1298 2964 1508 3036 inluminavit
1535 2986 1630 3050 eam,
1659 2975 1696 3036 et
1720 2965 1858 3036 lucerna

372 3088 446 3158 eius
472 3095 528 3158 est
553 3107 675 3179 agnus.
724 3075 805 3156 ²⁵Et
830 3083 1053 3156 ambulabunt
1079 3093 1202 3176 gentes
1230 3106 1293 3178 per
1318 3086 1434 3156 lumen
1461 3086 1545 3170 eius,
1573 3095 1609 3156 et
1626 3105 1729 3177 reges
1746 3095 1858 3156 terrae

370 3208 516 3278 afferent
541 3207 688 3299 gloriam
715 3227 812 3276 suam
839 3215 875 3276 et
900 3205 1069 3276 honorem
1095 3205 1130 3276 iu
1155 3207 1264 3292 iham,
1307 3197 1335 3242 ¹5
1351 3215 1387 3277 et
1412 3215 1533 3298 portae
1560 3205 1635 3277 eius
1667 3227 1737 3277 non
1763 3206 1858 3276 clau-

373 3328 498 3400 dentur
523 3348 588 3420 per
611 3327 721 3398 diem:
747 3347 821 3396 nox
847 3325 938 3396 enim
964 3347 1035 3397 non
1061 3325 1126 3397 erit
1150 3327 1231 3400 illio:
1274 3317 1301 3364 ’⁸
1318 3335 1353 3396 et
1385 3325 1529 3396 afferent
1554 3324 1697 3418 gloriam
1730 3335 1765 3396 et
1792 3326 1857 3398 ho-

373 3469 493 3520 norem
523 3447 673 3540 gentium
700 3452 735 3518 in
761 3445 863 3517 illam.
914 3439 940 3482 ²⁷
957 3445 1030 3516 Nec
1056 3446 1192 3518 intravit
1224 3448 1260 3518 in
1294 3467 1337 3517 ea
1363 3445 1492 3538 ahquid
1526 3446 1780 3538 coinquinatum
1805 3447 1857 3518 la-
1880 3451 1885 3464 '

375 3569 471 3640 ciens
504 3567 795 3640 abominationem
832 3573 868 3634 et
902 3565 1136 3650 mendacium,
1170 3565 1234 3638 nisi
1261 3565 1318 3658 qui
1345 3566 1462 3659 scripti
1489 3567 1627 3638 suntin
1653 3567 1740 3637 libro
1767 3567 1857 3638 vitae

333 3774 336 3780 ,
375 3711 464 3781 agni.

1067 3887 1163 3962 XXll.

449 4042 522 4118 ¹Et
547 4047 698 4120 ostendit
724 4047 806 4117 mihi
831 4045 969 4116 llnvium
997 4047 1236 4140 aquaevivae
1263 4046 1482 4140 splendidum
1508 4057 1683 4141 tamquam
1711 4047 1857 4141 crystal-

373 4169 452 4254 lum,
478 4166 729 4262 procedentem
756 4167 802 4238 de
828 4165 916 4240 sede
942 4166 1000 4238 dei
1026 4176 1063 4238 et
1089 4166 1178 4259 agni.
1229 4159 1296 4237 'ln
1327 4167 1445 4240 medio
1480 4168 1618 4260 plateae
1652 4167 1726 4237 eius
1750 4177 1785 4237 et
1811 4187 1858 4236 ex

374 4298 518 4382 utraque
543 4297 643 4383 parte
668 4286 817 4358 fluminis
842 4287 970 4380 lignum
995 4289 1088 4360 vitae
1115 4273 1262 4359 aderens
1289 4287 1416 4360 lructus
1443 4287 1639 4372 duodecim,
1665 4309 1731 4380 per
1756 4309 1856 4358 men-

373 4431 432 4482 ses
458 4403 614 4502 ‘singula
639 4403 843 4479 'reddentia
867 4409 1013 4480 fructum
1040 4429 1149 4492 suum,
1177 4417 1212 4478 et
1233 4407 1314 4478 solia
1330 4408 1413 4500 hgni
1430 4407 1476 4478 ad
1495 4407 1676 4478 sanitatem
1693 4407 1856 4500 gentium.

371 4521 444 4602 ³Et
470 4551 573 4602 omne
606 4527 827 4600 maledictum
859 4549 929 4600 non
962 4528 1026 4599 erit
1058 4527 1215 4620 amplius.
1263 4525 1306 4598 Et
1337 4529 1442 4602 sedes
1475 4527 1531 4599 dei
1568 4537 1604 4598 et
1637 4528 1717 4620 agni
1742 4528 1856 4600 inilia

371 4661 490 4748 erunt,
518 4661 554 4722 et
585 4647 677 4719 servi
711 4648 784 4720 eius
818 4649 971 4720 servient
1003 4647 1048 4718 illi
1065 4669 1070 4674 ·
1090 4636 1104 4683 ’
1121 4657 1156 4718 et
1189 4645 1356 4720 videbunt
1389 4648 1513 4720 taciem
1547 4647 1642 4734 eius,
1669 4658 1704 4718 et
1729 4670 1857 4720 nomen

373 4773 447 4844 eius
473 4773 507 4842 in
532 4768 701 4842 frontibus
728 4789 858 4840 eorum.
911 4763 980 4840 ⁵Et
1006 4791 1077 4840 nox
1103 4769 1288 4840 noanon
1314 4769 1387 4854 erit,
1414 4777 1449 4840 et
1474 4790 1545 4840 non
1562 4767 1716 4860 egebunt
1741 4769 1857 4840 lumen

371 4894 534 4964 lucernae
567 4873 681 4984 neque
712 4890 829 4960 lumen
860 4891 957 4976 solis,
993 4888 1156 4983 quoniam
1189 4886 1350 4962 dominus
1384 4887 1471 4960 deus
1501 4887 1678 4960 inluminat
1701 4888 1793 4972 illos,
1821 4897 1857 4958 et

372 5013 565 5105 regnabunt
589 5011 624 5082 in
648 5012 788 5084 saecula
814 5011 1043 5082 saeculorum.
1093 5001 1167 5078 tut
1193 5007 1279 5080 dixit
1303 5009 1386 5094 mihi
1410 5009 1506 5080 Haec
1530 5009 1640 5081 verba
1658 5007 1855 5080 fidehssima

372 5141 408 5202 et
433 5155 516 5206 vera
543 5143 637 5219 sunt,
665 5143 701 5202 et
726 5130 887 5204 dominus
920 5130 1007 5202 deus
1037 5128 1256 5222 omnipotens
1288 5129 1535 5224 prophetarum
1568 5129 1662 5200 misit
1695 5129 1854 5220 angelum

897 5251 980 5336 XXl,
1012 5252 1067 5319 ta
1087 5291 1135 5302 —
1162 5249 1260 5334 XXll,
1288 5251 1321 5318 6.
