4220 6124
634 310 782 376 BREVES
808 310 1013 374 EPISTULXII
1039 307 1091 374 In
1118 309 1343 374 CORINTHIOS
1370 309 1390 370 l.
1683 307 1757 380 26³

339 515 448 587 XLIV.
475 515 528 584 De
554 507 749 607 ‘baptismo
776 515 983 587 ludaeorum
1011 513 1249 608 ignorandum,
1278 523 1313 583 et
1339 511 1479 606 spiritali
1505 533 1588 584 asca
1614 519 1649 582 et
1665 521 1760 606 potu,

478 629 532 704 'et
558 633 790 725 prostratione
816 634 1039 727 plurimorum
1068 645 1103 704 et
1128 632 1282 726 peccatis
1309 632 1470 704 omnihus
1497 633 1531 702 in
1557 632 1711 704 deserto.

348 753 443 822 XLV.
471 753 523 822 De
550 750 668 844 liguris
695 773 786 844 quae
819 752 956 825 ludaeis
989 752 1189 835 acciderint,
1218 751 1347 844 scripta
1373 753 1440 823 siut
1466 761 1582 828 autem
1609 751 1655 824 ad
1682 773 1763 822 cor-

476 870 673 963 reptionem
698 881 864 944 nostram.

340 989 449 1060 XLVI.
476 990 529 1059 De
556 990 709 1082 periculo
736 991 862 1063 nimiae
889 989 1130 1062 confidentiae.
1808 1067 1812 1074 ,

327 1109 449 1180 XLVII.
477 1109 529 1178 Ile
545 1107 687 1180 domino
702 1110 753 1180 sie
766 1119 954 1203 temptante
968 1110 1116 1180 famulos
1134 1129 1217 1180 suos
1232 1118 1269 1178 ut
1280 1109 1416 1200 possint
1429 1109 1545 1178 omnia
1560 1102 1763 1180 'sustenere

312 1227 446 1298 XLVIII.
472 1228 526 1299 De
552 1227 795 1300 benedictione
822 1229 922 1322 panis
948 1239 984 1299 et
1010 1229 1136 1300 calicis.

337 1345 447 1416 XLIX.
475 1348 528 1418 De
556 1347 729 1440 hisquae
764 1347 866 1419 idolis
901 1347 1153 1432 sacrificantur,
1182 1347 1278 1439 quod
1306 1347 1501 1418 daemoniis
1528 1347 1764 1418 Immoleutur:

478 1477 513 1536 et
539 1465 636 1558 quod
664 1467 778 1537 omnia
806 1468 930 1538 liceant
956 1465 1023 1537 sed
1049 1487 1119 1536 non
1147 1461 1359 1560 ‘expediant
1385 1465 1555 1536 universa.

414 1587 449 1655 L.
476 1585 529 1654 Ile
555 1584 714 1656 libertate
742 1585 881 1658 emendi
909 1585 1061 1656 omnium
1089 1607 1180 1677 quae
1207 1587 1241 1656 in
1268 1585 1414 1656 macello
1441 1584 1643 1656 venduntur.

273 1739 281 1748 ·
400 1705 458 1774 Ll..
476 1703 528 1774 Ile
556 1703 717 1774 convivio
744 1705 898 1796 gentium
926 1715 961 1776 et
986 1704 1184 1798 profanatis.

389 1823 449 1892 LII.
477 1823 529 1893 De
556 1824 716 1916 apostolo
743 1824 905 1896 omnibus
930 1824 1033 1895 honis
1059 1824 1217 1917 placente
1245 1823 1455 1915 peremnia,
1483 1831 1519 1892 et
1541 1821 1636 1913 quod
1655 1824 1765 1892 sancti

479 1962 620 2036 semper
647 1945 827 2036 apostolos
854 1943 1009 2015 debeant
1035 1943 1167 2014 Imitari.

373 2061 448 2132 LIII.
475 2061 528 2130 De
556 2060 739 2132 CorintbiIs
767 2063 915 2154 apostoli
942 2061 1159 2163 traditionem
1180 2060 1393 2134 tenentibus.

367 2180 444 2250 LIV.
472 2179 524 2250 De
551 2177 692 2250 domino
721 2179 818 2272 quod
852 2181 1005 2252 virorum
1042 2181 1195 2252 omnium
1230 2189 1334 2272 caput
1366 2175 1433 2264 est,
1463 2189 1498 2250 et
1523 2179 1576 2251 vir
1603 2177 1764 2278 mulieris,

478 2308 513 2370 et
539 2297 669 2370 domini
697 2297 819 2370 Christi
847 2299 944 2372 deus.

386 2418 449 2488 LV.
475 2419 529 2487 De
572 2417 665 2488 omni
698 2418 773 2488 viro
808 2429 930 2490 orante
965 2429 1000 2490 et
1034 2421 1160 2492 femina
1195 2431 1254 2492 aut
1285 2419 1516 2512 prophetante
1548 2440 1619 2490 nun
1650 2419 1764 2490 velato

479 2537 591 2630 eapite
617 2537 674 2606 vel
700 2535 828 2607 velato.

369 2655 446 2726 LVI.
474 2657 525 2726 De
553 2651 727 2726 communi
755 2657 914 2728 eonvivIo
943 2653 998 2728 'et
1025 2658 1217 2730 heresibus.

355 2775 444 2844 LVII.
471 2777 524 2845 De
551 2775 735 2847 traditione
762 2774 894 2846 domini
920 2787 956 2848 et
982 2776 1252 2849 sanctificatione
1279 2779 1377 2870 panis
1405 2789 1440 2848 et
1466 2778 1590 2848 cattus

342 2892 445 2962 LVIII.
472 2894 525 2962 De
552 2893 800 2986 accipientibus
827 2894 967 2988 indigne
993 2895 1243 2969 eucharIstiam.

369 3011 448 3079 LIX.
476 3011 529 3080 De
556 3014 800 3103 expectatione
828 3025 946 3086 mutua
973 3015 1007 3086 in
1035 3017 1208 3087 communi
1234 3015 1405 3088 convivio.

385 3127 452 3196 LX.
479 3131 529 3196 De
563 3129 784 3220 spiritalibus,
820 3143 857 3203 et
890 3134 935 3205 de
971 3134 1196 3207 divisionibus
1232 3135 1423 3218 donorum,
1456 3144 1492 3204 et
1517 3132 1765 3227 conparatione

481 3247 639 3338 corporis
667 3249 782 3341 adque
809 3253 1056 3338 membrorum,
1085 3265 1121 3325 et
1147 3254 1297 3325 omnium
1325 3253 1538 3324 credentium
1572 3273 1620 3321 ax
1647 3251 1765 3322 diver-

482 3363 529 3434 sis
556 3366 818 3440 condicionibus
846 3367 1006 3442 multata.

371 3482 451 3552 LXI.
478 3483 530 3553 De
557 3486 762 3558 excellentia
790 3489 939 3561 caritatIs
966 3501 1002 3561 ct
1028 3491 1261 3564 destructione
1289 3492 1457 3585 proietiae
1490 3491 1604 3583 adque
1632 3489 1765 3582 lingua-

482 3623 558 3672 rum
585 3615 620 3672 ct
646 3608 799 3678 omnium
828 3630 918 3700 quae
946 3623 1119 3705 exparte
1146 3621 1237 3696 sunt,
1266 3632 1343 3682 oum
1372 3605 1426 3684 ‘id
1454 3610 1548 3703 quod
1575 3609 1766 3702 perlectum

482 3731 536 3792 est
562 3723 662 3794 hrerit
688 3725 911 3800 declaratum.

358 3841 452 3913 LXII.
479 3842 531 3912 De
559 3842 745 3916 eminentia
773 3846 978 3960 prophetIae
1005 3848 1113 3920 etde
1140 3850 1263 3942 linguis
1291 3849 1519 3942 loquentibus

348 3961 455 4032 LXIII.
482 3961 534 4032 De
562 3961 859 4055 prophetantibus.

348 4081 457 4150 LXIV.
484 4076 695 4153 De'silentio
724 4085 904 4158 mulierum
931 4088 965 4157 in
991 4063 1149 4159 ecelesia.

359 4201 453 4268 LXV.
480 4201 533 4269 De
560 4203 812 4274 resurrectione
840 4215 876 4275 et
902 4204 979 4276 line.

347 4317 455 4386 LXVI.
483 4317 534 4387 De
562 4319 714 4391 collectis
742 4345 833 4414 quae
860 4325 893 4394 in
921 4327 1047 4398 sanctis
1074 4325 1166 4398 liunt.

235 4453 239 4461 ’
331 4435 453 4506 LXVII.
480 4437 531 4506 De
556 4436 691 4530 Apollo.

320 4555 455 4625 LXVIII.
484 4557 535 4628 Ile
563 4561 725 4650 apostolo
753 4571 935 4632 exortante
963 4563 1164 4636 Corinthios.

345 4674 457 4744 LXIII.
484 4675 537 4746 De
564 4675 672 4748 domo
700 4677 906 4770 Stephanae.

357 4793 455 4864 LXX.
483 4795 535 4865 De
563 4797 740 4888 Stephano
768 4805 803 4865 ct
828 4797 1015 4869 Fortunato
1043 4808 1078 4869 et
1103 4798 1266 4870 Achaico.

345 4913 456 4982 LXXl.
484 4915 536 4984 De
564 4915 722 4986 ecclesiis
748 4914 863 4996 Asiae,
891 4925 926 4983 et
951 4915 1074 5008 Aquila
1101 4929 1137 4988 et
1163 4917 1314 4988 Priscilla
1341 4915 1535 5013 hospitibus
1561 4919 1665 4992 Pauli.

340 5030 463 5100 LXXII.
492 5035 543 5103 De
557 5035 717 5127 apostolo
736 5031 1043 5104 anathematizante
1056 5055 1121 5106 eos
1136 5037 1193 5128 qui
1207 5057 1277 5108 non
1290 5037 1436 5110 eredunt
1449 5039 1625 5112 dominum
1644 5040 1768 5112 Iasum.

804 5147 1028 5214 EXPLICIUNT
1051 5151 1246 5216 CAPITULX.
