4254 6130
349 327 419 398 ιθι
450 273 454 280 Ι
741 325 982 391 EVANGELIUM
1009 327 1211 391 SECUNDUM
1236 325 1435 392 loaaNqu

589 420 647 439 ...1.

346 555 463 606 meum
491 531 691 616 servaverit,
717 552 788 603 non
813 533 965 622 gustabit
982 541 1130 602 mortem
1155 532 1189 605 in
1207 539 1403 602 ueternum:
1443 523 1470 568 ι’
1483 527 1648 622 numquid
1673 540 1711 600 ιιι
1727 532 1839 602 maior

304 695 312 710 =
347 639 393 724 es'
414 662 513 746 patre
539 661 659 722 nostro
691 648 884 736 Abrabam,
920 651 978 744 qui
1012 659 1167 722 mortuus
1194 653 1272 722 est‘?
1309 659 1344 720 et
1370 649 1564 743 prophet-ae
1590 649 1717 720 mortui
1743 659 1837 722 sunt:

348 793 452 864 quem
485 781 520 842 te
554 771 665 864 ipsum
700 769 811 840 iacis‘?
862 761 889 806 ⁵*
905 768 1097 864 Respondit
1130 770 1226 840 lesus
1259 769 1295 840 Si
1330 789 1399 862 ego
1435 765 1590 860 glorifico
1624 787 1682 838 me
1714 767 1837 860 ipsum,

348 891 458 984 gloria
485 910 564 960 mea
589 886 669 958 nihil
696 898 766 958 est:
795 899 848 959 est
874 899 973 982 pater
998 909 1098 959 meus
1125 889 1182 981 qui
1209 886 1377 980 glorificat
1403 907 1477 970 me,
1505 905 1610 978 wem
1634 905 1700 956 vos
1728 886 1839 958 dioitis'

349 1010 428 1102 quia
455 1010 542 1082 deus
570 1015 688 1078 noster
715 1017 785 1090 est,
829 999 856 1043 ⁵⁵
873 1017 908 1078 et
933 1029 1003 1079 non
1030 1003 1241 1100 cognovistis
1268 1029 1364 1091 eum,
1393 1027 1462 1097 ego
1488 1014 1604 1075 autem
1636 1005 1719 1076 novi
1747 1026 1838 1077 eum.

348 1127 444 1199 Etsi
470 1126 595 1198 dixero
622 1125 701 1217 quia
728 1147 797 1212 non
823 1128 896 1198 seio
924 1147 1014 1211 eum,
1041 1147 1104 1197 ero
1122 1126 1241 1198 similis
1258 1125 1360 1196 vobis
1385 1125 1555 1196 mendax:
1582 1122 1648 1195 sed
1665 1124 1739 1196 seio
1757 1146 1838 1196 eum

351 1255 386 1316 et
412 1265 609 1316 sermonem
638 1245 712 1314 eius
740 1266 852 1315 servo.
903 1236 1117 1316 ⁶⁶Abrabam
1150 1253 1249 1339 pater
1283 1253 1401 1316 vester
1435 1243 1601 1316 exultavit
1633 1252 1671 1314 ut
1703 1243 1839 1316 videret

350 1364 442 1435 diem
469 1385 602 1448 meum,
637 1373 672 1434 et
704 1363 789 1434 vidit
822 1371 857 1432 et
890 1362 1030 1453 gavisus
1063 1371 1126 1434 est.
1178 1355 1204 1398 ⁵⁷
1221 1363 1390 1434 Dixorunt
1422 1383 1508 1454 ergo
1539 1361 1657 1434 iudaei
1685 1361 1837 1434 adeum

352 1482 604 1574 Quinquaginta
632 1502 741 1552 annos
768 1479 922 1551 nondum
948 1480 1058 1551 babes
1085 1489 1121 1550 et
1149 1480 1325 1552 Abrabam
1352 1481 1490 1552 vidisti?
1542 1472 1569 1517 ⁵⁸
1585 1480 1679 1551 Dixit
1705 1481 1759 1552 eis
1782 1482 1837 1552 Ie-

351 1622 410 1672 sus
436 1599 549 1672 Amen
575 1621 677 1670 amen
703 1599 782 1670 dieo
809 1599 919 1683 vobis,
947 1608 1026 1670 ante
1054 1620 1158 1692 quarn
1183 1597 1361 1672 Abrabam
1389 1599 1487 1670 fieret
1513 1619 1581 1690 ego
1609 1619 1696 1670 sum.
1727 1592 1836 1670 ⁵⁹Tu-

350 1721 462 1790 lerunt
496 1739 582 1810 ergo
614 1717 750 1810 lapides
783 1727 819 1787 ut
855 1718 1008 1790 iacerent
1041 1719 1074 1788 in
1110 1739 1207 1788 eum:
1241 1719 1337 1790 lesus
1371 1727 1487 1790 autem
1513 1717 1707 1790 ¹abscondit
1737 1739 1776 1790 se
1803 1727 1838 1788 et

351 1837 458 1908 exivit
484 1836 530 1907 de
559 1837 698 1928 temple.

1067 2113 1120 2182 IX.

427 2311 495 2388 *ιιι
519 2317 734 2410 praeteriens
768 2315 853 2387 vidit
884 2314 1060 2386 hominem
1087 2336 1229 2386 eaeoum
1264 2337 1285 2386 a
1311 2315 1495 2386 nativitate.
1547 2308 1621 2386 ‘Et
1645 2316 1838 2407 interroga·-

350 2445 473 2508 verunt
500 2457 580 2506 eum
615 2435 772 2528 discipuli
797 2435 850 2505 sni
875 2433 999 2517 Rabbi,
1028 2433 1104 2524 quis
1130 2433 1306 2526 peccavit,
1333 2433 1389 2503 bio
1416 2443 1475 2505 aut
1500 2443 1665 2528 parentes
1691 2434 1776 2518 eius,
1802 2443 1839 2505 ut
1871 2477 1877 2484 ·

352 2575 479 2626 caecus
505 2555 731 2626 nasceretur?
783 2545 1123 2644 ³Respondit1esus
1149 2552 1269 2643 Neque
1296 2551 1352 2622 hio
1384 2552 1544 2644 pausavit
1568 2575 1683 2646 neque
1709 2573 1837 2646 paren·

329 2672 406 2744 'tes
438 2672 530 2757 eiua,
568 2671 634 2743 sed
673 2679 710 2740 ut
744 2671 979 2740 manifestetur
1010 2692 1100 2763 opus
1132 2669 1189 2740 dei
1222 2671 1258 2740 in
1295 2671 1364 2741 illo.
1415 2658 1497 2744 ‘Me
1529 2680 1668 2764 oportet
1701 2672 1840 2764 operari

353 2811 461 2884 opera
488 2791 563 2861 eius
590 2791 648 2882 qui
675 2789 765 2858 misit
789 2811 858 2874 me,
885 2789 1000 2860 donee
1032 2789 1109 2860 dies
1136 2797 1207 2859 est:
1241 2789 1336 2860 venit
1361 2810 1433 2860 nox
1460 2788 1600 2880 quando
1626 2810 1731 2860 nemo
1758 2797 1839 2882 pot·
1919 2849 1923 2858 .

355 2921 410 2982 est
437 2909 586 3003 operari.
639 2901 839 2992 ⁵Quamdiu
876 2907 911 2977 in
946 2908 1077 2979 mundo
1112 2929 1204 2992 sum,
1239 2908 1298 2978 lux
1331 2929 1408 2978 sum
1435 2907 1562 2980 mundi.
1615 2899 1735 2978 ὓιιιιοιι
1761 2929 1840 2978 oum

354 3029 509 3112 dixisset,
537 3027 657 3120 expuit
682 3028 717 3096 in
743 3036 869 3098 terram
903 3035 939 3096 et
971 3026 1051 3096 seoit
1075 3027 1183 3096 lutum
1216 3047 1262 3096 ex
1289 3035 1392 3119 sputo
1425 3036 1462 3098 et
1487 3025 1568 3096 levit
1600 3026 1706 3098 lutum
1734 3047 1840 3119 super

355 3149 476 3220 oeulos
503 3147 592 3230 eius,
632 3137 698 3214 7et
724 3144 812 3216 dixit
837 3144 870 3216 ei
895 3145 993 3216 Vade
1018 3145 1097 3215 lava
1123 3144 1158 3213 in
1182 3145 1353 3216 natatoria
1379 3145 1510 3228 Siloae,
1545 3144 1641 3236 quod
1668 3146 1839 3238 interpre-

355 3276 444 3338 tatur
469 3266 606 3338 missus.
649 3262 743 3334 Abiit
769 3284 856 3354 ergo
883 3273 920 3334 et
945 3261 1035 3347 lavit,
1063 3272 1099 3332 et
1123 3261 1218 3334 venit
1242 3262 1376 3334 videns.
1428 3255 1577 3355 ⁸1taque
1602 3262 1704 3334 vieini
1731 3271 1766 3333 et
1782 3263 1840 3354 qui

355 3383 522 3456 videbant
547 3403 626 3454 oum
653 3382 748 3475 prius
776 3381 855 3474 quia
883 3380 1064 3452 mendicus
1090 3391 1182 3465 orat,
1217 3391 1253 3451 et
1285 3381 1449 3452 dicebant
1474 3381 1596 3452 Nonne
1623 3379 1677 3452 bio
1703 3381 1842 3473 estqui

356 3502 505 3573 sedebat
531 3511 566 3572 et
590 3501 833 3572 mendicabat?
860 3499 914 3568 aiii
940 3499 1103 3570 dicebant
1129 3499 1209 3591 quia
1243 3499 1298 3570 bio
1325 3509 1395 3571 est:
1444 3491 1531 3570 9ιιιιι
1558 3509 1673 3570 autem
1699 3499 1838 3590 Nequa-

357 3641 471 3712 quam,
499 3618 565 3690 sed
591 3619 709 3689 similis
736 3629 790 3690 est
816 3619 908 3688 eius:
937 3617 992 3687 ille
1019 3617 1160 3688 dicebat
1186 3617 1265 3708 quia
1293 3640 1362 3710 ego
1389 3641 1476 3690 sum.
1519 3610 1546 3656 ⁴⁰
1558 3617 1728 3690 Dicebant
1754 3637 1841 3708 ergo

358 3738 390 3807 ei
418 3735 604 3821 Quomodo
632 3738 743 3830 aperti
778 3745 856 3807 sunt
890 3735 980 3806 oeuli
1013 3735 1098 3805 tibi?
1145 3729 1167 3773 ⁴¹
1182 3724 1375 3829 Respondit
1406 3739 1464 3808 ille
1496 3737 1602 3808 homo
1635 3735 1694 3828 qui
1720 3735 1843 3806 dieitur

357 3856 454 3926 lesus
480 3857 587 3926 lutum
622 3857 702 3927 fecit
728 3866 763 3926 et
794 3854 892 3926 unxit
925 3855 1045 3924 oeulos
1071 3875 1189 3940 meos,
1225 3865 1261 3925 et
1287 3855 1374 3927 dixit
1398 3855 1480 3926 mibi
1506 3857 1604 3928 Vade
1632 3853 1678 3925 ad
1704 3863 1841 3926 natato-

357 3973 443 4044 riam
471 3973 585 4045 Siloae
613 3985 649 4045 et
674 3977 768 4046 lava:
797 3971 925 4042 stabii
952 3983 988 4042 et
1012 3973 1079 4044 lavi
1107 3983 1143 4043 et
1167 3971 1247 4044 vidi.
1292 3965 1318 4010 ⁴²
1337 3974 1505 4044 Dixerunt
1532 3975 1563 4044 ei
1591 3974 1654 4044 Ubi
1681 3981 1736 4044 ast
1761 3973 1841 4042 ittet

357 4089 414 4161 Ait
439 4092 575 4163 Nescio.
628 4084 655 4130 ¹³
671 4091 856 4163 Adducunt
889 4111 968 4161 eum
1002 4091 1047 4162 ad
1079 4091 1280 4174 PbariseoS‚
1314 4092 1373 4183 qui
1399 4112 1527 4164 caecus
1546 4093 1679 4164 ‘trierem
1725 4081 1751 4126 ⁴⁴
1768 4100 1842 4162 erat

359 4219 473 4282 autem
500 4210 683 4282 sabbatum
711 4208 851 4302 quando
878 4209 984 4280 lutum
1010 4211 1090 4282 iecit
1114 4213 1210 4281 lesus
1237 4219 1273 4280 et
1299 4210 1434 4302 aperuit
1461 4212 1581 4283 oeulos
1608 4211 1690 4283 eius.
1736 4203 1841 4281 1ιιιιι-

219 4348 221 4356 ’
358 4349 433 4399 rum
468 4349 554 4420 ergo
587 4328 845 4419 interrogabant
879 4349 958 4398 eum
997 4328 1171 4400 Pharisaei
1204 4327 1385 4419 quomodo
1418 4327 1572 4400 vidisset.
1632 4329 1691 4400 ille
1725 4337 1843 4400 autem

242 4542 247 4550 ι
357 4445 444 4516 dixit
470 4448 522 4516 eis
547 4448 667 4516 Lutum
695 4446 811 4538 posuit
835 4445 916 4516 mibi
944 4469 1050 4541 super
1067 4448 1211 4529 oeulos,
1239 4455 1276 4516 et
1300 4447 1376 4532 lavi,
1405 4457 1440 4518 et
1465 4447 1580 4519 video.
1633 4439 1844 4520 16ιιίοιειιιιιιι

357 4583 443 4655 ergo
471 4585 517 4636 ex
545 4564 738 4636 pharisaeis
765 4564 906 4656 quidam
931 4567 1009 4636 Non
1035 4576 1089 4636 est
1114 4566 1170 4636 bio
1195 4565 1302 4635 homo
1329 4566 1446 4650 adeo,
1475 4567 1554 4659 quia
1572 4567 1755 4638 sabbatum
1774 4588 1844 4638 non

358 4683 518 4756 custodit.
570 4681 635 4752 Atii
661 4682 823 4755 dicebant
849 4684 1036 4767 Quomodo
1068 4691 1184 4776 potest
1216 4681 1322 4754 homo
1354 4693 1519 4776 peccator
1545 4685 1634 4756 baec
1665 4684 1764 4777 signa
1791 4687 1843 4758 sa-

359 4803 469 4870 eere‘?
496 4799 538 4870 Et
564 4799 692 4872 scisma
718 4811 793 4873 erat
817 4803 850 4872 in
878 4803 939 4874 eis.
991 4794 1156 4872 17ιιιιιιιιι
1181 4821 1403 4892 ergooaeoo
1429 4804 1553 4874 iterum
1571 4804 1623 4874 Tu
1648 4803 1732 4896 quid
1758 4803 1845 4875 diois

360 4917 406 4987 de
433 4937 477 4990 eo
505 4919 563 5010 qui
590 4919 724 5013 aperuit
750 4921 870 4993 oeulos
888 4925 991 4994 tuos?
1018 4920 1076 4990 ille
1094 4931 1210 4992 autem
1229 4919 1315 4992 dixit
1337 4922 1417 5016 quia
1434 4923 1608 5016 propbeta
1626 4931 1688 4992 est.
1730 4913 1754 4958 ¹⁸
1766 4923 1845 4994 Non

359 5035 581 5110 crediderunt
606 5059 693 5131 ergo
719 5037 836 5152 ludaei
868 5037 914 5110 de
941 5040 1017 5122 illo,
1050 5039 1130 5132 quia
1162 5059 1288 5112 eaeeus
1321 5040 1442 5112 basset
1475 5051 1511 5112 et
1540 5040 1701 5124 vidisset,
1730 5041 1845 5112 doner.

899 5157 976 5240 tht,
1005 5160 1051 5229 53
1085 5195 1127 5210 -
1157 5159 1210 5242 IX,
1242 5161 1297 5228 ts.
