4146 6120
383 409 456 484 402
884 405 1138 472 APOCALYPSIS
1163 405 1340 471 lotthhltls
1402 347 1405 358 '

389 513 877 530 ffl--a--m
892 513 1856 524 *D———ffl=*hum

1074 647 1137 717 Vll.

460 851 569 927 ⁴Post
609 852 697 923 haec
730 852 800 924 vidi
838 862 998 945 quattuor
1032 853 1176 944 angelos
1211 863 1340 925 stantes
1375 875 1480 946 supra
1514 862 1673 946 quattuor
1707 853 1852 944 angulos

387 987 507 1058 terrae,
541 981 697 1044 tenentes
730 980 888 1064 quattuor
919 980 1041 1043 ventos
1076 981 1204 1057 terrae,
1238 995 1282 1044 ne
1317 973 1416 1044 llaret
1448 983 1569 1045 ventus
1596 981 1850 1067 superterram

386 1115 499 1188 neque
526 1113 628 1186 super
654 1113 749 1162 mare
775 1111 888 1183 neque
913 1091 947 1162 in
973 1093 1074 1162 ullam
1101 1093 1272 1164 arborem.
1323 1085 1396 1163 ²m
1420 1093 1490 1165 vidi
1524 1095 1665 1164 alterum
1693 1093 1849 1184 angelum

387 1213 632 1288 ascendentem
658 1211 701 1282 ab
729 1224 805 1282 ortu
831 1211 922 1295 solis,
951 1211 1135 1284 habentem
1163 1214 1297 1305 signum
1324 1212 1381 1284 dei
1406 1215 1490 1299 vivi,
1517 1224 1553 1286 et
1578 1212 1737 1284 clamavit
1763 1232 1851 1282 voce

387 1355 513 1428 magna
539 1337 707 1426 quattuor'
722 1331 853 1424 angelis
879 1331 1003 1423 quihus
1029 1333 1146 1404 datum
1172 1343 1226 1404 est
1250 1354 1377 1426 nocere
1415 1344 1527 1406 terrae
1566 1343 1602 1403 et
1633 1333 1733 1418 mari,
1765 1325 1853 1404 ³di-

388 1478 469 1528 cens
501 1448 628 1525 'Nolite
654 1473 782 1524 nocere
810 1461 922 1523 terrae
948 1461 983 1523 et
1008 1453 1093 1524 mari
1117 1474 1231 1545 neque
1249 1453 1447 1540 arboribus,
1474 1454 1591 1548 quoad
1608 1473 1717 1546 usque
1734 1452 1853 1542 signe-

388 1599 464 1648 mus
491 1595 613 1646 servos
639 1573 696 1644 dei
721 1573 827 1644 nostri
852 1573 886 1643 in
911 1573 1076 1644 frontibus
1103 1594 1232 1644 eorum.
1284 1566 1352 1644 *Er
1385 1574 1499 1646 audivi
1531 1595 1709 1646 numerum
1735 1572 1854 1664 signa-

388 1709 508 1780 torum,
535 1703 670 1766 centum
697 1692 922 1784 quadraginta
947 1702 1107 1784 quattuor
1133 1694 1223 1765 miHa
1249 1694 1371 1787 signati
1404 1717 1448 1766 ex
1477 1696 1569 1766 omni
1595 1694 1684 1765 tribu
1710 1692 1854 1764 filiomm

388 1817 533 1890 Israhel:
576 1807 654 1885 ⁵ex
681 1814 769 1884 tribu
794 1813 877 1884 luda
905 1813 1089 1885 duodecim
1116 1814 1205 1884 milia
1232 1815 1366 1907 signati,
1381 1837 1441 1886 ex
1467 1816 1555 1887 tribu
1579 1815 1699 1886 lluben
1716 1812 1854 1885 dnode—

389 1939 455 2011 cim
482 1936 572 2008 milia
599 1935 730 2025 signati,
757 1955 803 2004 ex
830 1933 920 2004 tribu
947 1933 1021 2005 Gad
1048 1934 1232 2006 duodecim
1258 1935 1348 2006 milia
1376 1935 1520 2028 signati,
1563 1927 1636 2006 ‘''ex
1662 1935 1750 2005 tribu
1767 1933 1856 2003 Aser

290 2073 293 2086 '
390 2056 573 2132 duodecim
606 2053 697 2124 milia
729 2053 868 2146 signati,
901 2076 947 2124 ex
978 2055 1068 2126 trihu
1099 2055 1291 2148 Nepthalim
1323 2055 1507 2127 duodecim
1533 2056 1626 2126 milia
1651 2055 1782 2146 signati,
1808 2074 1856 2122 ex

391 2179 479 2250 trihu
504 2177 661 2248 Manasse
686 2173 869 2246 duodecim
895 2174 986 2246 milia
1011 2175 1147 2267 signati,
1190 2167 1262 2244 ⁷cx
1290 2175 1377 2245 tribu
1404 2175 1556 2270 Symeon
1581 2174 1765 2248 duodecim
1791 2173 1855 2242 mi-

347 2343 351 2354 ·
390 2299 434 2370 lia
460 2296 590 2389 signati,
618 2315 665 2365 ex
691 2293 780 2365 trihu
803 2294 884 2365 Levi
911 2293 1096 2367 duodecim
1123 2295 1212 2366 milia
1238 2295 1372 2388 signati,
1400 2317 1446 2365 ex
1473 2295 1561 2365 trihu
1586 2295 1741 2366 lssacbar
1766 2291 1856 2364 duo*

375 2419 502 2490 ‘decim
530 2415 619 2486 milia
645 2414 782 2506 signati,
825 2407 902 2484 ⁸cx
929 2415 1017 2486 tribu
1042 2417 1195 2487 Zabulon
1221 2415 1404 2486 duodecim
1432 2415 1521 2485 miha
1547 2416 1678 2508 signati,
1705 2436 1749 2485 ex
1769 2412 1858 2483 trihu

391 2537 516 2630 loseph
541 2533 724 2607 duodecim
752 2533 843 2604 milia
868 2535 998 2626 signati,
1026 2556 1072 2606 ex
1099 2535 1186 2606 tribu
1212 2535 1386 2606 Beniamin
1413 2535 1599 2607 duodecim
1618 2535 1709 2606 milia
1725 2533 1856 2625 signati.

390 2653 500 2728 9Ροει
533 2656 618 2726 haec
647 2653 717 2724 vidi
750 2654 882 2724 turbam
920 2677 1095 2748 magnam,
1131 2677 1233 2748 quam
1260 2656 1477 2728 dinumerare
1503 2678 1606 2727 nemo
1632 2663 1781 2750 poterat,
1809 2673 1856 2724 ex

394 2776 551 2850 omnihus
577 2773 735 2866 gentibus
761 2785 795 2845 et
821 2775 975 2847 tribubus
1001 2785 1036 2845 ot
1050 2775 1195 2868 .populis
1221 2785 1257 2846 et
1282 2775 1411 2869 lingula,
1439 2785 1567 2848 stantes
1593 2787 1672 2848 ante
1698 2775 1855 2846 thronum

394 2907 429 2970 et
461 2898 495 2968 in
521 2903 709 2988 conspectu
735 2894 830 2986 agni,
857 2895 968 2965 amicti
996 2895 1100 2966 stolas
1127 2895 1238 2982 albas,
1266 2905 1300 2967 et
1325 2897 1460 2990 palmae
1485 2897 1518 2967 in
1545 2897 1701 2968 manibus
1727 2915 1856 2964 eorum.

347 3046 349 3054 ¹
394 3011 420 3057 ¹⁰
435 3019 477 3090 llt
502 3015 696 3088 clamabant
720 3036 810 3086 voce
835 3035 959 3108 magna
986 3015 1142 3086 dicentes
1168 3017 1266 3087 Salus
1292 3015 1361 3088 deo
1379 3025 1507 3102 nostro,
1536 3018 1593 3110 qui
1620 3015 1728 3087 'sedit
1754 3034 1858 3107 super

394 3138 562 3221 thronum,
588 3144 623 3206 et
647 3155 748 3227 agno.
800 3127 822 3172 ⁴¹
841 3133 883 3205 llt
908 3157 1030 3207 omnes
1056 3135 1168 3228 angeli
1201 3137 1337 3208 stabant
1368 3137 1401 3208 in
1428 3137 1566 3210 circuitu
1602 3137 1713 3208 throni
1739 3143 1773 3204 et
1798 3154 1856 3204 se-

313 3323 319 3336 ,
394 3258 527 3330 niomm
554 3265 589 3328 et
614 3263 772 3347 quattuor
798 3256 998 3341 animalium,
1026 3265 1061 3328 et
1087 3256 1284 3330 ceciderunt
1315 3259 1350 3329 in
1381 3267 1570 3351 conspectu
1604 3256 1714 3328 throni
1746 3253 1855 3323 inia-

395 3379 466 3450 cies
492 3397 575 3450 suas
600 3385 635 3446 et
660 3375 890 3448 adoravemnt
915 3375 1034 3462 deum,
1078 3369 1104 3414 ¹²
1117 3377 1270 3450 dicentes
1296 3375 1414 3463 Arnen,
1441 3377 1637 3448 benedictio
1663 3387 1698 3448 et
1724 3373 1855 3445 claritas

395 3509 431 3570 et
456 3495 620 3591 sapientia
646 3505 681 3567 et
706 3496 889 3588 gratiarum
917 3497 1005 3568 actio
1038 3507 1072 3568 et
1105 3498 1216 3570 honor
1248 3509 1283 3570 et
1308 3499 1414 3570 virtus
1448 3508 1483 3569 et
1507 3499 1668 3570 fortitudo
1700 3495 1768 3568 deo
1794 3516 1858 3565 no-

396 3626 466 3688 stro
501 3616 534 3686 in
566 3617 703 3688 saecula
735 3617 969 3702 saeculorum,
999 3640 1109 3688 amen.
1163 3611 1245 3689 13Ει
1276 3619 1455 3712 respondit
1486 3641 1572 3691 unus
1598 3619 1643 3690 de
1670 3615 1861 3689 senioribus

362 3729 365 3736 ’
396 3737 514 3809 dicens
540 3737 620 3808 mihi
651 3736 773 3828 lllqui
808 3738 920 3808 amicti
945 3747 1022 3808 sunt
1052 3740 1149 3810 stolis
1176 3739 1278 3825 albis,
1306 3739 1466 3832 quisunt
1493 3751 1528 3810 et
1552 3737 1644 3810 unde
1669 3737 1861 3808 venerunt?

395 3848 474 3928 “Et
500 3855 571 3927 dixi
597 3849 661 3928 ‘ihi
686 3857 831 3928 Domine
858 3859 918 3942 mi,
951 3867 987 3929 tu
1013 3859 1088 3929 scis.
1133 3859 1174 3929 Et
1206 3860 1292 3932 dixit
1323 3859 1403 3930 mihi
1436 3861 1476 3930 Hi
1509 3869 1586 3931 sunt
1611 3857 1670 3951 qui
1695 3867 1862 3929 venerunt

396 3976 440 4048 de
474 3976 688 4048 tribulatione
718 3999 847 4070 magara
880 3988 915 4048 et
947 3977 1102 4050 laverunt
1135 3979 1241 4051 stolas
1277 4001 1357 4051 suas
1389 3991 1424 4051 et
1453 3979 1701 4052 dealbaverunt
1738 4001 1799 4050 eas
1826 3978 1864 4048 in

396 4097 560 4190 sanguine
593 4097 681 4190 agni.
733 4090 858 4168 ⁴⁵1deo
890 4105 969 4168 sunt
1003 4109 1080 4171 ante
1114 4097 1274 4170 thronum
1307 4100 1381 4186 dei,
1414 4111 1448 4171 et
1483 4101 1635 4171 serviunt
1667 4101 1699 4169 ei
1732 4099 1787 4170 die
1819 4119 1865 4170 ac

395 4227 496 4290 nocte
521 4217 555 4288 in
581 4217 706 4312 templo
734 4217 817 4302 eius,
844 4226 879 4288 et
904 4217 961 4310 qui
987 4217 1086 4290 sedet
1112 4219 1145 4288 in
1171 4217 1293 4290 throno
1321 4219 1486 4291 habitabit
1511 4243 1615 4315 super
1632 4221 1716 4291 illos.
1744 4211 1769 4256 ’θ
1785 4219 1864 4290 Non

395 4337 546 4426 esurient
577 4360 690 4432 neque
724 4337 832 4409 sitient
866 4339 1026 4430 amplius,
1054 4360 1169 4431 neque
1196 4338 1298 4410 cadet
1324 4361 1428 4434 super
1454 4341 1529 4412 illos
1557 4343 1609 4412 sol
1634 4362 1748 4434 neque
1774 4341 1863 4412 ullus

395 4469 527 4543 aestus,
571 4451 597 4495 ⁴⁷
614 4457 774 4552 quoniam
808 4481 917 4551 agnus
951 4459 1008 4550 qui
1041 4459 1074 4529 in
1108 4458 1223 4531 medio
1252 4459 1363 4530 throni
1396 4469 1449 4531 cst
1473 4471 1572 4552 reget
1598 4461 1681 4546 illos,
1710 4472 1744 4532 et
1770 4455 1863 4533 ‘de-

395 4579 488 4651 ducit
513 4601 575 4650 eos
603 4579 650 4650 ad
672 4579 764 4650 vitae
791 4581 899 4650 sontes
926 4601 1106 4671 aquarum,
1135 4589 1169 4651 et
1195 4580 1371 4673 absterget
1397 4581 1483 4652 deus
1500 4599 1651 4651 'ornnem
1687 4581 1861 4651 lacrimam

395 4721 441 4771 ex
469 4700 575 4772 oculis
601 4721 729 4772 eorum.

1086 4907 1161 4978 Vlll.

471 5051 541 5128 *Er
567 5081 643 5130 curn
671 5060 860 5154 arvernisset
887 5061 1028 5153 sigillum
1057 5061 1255 5154 septimum,
1284 5061 1405 5131 lactum
1433 5071 1486 5131 ost
1512 5061 1678 5133 silentium
1703 5061 1736 5130 in
1764 5062 1865 5132 caelo

396 5180 493 5273 quasi
530 5180 642 5252 media
676 5180 770 5252 hora.
822 5173 888 5251 ²llt
924 5181 991 5253 vidi
1027 5189 1158 5274 septem
1193 5183 1334 5273 angelos
1362 5190 1488 5252 stantes
1523 5183 1554 5252 in
1582 5191 1767 5273 conspectu
1794 5181 1865 5260 dei,

953 5302 1015 5384 Vll,
1047 5303 1060 5369 l
1098 5341 1141 5352 -
1170 5302 1245 5384 vul,
1274 5305 1306 5375 2.
