4102 6128
612 399 863 466 nvlnouuutr
889 403 1091 468 SECUNDUM
1118 403 1324 468 llA'lTllllUll
1677 405 1723 476 49

226 631 309 683 oens
333 609 407 702 Ego
433 631 454 680 a
478 617 519 680 te·
540 607 658 680 debeo
684 603 867 700 baptizari,
896 617 932 678 et
958 617 994 678 tu
1021 607 1120 680 venis
1148 609 1195 680 ad
1222 612 1305 680 me?
1355 601 1382 646 ¹⁶
1398 603 1634 705 Respondeas
1661 635 1724 686 au-

227 739 297 800 tem
322 730 417 802 lesus
442 728 528 800 dixit
554 729 587 800 ei
612 727 693 798 Sine
720 721 850 795 modo:
885 726 938 797 sic
964 726 1058 796 enim
1095 727 1201 798 decet
1234 750 1302 800 nos
1328 728 1477 824 implere
1505 753 1645 804 omnem
1671 733 1724 805 iu-

227 849 361 922 stitiam.
412 850 506 922 Tunc
532 847 658 921 dimisit
681 865 773 916 eum.
828 833 855 880 ⁴⁶
869 836 948 894 (Μ’)
967 846 1170 938 Baptizatus
1199 857 1317 918 autem
1350 853 1534 924 confestim
1570 855 1727 926 ascendit

228 969 275 1042 de
302 991 401 1062 aqua,
428 980 464 1042 et
488 991 573 1042 ecoe
599 965 709 1064 aperti
733 970 814 1035 sunt
841 962 873 1032 ei
901 963 1008 1048 caeli,
1036 975 1072 1034 et
1102 965 1193 1036 vidit
1222 967 1379 1062 spiritum
1411 971 1470 1043 dei
1504 975 1725 1048 descenden-

228 1101 298 1162 tem
325 1089 412 1162 siout
437 1091 633 1162 columbam
657 1085 854 1158 venientem
881 1103 1077 1173 superse.
1129 1077 1154 1120 ¹⁷
1171 1087 1215 1158 Et
1245 1109 1330 1160 ecce
1364 1113 1437 1164 vox
1465 1095 1512 1167 de
1540 1095 1646 1168 caelis
1671 1097 1726 1169 di-

228 1233 312 1282 cens
337 1193 399 1282 llic
426 1219 481 1282 est
505 1209 591 1282 lilius
617 1229 715 1280 meus
742 1203 895 1284 dilectus,
930 1197 972 1270 in
1002 1225 1071 1296 quo
1098 1204 1179 1277 mibi
1205 1209 1407 1302 complacui.

951 1477 1005 1550 tv.

304 1681 521 1760 1θεῖ’-’Τιιῑιο
552 1689 650 1762 lesus
675 1689 797 1760 ductus
827 1697 881 1760 est
916 1685 952 1758 in
980 1687 1158 1760 desertum
1187 1689 1232 1760 ab
1259 1667 1377 1784 spiritu
1406 1703 1443 1766 ut
1470 1705 1675 1768 temtaretur
1701 1720 1723 1770 a
1858 1727 1864 1740 ·

227 1810 377 1882 diabolo.
429 1799 533 1855 “¹⁶⁵0
550 1810 593 1880 Et
619 1831 698 1880 cum
724 1807 910 1882 ieiunasset
936 1809 1167 1901 quadraginta
1193 1809 1318 1882 diebus
1345 1822 1381 1882 et
1401 1813 1636 1908 quadraginta
1655 1839 1720 1888 no-

226 1931 352 2016 ctibus,
384 1939 510 2024 postea
543 1929 673 2000 esuriit
726 1921 795 2000 ³Et
828 1929 1001 2002 accedens
1034 1939 1199 2000 temtator
1226 1929 1313 2000 dixit
1344 1933 1375 2002 ei
1402 1933 1438 2003 Si
1465 1934 1556 2006 filius
1584 1935 1643 2006 dei
1657 1959 1719 2024 -as,

226 2051 283 2124 dic
307 2061 344 2122 ut
368 2048 503 2144 lapides
528 2048 584 2121 isti
610 2071 725 2146 panes
751 2049 841 2122 liant
893 2039 990 2135 ‘om
1016 2049 1236 2142 respondens
1262 2051 1349 2122 dixit
1366 2052 1541 2145 Scriptum
1570 2066 1625 2126 est
1642 2059 1719 2130 Non

225 2173 373 2268 inpane
398 2171 473 2243 solo
502 2168 582 2240 vixit
611 2172 739 2254 homo,
767 2169 832 2240 sed
858 2170 892 2240 in
918 2169 1010 2241 omni
1036 2171 1147 2242 verbo
1175 2171 1270 2262 quod
1295 2172 1455 2265 procedit
1481 2173 1530 2246 de
1559 2178 1716 2272 oredei.

255 2295 348 2364 Tunc
374 2290 534 2364 assumsit
559 2311 643 2362 eum
672 2289 834 2362 diabolus
859 2289 894 2360 in
919 2300 1074 2362 sanctam
1102 2289 1286 2376 civitatem,
1313 2302 1349 2364 et
1362 2293 1479 2364 statuit
1507 2315 1591 2367 eum
1610 2321 1714 2393 supra

225 2413 440 2507 pinnaculum
465 2411 593 2505 templi,
632 2405 705 2482 ⁶et
722 2409 809 2480 dixit
824 2410 856 2480 ei
874 2410 909 2481 Si
926 2409 1014 2481 lilius
1031 2409 1087 2481 dci
1105 2431 1155 2495 es,
1180 2411 1274 2483 mitte
1292 2421 1327 2484 te
1344 2413 1528 2486 deorsum:
1549 2419 1713 2512 scripturn

226 2545 281 2606 est
305 2534 393 2606 enim
421 2533 500 2626 quia
526 2533 661 2624 angelis
689 2531 761 2603 suis
787 2513 963 2602 mandauit
989 2529 1034 2600 de
1061 2539 1104 2614 tc,
1132 2532 1225 2602 etin
1252 2532 1411 2604 manibus
1437 2534 1561 2607 tollent
1589 2549 1640 2624 te,
1668 2563 1712 2614 ne

227 2657 317 2736 torte
341 2653 498 2726 edendas
525 2652 570 2723 ad
596 2651 755 2748 lapidem
780 2651 909 2744 perlem
935 2659 1039 2722 tuum.
1080 2642 1163 2722 ⁷ait
1187 2652 1232 2722 illi
1257 2654 1352 2726 lesus
1369 2653 1516 2725 Rursum
1545 2660 1709 2755 scriptum

217 2783 281 2852 ,est
304 2774 383 2846 Non
408 2773 567 2846 oemtabis
593 2773 775 2845 dominum
801 2771 906 2844 deum
933 2780 1036 2842 tuum.
1088 2762 1243 2844 ⁸lterum
1270 2773 1413 2844 assumit
1439 2793 1520 2844 eum
1548 2777 1709 2855 diabolus
1777 2854 1782 2864 ,

228 2897 263 2966 in
288 2905 439 2966 montem
467 2895 645 2966 excelsum
680 2891 802 2976 valde,
835 2901 870 2962 et
896 2891 1057 2964 ostendit
1077 2891 1109 2961 ei
1143 2893 1257 2964 omnia
1288 2896 1543 2986 ragnemundi
1570 2911 1605 2972 et
1631 2905 1707 2995 glo-

229 3016 315 3086 riam
342 3037 471 3101 eorum,
514 3007 582 3086 9ει
604 3013 692 3086 dixit
724 3013 769 3083 illi
801 3013 896 3084 llaec
922 3012 982 3083 tibi
1008 3012 1123 3084 omnia
1150 3013 1258 3098 dabo,
1287 3013 1315 3085 si
1342 3013 1473 3087 cadens
1500 3018 1707 3096 adoraveris

230 3158 297 3208 me.
350 3127 487 3206 10Τιιιιο
513 3135 595 3206 dicit
620 3135 653 3206 ei
679 3135 774 3206 lesus
799 3132 897 3205 Vade
924 3143 1080 3206 saunas:
1113 3134 1275 3228 scriptum
1312 3145 1366 3206 est
1391 3136 1575 3212 Dominum
1602 3142 1705 3214 deum

142 3311 148 3327 .
230 3267 325 3328 tuum
352 3255 516 3328 adorabis
542 3255 647 3326 atilli
673 3255 736 3326 soli
762 3253 904 3326 servies.
956 3245 979 3290 ⁴¹
995 3243 1071 3298 ‘m’
1084 3254 1178 3325 'lunc
1203 3253 1336 3346 reliquit
1362 3278 1441 3327 eum
1468 3257 1644 3346 diabolus,
1672 3273 1706 3333 et
1814 3289 1819 3300 ·
1863 3283 1870 3302 ·

229 3397 315 3448 ecce
342 3376 454 3470 angeli
485 3383 708 3448 accesserunt
740 3383 775 3446 et
806 3373 1042 3445 ministrabant
1067 3373 1109 3444 ei.
1161 3363 1275 3420 ”still
1289 3373 1373 3446 Cum
1407 3386 1523 3448 autem
1550 3381 1704 3452 audisset

230 3497 326 3589 quod
351 3497 520 3568 lohannes
546 3494 689 3566 traditus
716 3503 818 3580 esset,
846 3493 991 3566 secessit
1015 3493 1050 3564 in
1077 3494 1270 3576 Galilaeam,
1314 3483 1340 3528 ¹³
1353 3485 1430 3540 (Μ)
1448 3506 1483 3568 ει
1509 3499 1627 3570 relicta
1653 3499 1702 3569 ci-

229 3617 336 3688 vitate
361 3615 532 3688 Nazareth
566 3615 659 3687 venit
692 3622 727 3686 et
760 3614 926 3686 habitavit
957 3614 992 3684 in
1018 3613 1255 3709 Caphamaum
1288 3615 1493 3686 maritimam
1519 3618 1553 3688 in
1580 3618 1703 3690 finibus

229 3737 384 3807 Zabulon
415 3746 451 3808 et
484 3735 696 3830 Nepthalim;
747 3726 773 3770 ¹⁴
791 3745 829 3806 ut
862 3735 1059 3829 impleretur
1091 3736 1186 3828 quod
1221 3735 1349 3806 dictum
1383 3747 1438 3807 est
1469 3759 1534 3831 per
1565 3739 1702 3812 Esaiam

229 3857 436 3951 prophetam
488 3847 514 3892 ⁴⁵
531 3857 638 3927 Terra
670 3854 823 3926 Zabulon
857 3865 893 3928 et
923 3856 1132 3949 Nepthalim,
1164 3857 1221 3928 tia
1252 3856 1356 3928 meris
1390 3865 1484 3930 trans
1521 3860 1701 3946 lordunen,

229 3977 402 4050 Galilaeae
419 3977 579 4069 gentium,
622 3967 650 4012 ⁴⁶
666 3976 812 4070 populus
829 3977 886 4070 qui
904 3976 1051 4048 sedebat
1074 3978 1108 4047 in
1126 3976 1277 4048 tenebris
1294 3977 1409 4048 lumen
1426 3979 1511 4050 vidit
1528 4003 1700 4074 magnum,

230 4107 266 4168 et
291 4098 491 4172 sedentibus
516 4097 551 4167 in
576 4095 720 4190 regione
746 4105 782 4168 et
806 4098 930 4168 umbra
955 4097 1084 4182 mortis,
1112 4099 1170 4170 lux
1198 4107 1274 4170 orta
1301 4109 1355 4169 est
1381 4098 1440 4170 eis.
1494 4091 1519 4136 ¹⁷
1532 4092 1608 4150 ‘ml
1627 4103 1700 4172 Ex-

229 4217 311 4290 inde
337 4219 452 4312 coepit
476 4219 572 4290 lesus
598 4215 803 4311 praedicare
830 4227 866 4288 et
890 4217 1008 4290 dicere
1033 4217 1276 4288 Paenitentiam
1306 4219 1412 4310 agite:
1440 4220 1699 4314 adpropinqua-

226 4340 276 4410 vit
310 4339 400 4410 enim
434 4359 577 4430 regnum
611 4337 794 4410 caelorum.
847 4329 874 4374 ⁴⁸
890 4337 1080 4410 Ambulans
1113 4349 1227 4410 autern
1267 4340 1361 4410 iuxta
1396 4361 1493 4410 mare
1526 4339 1698 4412 Galilaeae

228 4459 314 4532 vidit
339 4461 429 4532 duos
454 4460 585 4543 iratres,
612 4459 787 4530 Simonem
813 4459 871 4552 qui
895 4467 1040 4530 vocatur
1057 4458 1178 4530 Petrus
1204 4468 1238 4529 et
1256 4459 1429 4532 andream
1456 4461 1595 4532 tratrem
1615 4461 1698 4546 eius,

228 4575 416 4652 'mittentes
441 4588 515 4650 r'ete
541 4573 592 4650 ‘in
617 4600 729 4665 mare;
757 4589 856 4652 erant
881 4580 971 4651 enim
999 4580 1200 4674 piscatores.
1233 4570 1346 4628 ΜΗ)
1361 4581 1403 4652 Ει
1428 4580 1475 4651 ait
1498 4580 1561 4650 ilbs
1578 4581 1698 4652 Venite

227 4710 308 4794 post
333 4721 400 4785 me,
428 4709 463 4771 et
488 4700 610 4772 luciam
635 4721 698 4772 vos
724 4699 798 4770 lieri
824 4700 1014 4794 piscatores
1039 4701 1224 4772 hominum.
1276 4693 1303 4738 Ψ
1318 4699 1363 4770 Αι
1388 4701 1431 4770 illi
1457 4701 1618 4772 continuo
1640 4723 1697 4772 re-

224 4821 312 4894 lictis
336 4819 466 4892 retibus
493 4821 601 4892 secuti
627 4831 704 4890 sunt
729 4841 818 4891 eum.
870 4813 893 4860 ¹⁴
909 4813 983 4868 Μ)
1000 4822 1043 4894 Et
1068 4819 1265 4914 procedens
1290 4820 1370 4892 inde
1396 4819 1480 4891 vidit
1505 4821 1591 4892 alios
1608 4821 1697 4894 duos

224 4943 358 5027 fratres,
384 4940 547 5014 lacobnm
573 4939 747 5013 Zebedaei
772 4951 808 5012 et
832 4941 1018 5015 Iohannem
1045 4943 1183 5012 lratrcm
1210 4940 1293 5024 eius,
1319 4941 1354 5011 in
1379 4942 1458 5013 navi
1483 4963 1561 5012 cnm
1584 4942 1696 5014 Zebe-

225 5061 318 5134 daeo
344 5071 453 5156 patre·
469 5077 590 5134 eorum
617 5060 810 5133 reficientes
835 5063 921 5134 retia
948 5083 1019 5147 sua,
1046 5071 1082 5132 et
1098 5062 1236 5134 vocavit
1261 5083 1334 5133 eos.
1384 5053 1411 5100 ἢ
1426 5062 1473 5134 llli
1490 5073 1605 5134 autem
1623 5073 1695 5136 sta-

223 5183 284 5252 tim
311 5182 437 5254 relictis
461 5183 592 5256 retibus
618 5191 653 5253 et
678 5191 776 5276 patre
802 5184 911 5256 secuti
937 5193 1014 5254 sunt
1040 5204 1128 5254 eum.
1181 5175 1208 5220 ¹³
1222 5175 1296 5229 (Μ
1313 5184 1355 5256 Ει
1380 5183 1578 5258 circumibat
1600 5185 1696 5257 lesus

752 5303 878 5396 mis
934 5343 978 5356 -
1033 5304 1170 5388 rusa
1277 5395 1279 5404 y

1335 5427 1394 5496 3*
1479 5473 1482 5480 .
