4146 6120
736 363 993 430 nrouunrrsrs
1019 361 1198 426 roulnms
1632 321 1706 432 tot

232 469 398 482 *uun——

226 595 323 644 suam
351 569 396 644 ad
423 569 571 652 caelum,
615 559 682 638 flet
707 567 830 641 iuravit
855 589 920 662 per
946 568 1119 639 viventem
1150 567 1184 636 in
1217 565 1355 636 saecula
1381 553 1615 654 saeculorum,
1648 568 1708 660 qui

227 691 357 766 creavit
383 689 515 762 caelum
541 697 577 758 et
603 707 763 782 eaquae
789 690 824 760 in
850 687 906 760 illo
933 699 1019 774 sunt,
1047 699 1082 760 et
1108 697 1236 758 terram
1262 695 1297 756 ct
1323 707 1478 778 eaquae
1505 687 1540 758 in
1558 709 1600 760 ea
1618 697 1707 772 sunt,

226 824 262 883 et
287 831 382 882 mare
416 819 451 880 et
478 831 520 881 ea
553 829 643 901 quae
676 809 710 880 in
737 831 781 880 eo
809 817 902 892 sunt,
937 809 1017 902 quia
1049 816 1188 900 tempus
1215 805 1360 898 amplius
1392 808 1568 892 nouerit,
1609 801 1710 880 7sed

227 933 260 1004 in
287 931 411 1004 diebus
443 930 539 1001 vocis
576 929 711 1022 septimi
746 929 873 1021 angeli,
909 949 986 998 cum
1021 927 1178 1022 coeperit
1204 924 1286 996 tuba
1313 945 1454 1011 canere,
1482 937 1517 997 et
1543 949 1707 1000 consum-

227 1051 374 1123 mabitur
399 1051 599 1144 mysterium
632 1047 705 1134 dei,
738 1049 825 1120 sicut
856 1048 1106 1140 evangelizavit
1136 1067 1199 1140 per
1232 1065 1356 1117 servos
1390 1068 1474 1118 suos
1507 1049 1708 1141 prophetas.

98 1149 104 1162 ’
226 1166 294 1242 ”Et
319 1192 392 1242 vox
417 1191 520 1262 quam
548 1167 663 1240 audivi
690 1165 881 1241 'dicentem
908 1169 954 1240 de
981 1169 1078 1238 caelo
1106 1169 1229 1238 iterum
1255 1165 1454 1258 loquentem
1471 1189 1609 1239 mecum
1634 1163 1709 1241 'di-

228 1301 363 1364 centem
389 1289 486 1362 Vade
513 1283 658 1383 ‘acoipe
684 1290 807 1362 librum
835 1298 990 1381 apertum
1018 1288 1062 1360 de
1090 1307 1194 1358 manu
1221 1286 1333 1378 angeli
1350 1288 1472 1359 stantis
1491 1309 1596 1382 supra
1613 1311 1710 1360 mare

228 1421 264 1484 et
289 1433 394 1506 supra
419 1420 556 1481 terram.
608 1401 680 1480 9Et
705 1409 773 1481 abii
800 1409 847 1482 ad
873 1410 1042 1501 angelum,
1070 1405 1190 1478 dicens
1218 1406 1250 1477 ei
1274 1417 1312 1478 ut
1338 1406 1441 1478 daret
1466 1409 1549 1480 mihi
1575 1409 1708 1480 librum.

226 1533 269 1604 Et
294 1531 376 1604 dicit
401 1531 484 1602 mihi
509 1527 639 1621 Accipe
666 1537 701 1599 et
728 1529 860 1602 devora
887 1548 985 1598 eum:
1013 1537 1049 1598 et
1075 1527 1177 1598 faciet
1204 1527 1393 1598 amaricare
1420 1539 1578 1600 ventrem
1606 1537 1708 1612 tuum,

228 1653 353 1726 sedin
379 1671 441 1722 ore
468 1660 527 1720 tuo
554 1648 619 1719 erit
644 1647 744 1720 dulce
771 1660 948 1742 tamquam
975 1648 1053 1718 mel.
1107 1637 1132 1684 ¹⁰
1148 1647 1190 1716 Et
1216 1647 1335 1740 accepi
1368 1647 1493 1719 librum
1527 1649 1573 1720 de
1606 1671 1708 1720 manu

228 1773 362 1864 angeli,
390 1779 425 1840 et
463 1767 631 1840 devoravi
662 1787 757 1838 eum:
792 1776 828 1836 et
863 1777 937 1838 erat
970 1767 1004 1837 in
1031 1787 1093 1838 ore
1119 1789 1200 1840 meo
1233 1777 1408 1860 tamquam
1435 1769 1503 1840 mel
1530 1767 1645 1852 dulce;
1674 1778 1709 1839 et

228 1913 307 1962 cum
334 1889 562 1962 devorassem
588 1908 681 1970 eum,
715 1886 920 1958 amaricatus
954 1898 1009 1960 est
1040 1897 1163 1960 venter
1193 1908 1301 1959 meus.
1355 1878 1376 1922 ⁴¹
1397 1889 1440 1958 Et
1466 1881 1600 1960 'dsunt
1627 1888 1707 1958 mihi

228 2010 375 2104 Oportet
401 2019 435 2079 te
462 2009 585 2078 iterum
612 2006 823 2100 prophetare
850 2007 987 2100 populis
1018 2018 1054 2078 et
1091 2007 1251 2100 gentibus
1283 2018 1319 2077 et
1350 2007 1473 2100 linguis
1507 2019 1542 2078 ot
1568 2007 1707 2099 regibus

229 2130 351 2202 multis.

943 2335 995 2404 xt.

305 2480 376 2560 'Et
402 2488 505 2560 datus
532 2498 585 2558 est
611 2487 691 2558 mihi
725 2487 878 2558 calamus
905 2487 1023 2558 similis
1049 2487 1185 2581 virgae,
1219 2486 1337 2558 dicens
1372 2489 1483 2580 Surge
1518 2497 1553 2558 et
1585 2485 1706 2557 metire

229 2609 393 2704 templum
419 2607 477 2682 dei
502 2618 537 2680 et
563 2608 669 2679 altare
695 2617 729 2678 et
755 2606 941 2680 adorantes
966 2608 1000 2678 in
1026 2628 1080 2679 eo.
1132 2601 1293 2680 'Atrium
1320 2616 1434 2680 autem
1462 2607 1557 2701 quod
1581 2615 1635 2678 est
1652 2607 1705 2675 lo-

227 2729 275 2800 ris
302 2730 466 2823 templum
494 2727 569 2800 eice
594 2729 688 2800 loras
714 2736 749 2799 et
774 2748 818 2798 ne
844 2728 995 2800 metiaris
1022 2749 1111 2816 eum,
1139 2729 1301 2822 quoniam
1319 2706 1437 2800 datum
1465 2738 1519 2800 est
1536 2726 1705 2822 gentibus,

227 2859 265 2919 et
291 2849 463 2921 civitatem
490 2859 643 2920 sanctam
671 2847 851 2920 calcabunt
876 2849 1052 2922 mensibus
1079 2849 1306 2943 quadraginta
1322 2847 1469 2921 duobus.
1518 2839 1586 2916 ³Et
1611 2845 1705 2916 dabo
1768 2915 1772 2925 ,

229 2967 366 3040 duobus
400 2967 547 3038 testibus
581 2969 685 3052 meis,
721 2976 756 3038 et
785 2967 1041 3061 prophetabunt
1075 2969 1199 3042 diebus
1224 2969 1316 3038 mille
1343 2965 1499 3039 ducentis
1526 2965 1706 3057 sexaginta

228 3086 343 3158 amicti
375 3107 507 3158 saccos.
566 3074 637 3156 ‘Hi
670 3095 750 3158 sunt
781 3085 853 3157 duo
887 3087 999 3160 obvae
1033 3099 1069 3160 et
1100 3086 1171 3159 duo
1205 3087 1414 3160 candelabra
1447 3088 1481 3158 in
1514 3094 1705 3178 conspectu

230 3201 378 3280 'domini
404 3215 519 3277 terrae
545 3213 685 3276 stantes.
736 3195 805 3276 ⁵Et
830 3205 860 3275 si
886 3206 963 3297 quis
990 3228 1053 3278 eos
1079 3207 1226 3278 voluerit
1251 3227 1398 3292 nocere,
1425 3207 1513 3300 ignis
1540 3206 1634 3277 exiet
1659 3204 1705 3274 de

228 3349 292 3400 ore
318 3328 471 3421 ipsorum
498 3335 533 3397 et
558 3323 738 3398 devoravit
762 3323 919 3396 inimicos
945 3346 1084 3398 eorum:
1112 3335 1146 3397 et
1171 3327 1200 3396 si
1227 3327 1303 3420 quis
1324 3327 1471 3399 voluerit
1497 3347 1559 3398 eos
1576 3326 1703 3410 ledere,

230 3449 279 3520 sio
311 3455 448 3540 oportet
478 3467 557 3518 eum
591 3443 712 3516 occidi.
764 3433 835 3515 ⁶lli
867 3444 995 3518 hebent
1028 3454 1236 3540 potestatem
1277 3446 1438 3519 cludendi
1475 3449 1625 3532 caelum,
1660 3467 1705 3516 ne

229 3569 323 3662 pluat
349 3567 473 3638 diebus
497 3565 701 3660 prophetiae
726 3567 890 3660 ipsorum,
918 3577 954 3638 et
979 3575 1186 3661 potestatem
1212 3567 1340 3638 habent
1367 3589 1472 3662 super
1489 3589 1599 3662 aquas
1618 3589 1703 3638 con·
1838 3573 1843 3584 '

228 3686 386 3761 vertendi
419 3707 480 3758 eas
514 3687 549 3758 in
581 3685 783 3778 sanguinem
817 3695 852 3757 et
884 3697 1066 3780 percutere
1102 3699 1228 3760 terram
1263 3689 1356 3761 omni
1388 3689 1492 3784 plaga
1524 3689 1703 3782 quotiens·

229 3829 377 3902 cumque
408 3807 586 3880 voluerint
639 3797 711 3876 7Et
745 3829 823 3878 curn
855 3805 1000 3878 finierint
1031 3809 1262 3882 testimonium
1296 3831 1412 3894 suurn,
1448 3805 1580 3880 'bestia
1614 3829 1703 3901 quae

228 3929 384 4004 ascendit
408 3928 455 4002 de
481 3929 612 4023 abysso
637 3925 739 3998 faciet
764 3927 933 4000 adversus
958 3928 1034 4000 illos
1060 3929 1188 4000 bellum
1214 3940 1250 4000 et
1274 3929 1388 4001 vincet
1413 3929 1488 4001 illos
1515 3939 1551 4000 et
1568 3927 1705 4000 occidet

227 4050 312 4122 illos.
364 4041 436 4127 Ἐἰ
461 4069 610 4144 corpora
636 4069 757 4120 eorum
782 4050 817 4120 in
842 4049 965 4143 plateis
992 4049 1136 4122 civitatis
1161 4043 1338 4143 magnae',
1366 4071 1455 4142 quae
1472 4058 1616 4122 vocatur
1632 4049 1703 4141 spi-

228 4169 367 4240 ritaliter
393 4169 548 4242 Sodoma
573 4180 609 4242 et
634 4168 824 4265 Aegyptus,
851 4170 909 4242 ubi
937 4180 973 4242 et
998 4171 1159 4243 dominus
1185 4191 1305 4244 eorum
1324 4169 1508 4243 crucifixus
1526 4179 1589 4242 est
1631 4160 1705 4238 ”Et

228 4288 394 4360 videbunt
419 4288 465 4359 de
496 4289 633 4382 populis
667 4300 702 4362 et
734 4291 891 4362 tribubus
925 4301 960 4362 et
991 4291 1113 4384 lhrguis
1145 4301 1181 4362 et
1211 4291 1371 4384 gentibus
1403 4311 1552 4384 corpora
1583 4309 1703 4360 eorum

227 4427 292 4500 per
317 4416 388 4478 tres
415 4407 491 4480 dies
517 4418 553 4478 et
577 4408 772 4496 dimidium,
800 4421 836 4481 et
861 4431 1008 4504 corpora
1034 4431 1155 4482 eorum
1181 4435 1251 4484 non
1277 4413 1389 4484 sinunt
1413 4413 1496 4506 poni
1521 4411 1556 4482 in
1578 4431 1702 4482 monu-

227 4527 363 4599 mentis.
415 4517 441 4564 ¹⁰
456 4529 499 4600 Et
523 4527 752 4600 inhabitantes
778 4539 904 4602 terram
935 4531 1137 4624 gaudebunt
1166 4554 1272 4627 super
1303 4533 1366 4604 illis
1399 4543 1434 4602 et
1464 4530 1703 4604 iocundabun-

228 4655 282 4718 tur
308 4656 344 4722 ct
367 4667 512 4721 munera
536 4649 670 4722 mittent
693 4649 849 4736 invicem,
876 4653 1037 4744 quoniam
1072 4651 1107 4722 hi
1132 4650 1209 4723 -duo
1243 4651 1435 4745 prophetae
1470 4651 1705 4724 cruciaverunt

229 4787 292 4838 eos
318 4768 377 4861 qui
403 4763 576 4842 'habitant
601 4791 706 4863 super
731 4780 867 4842 terram.
920 4763 942 4807 ¹⁴
961 4772 1005 4844 Et
1030 4782 1112 4865 post
1139 4771 1215 4845 dies
1241 4783 1312 4844 tres
1339 4782 1375 4843 et
1400 4772 1577 4846 dimidium
1603 4771 1703 4865 spiri-

228 4899 283 4960 tus
309 4889 400 4960 vitae
426 4911 446 4960 a
473 4888 542 4962 deo
569 4890 705 4962 intravit
729 4892 764 4961 in
790 4911 869 4974 eos,
897 4903 932 4963 et
958 4901 1125 4964 steterunt
1150 4915 1257 4987 super
1282 4892 1396 4986 pedes
1422 4915 1515 4978 suos,
1543 4903 1579 4964 et
1604 4891 1704 4964 timor

228 5029 373 5102 maguus
400 5011 522 5084 cecidit
548 5031 652 5105 super
678 5033 742 5084 eos
768 5013 825 5104 qui
852 5011 1011 5083 viderunt
1038 5035 1112 5084 eos.
1165 5006 1190 5050 ¹²
1206 5015 1249 5084 Et
1275 5012 1455 5086 audierunt
1480 5035 1603 5086 vocem
1627 5034 1702 5084 ma-

227 5151 331 5224 guam
357 5131 403 5202 de
430 5132 526 5204 caelo
553 5131 724 5205 dicentem
750 5131 813 5204 illis
841 5127 1044 5204 ‘Ascendite
1071 5134 1155 5205 huc:
1183 5146 1219 5206 et
1245 5135 1476 5208 ascenderunt
1509 5136 1543 5206 iu
1570 5135 1700 5206 caelum

795 5253 834 5338 X,
864 5255 885 5324 6
917 5293 960 5306 -
989 5253 1041 5340 Xl,
1072 5257 1128 5330 tt.
