4254 6130
615 263 618 274 ,
707 191 815 254 num
842 187 995 252 ncuuuu
1021 185 1299 250 mosrouoauu
1543 239 1546 246 ,
1677 183 1749 254 ata

222 373 224 386 ¹
259 409 374 471 autem
408 397 521 470 visum
555 397 658 482 vidit,
693 395 806 468 statim
842 390 1076 484 quaesivimus
1111 389 1282 482 proficisci
1316 387 1353 456 in
1386 388 1641 474 Macedoniam,
1668 389 1751 460 certi

258 520 335 592 lacti
372 519 451 612 quia
485 527 647 590 vocasset
679 537 746 588 nos
780 513 871 586 deus
904 511 1143 604 evangelizare
1175 511 1237 582 eis.
1289 501 1311 544 ⁴¹
1333 507 1545 602 Navigantes
1580 517 1695 582 autem
1730 532 1751 580 a

260 638 397 712 Troade
430 647 527 710 recto
562 659 664 708 cursu
695 633 856 706 venimus
890 629 1176 716 Samothraciam,
1210 639 1245 702 et
1281 630 1441 721 sequenti
1475 628 1532 700 die
1558 629 1749 720 Neapolim,

260 751 287 796 ⁴²
304 767 339 830 et
373 756 453 830 inde
485 757 658 850 Philippis,
687 775 778 847 quae
811 759 867 822 est
902 749 1012 844 prima
1045 762 1143 844 parte
1175 749 1403 824 Macedoniae
1437 749 1574 834 civitas,
1603 749 1748 822 colonia.

261 881 406 950 Eramus
444 887 559 948 autern
593 877 627 946 in
662 873 730 946 hac
766 873 856 944 urbe
890 869 1014 942 diebus
1051 873 1181 965 aliquot
1214 872 1441 944 conserentes.
1495 860 1520 904 ¹³
1535 869 1600 940 Die
1634 879 1748 942 autem

262 998 483 1070 sabbatorum
511 995 646 1088 egressi
672 1015 794 1066 sumus
821 993 916 1062 loras
942 1001 1078 1084 portam
1103 993 1200 1066 iuxta
1226 993 1363 1076 llumeu,
1391 991 1449 1062 ubi
1466 989 1650 1064 videbatur
1667 1013 1749 1064 ora-

262 1119 310 1190 tio
343 1139 440 1202 esse,
476 1127 512 1190 et
545 1116 711 1188 sedentes
747 1111 980 1206 loquebamur
1012 1113 1211 1186 mulieribus
1245 1134 1336 1205 quae
1370 1121 1614 1183 convenerant.
1666 1101 1691 1148 ¹⁸
1707 1111 1750 1184 Et

263 1239 435 1332 quaedam
462 1237 583 1312 mulier
608 1236 749 1306 nomine
775 1231 897 1326 Lydia,
924 1234 1126 1326 purpuraria
1152 1212 1298 1306 civitatis
1325 1230 1610 1326 Thyatirenorum
1629 1232 1749 1306 colens

263 1358 377 1444 deum,
405 1358 543 1442 audivit,
570 1356 666 1428 cuius
692 1351 857 1428 dominus
883 1353 1017 1444 aperuit
1042 1376 1103 1426 cor
1128 1329 1310 1428 intendere
1344 1352 1396 1422 bis
1429 1371 1519 1443 quae
1545 1349 1749 1430 dicebantur

264 1479 428 1552 aPaulo.
479 1469 504 1514 ¹⁵
522 1479 607 1548 Cum
641 1483 757 1546 autem
792 1471 966 1564 baptizata
999 1485 1160 1546 esset.et
1193 1475 1319 1548 domus
1352 1473 1443 1558 cius,
1476 1473 1663 1566 deprecata
1696 1457 1750 1546 est

264 1598 384 1670 diceus
412 1597 446 1668 Si
472 1595 650 1670 iudicastis
676 1615 735 1666 me
760 1591 901 1664 fidelem
928 1591 1070 1666 domiuo
1098 1615 1195 1680 esse,
1227 1594 1364 1666 introite
1397 1593 1431 1664 in
1465 1591 1606 1668 domum
1633 1615 1748 1666 meam

265 1728 300 1788 et
325 1726 475 1790 manete.
527 1717 569 1788 Et
595 1714 712 1808 coegit
737 1735 814 1786 nos.
868 1703 893 1750 ¹⁶
909 1713 1047 1787 Factum
1075 1723 1129 1786 est
1155 1723 1269 1788 autem
1297 1714 1456 1786 euntibus
1482 1714 1584 1786 nobis
1602 1714 1648 1788 ad
1666 1735 1747 1786 ora·-

266 1840 410 1920 tionem,
444 1839 593 1929 puellam
626 1833 801 1928 quandam
838 1833 1024 1906 habentem
1060 1837 1215 1929 spiritum
1249 1834 1425 1928 pithonem
1459 1835 1602 1906 obviare
1635 1835 1746 1920 nobis,

267 1979 357 2050 quae
384 1966 562 2048 quaestum
590 1975 753 2045 maguum
780 1953 981 2046 praestabat
1006 1955 1155 2026 dominis
1181 1956 1252 2026 suis
1279 1954 1489 2030 divinando..
1512 1947 1536 1990 Π
1549 1957 1645 2026 llaec
1662 1957 1747 2027 sub-

268 2086 385 2149 secuta
418 2075 558 2147 Paulum
589 2082 625 2143 et
658 2094 724 2144 nos
757 2073 930 2144 clamabat
962 2073 1082 2145 dicem
1116 2071 1173 2146 lsti
1208 2076 1366 2148 homines
1400 2077 1491 2147 servi
1524 2075 1582 2147 dei
1617 2077 1748 2146 excelsi

267 2207 360 2280 sunt,
388 2197 445 2288 qui
478 2195 678 2268 adnuntiant
710 2193 812 2264 vobis
850 2193 942 2264 viam
977 2195 1103 2265 salutis.
1156 2186 1273 2268 18Ηοε
1305 2205 1419 2266 autem
1454 2197 1602 2267 iaciebat
1634 2197 1747 2268 multis

267 2317 403 2388 diebus.
454 2315 583 2386 Dolens
610 2323 726 2386 autem
754 2311 879 2384 Paulus
905 2325 941 2386 et
966 2335 1159 2390 conversus
1192 2315 1322 2410 spiritui
1356 2315 1444 2386 dixit
1476 2315 1656 2410 Praecipio
1687 2316 1747 2386 tibi
1847 2303 1850 2312 ’

267 2438 467 2510 innomine
500 2435 577 2508 lesu
611 2431 734 2506 Christi
767 2433 865 2504 exire
898 2435 944 2506 ab
970 2457 1022 2508 ea.
1066 2438 1109 2508 Et
1134 2437 1219 2508 exiit
1244 2435 1370 2508 eadem
1395 2437 1491 2509 bora.
1544 2427 1747 2508 ⁴⁹Videntcs

268 2568 383 2632 autem
415 2555 545 2630 domiui
578 2553 653 2626 eius
684 2552 765 2645 quia
800 2553 906 2624 exivit
938 2577 1021 2649 spes
1060 2566 1225 2651 quaestus
1259 2578 1398 2642 eorum,
1441 2555 1747 2660 adprehendentes
1877 2652 1878 2658 ἵ

268 2679 407 2752 Paulum
435 2686 471 2748 et
497 2675 600 2748 Silam
628 2673 866 2767 perduxerunt
898 2667 964 2746 'ad
997 2677 1108 2748 lorum
1144 2677 1190 2750 ad
1222 2676 1411 2770 principes,
1462 2668 1747 2749 ”enunciantes

269 2821 333 2872 eos
358 2796 615 2888 magistratibus
641 2791 803 2866 dixerunt
828 2791 868 2862 lli
886 2792 1045 2868 homines
1063 2793 1269 2868 conturbant
1287 2797 1457 2870 ciuitatem
1475 2807 1640 2882 nostram,
1668 2817 1746 2868 curn

270 2919 335 2990 sint
361 2915 489 2998 ludaei,
532 2907 556 2953 ²¹
573 2924 609 2986 et
635 2913 835 2986 adnuntiant
861 2935 992 2987 morem
1021 2937 1124 3007 quem
1151 2937 1222 2988 uon
1248 2917 1327 2988 licet
1352 2917 1453 2988 nobis
1480 2917 1656 3011 suscipere
1682 2937 1745 2986 ne·
1778 2955 1783 2964 ·

270 3058 338 3130 que
365 3037 490 3119 lacere,
517 3056 595 3106 cum
623 3033 731 3106 simus
757 3031 909 3104 llomani.
960 3027 988 3074 ¹²
1002 3036 1046 3108 Et
1071 3038 1243 3108 concurrit
1268 3037 1369 3130 plebs
1400 3037 1570 3110 adversus
1604 3056 1683 3116 eos,
1711 3043 1746 3104 at.

271 3156 489 3248 magistratus
515 3154 632 3228 scissis
660 3153 781 3224 tunicis
807 3175 927 3228 eorum
954 3156 1126 3229 iusserunt
1153 3151 1281 3251 ’virgis
1301 3157 1417 3241 caedi,
1460 3149 1487 3194 ²³
1500 3165 1535 3226 et
1561 3177 1639 3226 cum
1656 3154 1745 3224 mul-

270 3287 323 3350 tus
350 3277 471 3370 plagas
497 3275 548 3351 eis
574 3273 829 3367 imposuissent,
856 3277 1021 3350 miserunt
1045 3299 1108 3349 eos
1133 3279 1168 3348 in
1194 3297 1381 3358 carcerem,
1408 3273 1656 3368 praecipientes
1683 3295 1745 3346 cu-

271 3395 364 3470 stodi
390 3405 427 3468 ut
452 3395 633 3488 diligenter
659 3392 847 3466 custodiret
873 3417 952 3480 eos,
996 3386 1022 3434 ²⁴
1039 3399 1098 3489 qui
1123 3419 1202 3470 cum
1228 3398 1296 3470 tale
1330 3403 1552 3490 praeceptum
1586 3394 1744 3487 accepis-

269 3527 332 3602 set,
359 3517 449 3590 misit
474 3537 538 3590 cos
563 3515 597 3586 in
625 3515 822 3588 interiorem
849 3537 1025 3590 carcerem
1056 3528 1092 3588 et
1117 3519 1228 3610 pedes
1255 3539 1376 3590 eorum
1403 3511 1557 3586 'strinxit
1582 3515 1616 3586 iu
1641 3515 1744 3606 liguo.

268 3631 297 3676 ’ὅ
313 3637 427 3712 Media
453 3646 569 3708 autom
595 3645 697 3706 nocte
724 3635 849 3708 Paulus
874 3647 910 3707 et
936 3639 1024 3710 Silas
1049 3638 1237 3712 adorantes
1263 3639 1367 3710 deum
1385 3636 1549 3730 hymnum
1567 3635 1744 3715 dicebaut;

272 3769 308 3830 et
341 3757 529 3830 audiebant
566 3777 630 3830 eos
663 3756 721 3848 qui
755 3755 789 3828 in
822 3758 978 3832 custodia
1010 3769 1117 3830 aram.
1169 3750 1196 3796 ’ὅ
1212 3751 1333 3830 Subito
1366 3778 1451 3828 vero
1485 3765 1598 3828 tarrae
1631 3769 1746 3831 motus

272 3881 380 3950 lactus
407 3887 461 3948 est
488 3899 643 3970 maguus,
670 3877 718 3948 ita
743 3885 780 3946 ut
805 3889 1026 3950 moverentur
1051 3879 1273 3952 hindamanta
1291 3879 1449 3960 carceris,
1476 3886 1512 3948 et
1528 3889 1649 3971 aperta
1667 3889 1747 3952 sunt

270 3997 383 4068 statim
410 3998 499 4072 ostia
525 3997 649 4081 omnia,
675 4007 711 4069 et
735 3996 974 4070 universorum
1000 3999 1135 4072 vincula
1161 4001 1271 4072 soluta
1297 4008 1384 4070 suut
1430 3989 1457 4036 ’l
1473 3997 1746 4092 Expergefactus

256 4129 387 4213 ,autem
414 4127 531 4192 custos
558 4119 708 4190 carceris
734 4125 770 4186 et
795 4115 919 4190 videus
945 4129 1085 4212 apertus
1111 4119 1230 4192 ianuas
1263 4119 1429 4203 carceris,
1461 4119 1643 4210 evaginato
1670 4119 1744 4211 gla-

274 4237 345 4310 dio·
359 4239 500 4310 volebat
525 4259 566 4310 se
590 4237 800 4320 interlicere,
826 4237 1013 4310 aestimans
1037 4239 1167 4333 fugisse
1192 4240 1337 4312 vinctos.
1387 4230 1415 4278 ²⁸
1432 4239 1597 4310 Clamavit
1622 4238 1748 4310 Paulus

272 4377 399 4450 magua
431 4379 519 4432 voce
552 4357 672 4432 dicens
705 4355 793 4428 Nihil
825 4359 904 4430 mali
937 4359 1001 4432 tibi
1034 4361 1172 4432 leceris:
1212 4359 1363 4432 universi
1403 4361 1493 4432 enim
1528 4359 1584 4430 hic
1616 4379 1746 4430 sumus.

271 4469 298 4514 ²⁰
314 4477 495 4572 Petitoque
527 4477 654 4552 lumine
688 4477 921 4570 introgressus
956 4489 1026 4566 est,
1061 4489 1097 4552 et
1130 4481 1351 4552 tremefactus
1382 4478 1530 4573 procidit
1564 4479 1610 4552 ad
1635 4480 1747 4572 pedes

274 4597 379 4672 Paulo
406 4609 441 4672 et
466 4600 573 4683 Silae,
615 4589 642 4638 ³⁰
659 4607 692 4670 et
717 4597 915 4692 producens
946 4621 1010 4672 eos
1035 4601 1127 4672 iores
1160 4599 1208 4672 ait
1238 4599 1389 4678 Domini,
1416 4599 1499 4692 quid
1526 4622 1582 4670 me
1609 4609 1747 4693 oportet

273 4719 388 4792 lacere
415 4729 452 4792 ut
477 4719 593 4794 salvus
619 4717 722 4790 liam?
764 4709 789 4756 ³¹
804 4717 849 4790 ht
872 4718 917 4790 illi
943 4719 1104 4792 dixenmt
1130 4719 1241 4790 Crede
1268 4719 1301 4788 in
1328 4719 1468 4792 domino
1495 4721 1587 4804 lesu,
1615 4731 1650 4791 et
1675 4721 1745 4794 sal-

271 4861 336 4910 vus
369 4841 439 4912 eris
471 4851 507 4914 tu
540 4850 576 4910 et
606 4839 732 4912 domus
764 4847 831 4910 tua.
884 4831 910 4876 ³²
924 4839 968 4911 m
999 4839 1102 4910 locuti
1134 4848 1213 4910 sunt
1243 4841 1275 4915 ei
1308 4809 1454 4911 velbum
1489 4839 1633 4924 domim,
1667 4861 1745 4912 cum

273 4961 433 5032 omnibus
466 4961 646 5054 quierant
677 4958 711 5030 in
744 4957 850 5032 domo
886 4959 969 5030 eius.
1020 4950 1047 4996 ³³
1063 4959 1104 5030 Et
1130 4959 1255 5043 tollens
1292 4962 1418 5050 cosin
1445 4961 1612 5033 illabere
1637 4961 1748 5032 noctis
1801 4976 1804 4987 ·

851 5080 932 5164 xvi,
963 5084 1001 5150 tl
1037 5121 1084 5132 —
1114 5083 1170 5152 33.
