4242 6118
845 1137 1367 1219 PRAEFATIO.

471 1397 589 1500 Lucas
616 1426 723 1520 Syrus
750 1429 903 1511 natione,
930 1423 1188 1509 Anthiocensis,
1216 1435 1290 1497 arte
1324 1424 1495 1514 modicus,
1535 1429 1721 1523 discipulus
1755 1451 1843 1523 apo-

369 1551 551 1632 stolorum,
586 1555 711 1639 postea
737 1544 877 1616 Paulum
904 1555 1060 1630 secutus,
1093 1566 1205 1638 usque
1237 1547 1283 1618 ad
1310 1547 1561 1620 contessionem
1589 1549 1662 1620 eius
1689 1549 1843 1622 serviens

369 1671 509 1744 domino
536 1668 609 1740 sine
636 1666 785 1738 crimine.
838 1667 926 1738 Nam
950 1685 1065 1760 neque
1094 1686 1239 1736 uxorem
1264 1687 1428 1758 umquam
1454 1667 1588 1742 habens
1612 1690 1728 1762 neque
1745 1667 1841 1754 lilios,

366 1791 507 1862 LXXllll
533 1809 701 1862 annorum
727 1786 812 1858 obiit
837 1786 871 1858 in
896 1786 1054 1882 Bythinia
1080 1787 1203 1880 plenus
1230 1786 1349 1880 spiritu
1375 1799 1505 1860 saneto.
1559 1790 1625 1876 Qui
1658 1811 1737 1860 cum
1772 1790 1840 1860 iam

368 1911 539 2004 descripta
566 1918 684 1980 essent
709 1905 901 1998 evangelia,
932 1927 996 2002 per
1029 1907 1216 1980 Mattheum
1251 1907 1390 2000 quidem
1424 1909 1459 1981 in
1490 1909 1627 1995 Iudaea,
1662 1931 1726 2004 per
1751 1909 1842 1982 blar-

325 2085 328 2093 a
367 2055 446 2106 cum
473 2040 589 2102 autem
614 2029 647 2100 in
672 2029 782 2113 ltalia,
811 2036 930 2098 sancto
956 2027 1139 2122 instigante
1173 2028 1294 2122 spiritu
1320 2021 1371 2098 'in
1403 2027 1555 2102 Achaiae
1588 2029 1744 2126 partibus
1775 2030 1843 2102 hoc

366 2151 519 2246 'scripsit
545 2150 770 2242 evangelium,
797 2146 990 2240 significans
1016 2147 1119 2218 etiam
1145 2147 1221 2242 ipse
1246 2149 1281 2220 in
1305 2149 1472 2244 principio
1499 2161 1578 2222 ante
1596 2150 1662 2222 alia
1676 2171 1759 2250 esse
1777 2149 1842 2222 de·

366 2274 509 2368 scripta:
542 2270 596 2342 cui
631 2278 729 2340 extra
764 2289 806 2340 ea
841 2289 930 2361 quae
965 2267 1054 2340 ordo
1090 2269 1311 2361 evangelicae
1343 2268 1580 2364 dispositionis
1614 2271 1774 2364 exposcit
1799 2291 1841 2341 ea

365 2393 518 2466 maxime
550 2389 741 2462 necessitas
775 2389 835 2460 luit
859 2389 988 2462 laboris
1016 2397 1053 2460 ut
1077 2389 1224 2480 primum
1259 2381 1410 2482 ‘graecis
1436 2389 1596 2464 fidelibus
1623 2391 1716 2464 omni
1742 2384 1840 2485 'per-

366 2513 514 2586 fectione
553 2510 687 2584 venturi
719 2509 753 2580 in
788 2531 892 2580 carne
925 2507 981 2582 dei
1014 2510 1229 2580 manifestata
1262 2531 1307 2580 ne
1339 2510 1482 2582 iudaicis
1514 2510 1638 2586 labidis
1664 2511 1780 2584 intenti
1807 2512 1840 2582 in

366 2631 441 2706 solo
468 2631 555 2724 legis
581 2629 756 2702 desiderio
792 2639 987 2701 tenerentur
1019 2650 1110 2700 neve
1141 2629 1300 2700 hereticis
1326 2629 1449 2702 labidis
1483 2640 1517 2702 et
1543 2631 1653 2704 stultis
1678 2631 1839 2704 sollicita-

365 2753 514 2826 tionibus
540 2750 672 2822 seducti
698 2749 912 2822 excederent
937 2771 957 2821 a
984 2749 1128 2822 ueritate
1156 2749 1368 2822 elaboraret:
1404 2749 1528 2822 dehinc
1554 2752 1649 2824 utin
1674 2752 1839 2848 principio

366 2872 536 2965 evangelii
566 2869 723 2942 Iohannis
757 2869 931 2942 nativitate
964 2880 1179 2962 praesumta,
1218 2871 1271 2942 cui
1305 2871 1522 2963 evangelium
1555 2872 1723 2944 scriberet
1748 2883 1782 2943 et
1808 2873 1840 2944 in

242 3067 245 3076 p
366 3017 435 3088 quo
462 2995 592 3064 electus
619 2990 786 3062 scriberet
803 2987 986 3076 indicaret,
1013 2999 1210 3062 contestans
1236 2990 1270 3060 in
1297 3012 1336 3062 se
1363 2992 1534 3085 completa
1562 3013 1642 3064 esse
1668 3015 1758 3086 quae
1782 3015 1839 3064 es-

366 3125 443 3186 sent
469 3113 514 3186 ab
542 3111 615 3182 aliis
640 3110 808 3182 inchoata.
862 3109 922 3180 Cui
947 3109 1028 3182 ideo
1055 3120 1136 3204 post
1166 3110 1375 3204 baptismum
1408 3109 1466 3182 filii
1499 3111 1557 3184 dei
1583 3134 1605 3184 a
1629 3115 1841 3208 perfectione

366 3232 595 3328 generationis
621 3231 655 3302 in
681 3231 814 3302 Christo
841 3230 1002 3324 impletae
1029 3241 1064 3302 et
1088 3230 1301 3324 repetendae
1327 3253 1348 3302 a
1373 3231 1539 3326 principio
1565 3233 1748 3306 natimtatis
1774 3233 1839 3304 hu-

365 3376 491 3430 manae
517 3361 673 3448 potestas
699 3351 869 3446 permissa
895 3360 957 3436 est,
984 3360 1022 3422 ut
1046 3351 1297 3444 requirentibus
1330 3351 1585 3426 demonstraret
1616 3355 1746 3448 inquo
1774 3353 1839 3424 ad-

366 3473 585 3570 prehendens
612 3482 686 3544 erat
712 3493 775 3566 per
799 3471 934 3544 Nathan
959 3469 1064 3544 lilium
1089 3471 1226 3544 introitu
1260 3474 1466 3546 monimentis
1499 3474 1533 3546 in
1560 3474 1665 3546 deum
1690 3494 1840 3567 genera-

367 3594 467 3666 tionis
494 3593 648 3666 admisso
674 3587 928 3686 indispertibilis
947 3591 1014 3676 dei,
1039 3591 1246 3686 praedicans
1271 3593 1306 3664 in
1327 3592 1522 3688 hominibus
1546 3595 1714 3668 Christum
1740 3616 1840 3666 snum

364 3714 505 3807 perlecti
539 3734 627 3808 opus
662 3706 825 3786 'hominis
858 3712 972 3786 redire
1006 3712 1041 3782 in
1071 3733 1113 3784 se
1144 3733 1207 3806 per
1237 3712 1342 3786 lilium
1372 3715 1517 3798 laceret,
1550 3715 1606 3807 qui
1640 3736 1703 3808 per
1728 3713 1840 3786 David

366 3843 501 3928 patrem
527 3833 743 3905 venientibus
777 3835 840 3906 iter
873 3831 1065 3926 praebebat
1097 3832 1130 3902 in
1165 3833 1309 3906 Christo.
1363 3834 1423 3905 Cui
1448 3835 1563 3906 Lucae
1587 3856 1658 3906 non
1683 3833 1839 3906 inmerito

367 3953 471 4026 etiam
504 3952 765 4026 scribendorum
802 3953 1071 4046 apostolicorum
1105 3961 1242 4024 actuum
1274 3963 1431 4048 potestas
1463 3954 1497 4026 in
1529 3955 1695 4048 mysterio
1728 3953 1838 4040 datur,

368 4084 404 4146 ut
429 4074 498 4146 deo
525 4074 559 4144 in
584 4073 688 4146 deum
714 4075 818 4168 pleno
845 4093 886 4144 ac
912 4071 981 4144 filio
1007 4071 1210 4165 proditionis
1236 4073 1402 4159 extincto,
1430 4075 1584 4146 oratione
1610 4074 1656 4146 ab
1673 4075 1858 4168 apostolis¹

367 4195 455 4268 facta
481 4203 576 4266 sorte
603 4195 746 4297 domini¹
759 4191 935 4266 electionis
962 4213 1125 4264 numerus
1157 4194 1402 4286 compleretur,
1444 4195 1564 4290 sicque
1596 4194 1722 4268 Paulus
1754 4217 1838 4268 con-

368 4316 630 4388 summationem
656 4313 854 4410 apostolicis
882 4312 1015 4384 actibus
1042 4312 1150 4398 daret,
1178 4335 1282 4406 quem
1309 4314 1368 4385 diu
1394 4325 1514 4388 contra
1547 4315 1702 4388 stimulos
1727 4316 1839 4388 recal-

367 4435 544 4508 citrantem
577 4435 736 4508 dominus
771 4433 941 4525 elegisset
996 4433 1099 4518 Quod
1132 4434 1328 4528 legentibus
1362 4455 1405 4506 ac
1443 4435 1696 4528 requirentibus
1735 4437 1839 4509 deum

368 4557 434 4628 etsi
459 4577 523 4650 per
549 4556 680 4650 singula
708 4551 866 4648 expediri
891 4575 912 4624 a
938 4552 1038 4624 nohis
1064 4553 1144 4624 utile
1169 4555 1288 4639 luerat
1315 4554 1463 4626 scientes
1489 4563 1607 4628 amen
1632 4554 1725 4650 quod
1752 4577 1839 4652 ope-

367 4687 501 4750 rantem
534 4678 722 4772 agricolam
755 4683 914 4770 oporteat
948 4673 993 4745 de
1026 4675 1189 4746 fructibus
1223 4674 1296 4745 suis
1329 4674 1451 4762 edere,
1485 4675 1634 4748 vitamus
1667 4677 1840 4771 publicam

368 4799 608 4886 curiositatem,
635 4819 679 4870 ne
705 4819 775 4870 non
801 4787 877 4866 tam
896 4793 1134 4866 demonstrare
1160 4794 1355 4866 volentibus
1382 4795 1486 4870 deum
1512 4797 1711 4870 videremur
1737 4819 1840 4892 quam

365 4917 615 4992 fastidientibus
641 4919 810 5014 prodisse.
1636 4901 1641 4922 ’

1015 5049 1185 5114 EXPLICIT

955 5282 1256 5293 ------———--
