4220 6124
601 1564 750 1636 mcum
776 1562 836 1635 nn
864 1563 1291 1638 nnnssmoucausns
1308 1544 1353 1635 'n'-

353 1791 691 1892 Tbessalonicenses
724 1831 802 1892 sunt
833 1820 1067 1894 Machodones
1100 1815 1151 1892 'in
1185 1820 1317 1893 Christo
1352 1822 1449 1905 lesu,
1490 1821 1548 1913 qui
1580 1832 1723 1916 accepto

250 1941 359 2012 verbo
385 1940 538 2012 veritatis
562 1941 782 2032 perstiterunt
806 1942 841 2012 in
866 1940 936 2013 fide
962 1942 1065 2013 etiam
1090 1941 1125 2011 in
1150 1942 1394 2034 persecutione
1421 1941 1544 2012 civium
1570 1963 1723 2026 suomm,

249 2069 430 2154 praeterea
464 2081 530 2132 neo
563 2071 768 2154 recepenmt
801 2081 844 2132 ea
877 2083 966 2154 quae
1001 2082 1022 2131 a
1054 2060 1148 2133 falsis
1182 2062 1347 2156 apostolis
1383 2061 1594 2134 dicebantur.
1652 2063 1723 2132 llos

250 2181 432 2254 conlaudat
458 2184 655 2276 apostolus,
684 2181 839 2254 scribens
866 2181 918 2252 eis
943 2181 988 2252 ab
1012 2179 1165 2254 Athenis.

753 2315 924 2380 nxnucrn
945 2313 1215 2406 mcuununuu.

608 2659 610 2662 .
752 2591 963 2664 lNClPlUNT
997 2589 1215 2664 CAPITULA.

349 2814 371 2883 l.
399 2813 451 2884 De
478 2814 637 2907 apostolo
664 2823 699 2885 et
725 2809 881 2886 'silvano
908 2824 944 2885 et
961 2813 1141 2886 Timotheo
1159 2835 1224 2909 pro
1242 2813 1605 2887 Thessalonicensibus
1630 2833 1723 2882 sem-

399 2935 676 3026 perorantibus.

337 3053 372 3121 ll.
399 3053 452 3123 De
486 3052 555 3124 fide
582 3053 937 3126 Thessalonicensium
971 3053 1149 3147 singulari,
1185 3062 1220 3124 et
1254 3053 1350 3146 quod
1376 3053 1573 3145 exemplum
1601 3051 1724 3122 ceteris

401 3171 560 3262 gentibus
585 3173 708 3245 fuerint
734 3173 790 3248 ad.
806 3159 1044 3244 'credendum

325 3291 374 3360 lll.
401 3291 453 3361 De
479 3291 697 3383 passionibus
724 3293 961 3385 apostolorum
988 3301 1024 3364 et
1048 3289 1262 3364 contumeliis
1289 3292 1324 3363 in
1349 3291 1521 3384 Philippis.

170 3507 173 3512 Ι
312 3409 375 3480 1111.
401 3409 454 3481 De
487 3411 681 3483 sinceritate
715 3411 878 3506 apostoli:
912 3421 947 3483 et
979 3411 1075 3506 quod
1107 3433 1178 3484 non
1211 3409 1405 3484 hominibus
1440 3409 1646 3504 placendum
1680 3408 1724 3478 sit

400 3531 465 3602 sed
491 3531 632 3604 domino
659 3531 737 3604 deo.

335 3651 384 3720 V:
400 3651 452 3722 De
479 3653 648 3746 apostolo,
677 3675 755 3724 cum
780 3651 891 3746 possit
918 3653 1014 3724 oneri
1040 3673 1121 3724 esse
1146 3661 1322 3746 tamquam
1348 3651 1477 3724 domini
1495 3649 1617 3722 Christi
1635 3670 1723 3742 apo-

281 3838 283 3847 .
401 3773 528 3857 stolus,
563 3781 678 3844 tamen
705 3771 937 3846 adulationem
963 3781 999 3844 et
1024 3773 1201 3846 avaritiam
1228 3784 1263 3845 et
1287 3773 1431 3867 gloriam
1459 3772 1503 3843 ab
1529 3767 1724 3841 hominibus

401 3893 582 3965 abnuente.

321 4015 371 4087 Vl.
397 4015 450 4088 De
476 4013 635 4108 apostolo
661 4035 828 4109 nequem
845 4023 1006 4108 gravamt
1032 4012 1156 4086 diebus
1183 4034 1225 4084 ac
1250 4013 1408 4086 noctibus
1433 4013 1590 4085 manibus
1616 4005 1723 4105 'ope-
1839 4091 1842 4104 .
1987 4053 1989 4063 ,

399 4146 541 4208 nantem.

308 4255 371 4326 llll.
398 4257 450 4328 De
481 4257 532 4326 ira
562 4255 620 4327 dei
647 4277 752 4350 super
788 4254 952 4340 ludaeos,
988 4275 1032 4326 eo
1065 4255 1160 4348 quod
1194 4255 1442 4328 'interfecerint
1474 4252 1650 4326 dominum
1690 4261 1725 4322 et

400 4374 588 4468 propbetas
614 4383 650 4446 et
675 4376 855 4471 apostolos
882 4375 1003 4446 luerim
1027 4376 1208 4468 persecuti.

296 4493 373 4564 Vlll.
399 4495 452 4565 De
485 4495 633 4588 apostoli
666 4493 840 4568 desiderio
879 4494 1039 4567 veniendi
1078 4494 1123 4567 ad
1156 4495 1481 4568 Thessalonicenses
1522 4502 1557 4565 et
1594 4491 1723 4563 diaboli

398 4613 653 4710 impedimento.
772 4627 775 4634 ’

319 4735 372 4806 ΙΧ.
398 4735 451 4807 lle
483 4735 618 4820 sanctis,
652 4735 747 4828 quod
772 4737 806 4806 in
833 4736 1105 4809 tribulationibus
1131 4736 1263 4807 moveri
1290 4759 1359 4809 non
1385 4737 1537 4809 debeant
1563 4734 1629 4806 sed
1654 4755 1721 4826 po-

399 4857 464 4926 tius
491 4855 685 4948 provocari.

331 4973 371 5044 Χ.
398 4975 450 5046 De
476 4985 692 5069 temptatore.

320 5093 373 5164 Xl.
399 5097 451 5167 De
477 5095 840 5168 Thessalonicensibus
866 5096 1062 5190 apostolum
1087 5095 1208 5169 videre
1234 5097 1456 5191 cupientibus.

306 5213 372 5286 llll.
399 5217 451 5286 De
484 5218 644 5312 apostolo
672 5216 846 5310 gaudente
871 5237 937 5312 pro
965 5216 1329 5290 Thessalonicensibus
1357 5205 1423 5290 ‘etx
1436 5217 1482 5292 ad
1508 5217 1612 5290 deum
1639 5237 1722 5310 pre-

402 5357 460 5410 ces
486 5347 521 5410 et
546 5338 674 5430 gratias
700 5339 877 5412 referente.
