<?xml version="1.0" encoding="UTF-8"?>
<!DOCTYPE html PUBLIC "-//W3C//DTD XHTML 1.0 Transitional//EN"
    "http://www.w3.org/TR/xhtml1/DTD/xhtml1-transitional.dtd">
<html xmlns="http://www.w3.org/1999/xhtml" xml:lang="en" lang="en">
 <head>
  <title>
</title>
<meta http-equiv="Content-Type" content="text/html;charset=utf-8" />
  <meta name='ocr-system' content='tesseract 3.04.00' />
  <meta name='ocr-capabilities' content='ocr_page ocr_carea ocr_par ocr_line ocrx_word'/>
</head>
<body>
  <div class='ocr_page' id='page_1' title='image "./novumtestamentu02tiscgoog_0074.png"; bbox 0 0 4102 6128; ppageno 0'>
   <div class='ocr_carea' id='block_1_1' title="bbox 529 408 1720 501">
    <p class='ocr_par' dir='ltr' id='par_1_1' title="bbox 529 408 1720 501">
     <span class='ocr_line' id='line_1_1' title="bbox 529 408 1720 501; baseline 0.003 -21"><span class='ocrx_word' id='word_1_1' title='bbox 529 408 532 422; x_wconf 88' lang='grc'>·</span> <span class='ocrx_word' id='word_1_2' title='bbox 605 413 842 482; x_wconf 78' lang='lat' dir='ltr'>nvmontnnr</span> <span class='ocrx_word' id='word_1_3' title='bbox 870 409 1081 480; x_wconf 80' lang='lat' dir='ltr'>snconnon</span> <span class='ocrx_word' id='word_1_4' title='bbox 1108 415 1319 482; x_wconf 71' lang='lat' dir='ltr'>numanum</span> <span class='ocrx_word' id='word_1_5' title='bbox 1672 429 1720 501; x_wconf 75' lang='lat'>23</span> 
     </span>
    </p>
   </div>
   <div class='ocr_carea' id='block_1_2' title="bbox 194 616 1848 2282">
    <p class='ocr_par' dir='ltr' id='par_1_2' title="bbox 194 616 1848 2282">
     <span class='ocr_line' id='line_1_2' title="bbox 197 616 1723 726; baseline 0.01 -37"><span class='ocrx_word' id='word_1_6' title='bbox 197 651 285 726; x_wconf 63' lang='lat' dir='ltr'>ergo</span> <span class='ocrx_word' id='word_1_7' title='bbox 319 627 441 696; x_wconf 88' lang='lat' dir='ltr'>lumen</span> <span class='ocrx_word' id='word_1_8' title='bbox 484 620 590 708; x_wconf 87' lang='lat' dir='ltr'>quod</span> <span class='ocrx_word' id='word_1_9' title='bbox 624 621 657 694; x_wconf 94' lang='lat' dir='ltr'>in</span> <span class='ocrx_word' id='word_1_10' title='bbox 688 633 722 692; x_wconf 89' lang='lat' dir='ltr'>te</span> <span class='ocrx_word' id='word_1_11' title='bbox 760 626 814 690; x_wconf 91' lang='lat' dir='ltr'>est</span> <span class='ocrx_word' id='word_1_12' title='bbox 848 616 1021 690; x_wconf 87' lang='lat' dir='ltr'>tenebrae</span> <span class='ocrx_word' id='word_1_13' title='bbox 1061 629 1160 704; x_wconf 90' lang='lat' dir='ltr'>sunt,</span> <span class='ocrx_word' id='word_1_14' title='bbox 1202 625 1376 697; x_wconf 80' lang='lat' dir='ltr'>tenebrae</span> <span class='ocrx_word' id='word_1_15' title='bbox 1419 639 1573 720; x_wconf 90' lang='lat' dir='ltr'>quantae</span> <span class='ocrx_word' id='word_1_16' title='bbox 1615 647 1723 710; x_wconf 87' lang='lat' dir='ltr'>erunt.</span> 
     </span>
     <span class='ocr_line' id='line_1_3' title="bbox 194 733 1726 830; baseline 0.008 -13"><span class='ocrx_word' id='word_1_17' title='bbox 194 741 314 800; x_wconf 52' lang='grc' dir='ltr'>ΜΗ)</span> <span class='ocrx_word' id='word_1_18' title='bbox 331 745 450 816; x_wconf 92' lang='lat' dir='ltr'>Nemo</span> <span class='ocrx_word' id='word_1_19' title='bbox 478 747 608 830; x_wconf 86' lang='lat' dir='ltr'>potest</span> <span class='ocrx_word' id='word_1_20' title='bbox 633 742 768 814; x_wconf 89' lang='lat' dir='ltr'>duobus</span> <span class='ocrx_word' id='word_1_21' title='bbox 794 733 942 810; x_wconf 91' lang='lat' dir='ltr'>dominis</span> <span class='ocrx_word' id='word_1_22' title='bbox 968 737 1134 810; x_wconf 86' lang='lat' dir='ltr'>servire:</span> <span class='ocrx_word' id='word_1_23' title='bbox 1163 752 1224 813; x_wconf 92' lang='lat' dir='ltr'>aut</span> <span class='ocrx_word' id='word_1_24' title='bbox 1251 745 1346 817; x_wconf 93' lang='lat' dir='ltr'>enim</span> <span class='ocrx_word' id='word_1_25' title='bbox 1372 769 1479 820; x_wconf 91' lang='lat' dir='ltr'>unum</span> <span class='ocrx_word' id='word_1_26' title='bbox 1505 752 1588 826; x_wconf 93' lang='lat' dir='ltr'>odio</span> <span class='ocrx_word' id='word_1_27' title='bbox 1612 754 1726 830; x_wconf 87' lang='lat' dir='ltr'>babe-</span> 
     </span>
     <span class='ocr_line' id='line_1_4' title="bbox 196 855 1726 952; baseline 0.003 -4"><span class='ocrx_word' id='word_1_28' title='bbox 196 875 246 948; x_wconf 94' lang='lat' dir='ltr'>bit</span> <span class='ocrx_word' id='word_1_29' title='bbox 271 881 306 944; x_wconf 90' lang='lat' dir='ltr'>et</span> <span class='ocrx_word' id='word_1_30' title='bbox 333 867 486 940; x_wconf 87' lang='lat' dir='ltr'>alterum</span> <span class='ocrx_word' id='word_1_31' title='bbox 518 859 653 952; x_wconf 90' lang='lat' dir='ltr'>diliget,</span> <span class='ocrx_word' id='word_1_32' title='bbox 681 871 740 935; x_wconf 88' lang='lat' dir='ltr'>aut</span> <span class='ocrx_word' id='word_1_33' title='bbox 764 880 868 932; x_wconf 90' lang='lat' dir='ltr'>unum</span> <span class='ocrx_word' id='word_1_34' title='bbox 894 855 1088 927; x_wconf 80' lang='lat' dir='ltr'>sustinebit</span> <span class='ocrx_word' id='word_1_35' title='bbox 1125 867 1161 928; x_wconf 92' lang='lat' dir='ltr'>et</span> <span class='ocrx_word' id='word_1_36' title='bbox 1195 862 1346 936; x_wconf 89' lang='lat' dir='ltr'>alterum</span> <span class='ocrx_word' id='word_1_37' title='bbox 1381 880 1588 946; x_wconf 88' lang='lat' dir='ltr'>contemnet.</span> <span class='ocrx_word' id='word_1_38' title='bbox 1648 880 1726 952; x_wconf 92' lang='lat' dir='ltr'>Non</span> 
     </span>
     <span class='ocr_line' id='line_1_5' title="bbox 197 966 1848 1092; baseline 0 -24"><span class='ocrx_word' id='word_1_39' title='bbox 197 992 342 1092; x_wconf 89' lang='lat' dir='ltr'>potestis</span> <span class='ocrx_word' id='word_1_40' title='bbox 369 987 441 1060; x_wconf 92' lang='lat' dir='ltr'>deo</span> <span class='ocrx_word' id='word_1_41' title='bbox 469 981 619 1054; x_wconf 88' lang='lat' dir='ltr'>servire</span> <span class='ocrx_word' id='word_1_42' title='bbox 647 993 683 1055; x_wconf 91' lang='lat' dir='ltr'>et</span> <span class='ocrx_word' id='word_1_43' title='bbox 708 999 899 1074; x_wconf 86' lang='lat' dir='ltr'>mamonae.</span> <span class='ocrx_word' id='word_1_44' title='bbox 950 967 981 1014; x_wconf 74' lang='lat'>¹⁵</span> <span class='ocrx_word' id='word_1_45' title='bbox 999 966 1081 1020; x_wconf 67' lang='lat'>“⁹⁸⁵³</span> <span class='ocrx_word' id='word_1_46' title='bbox 1101 977 1189 1051; x_wconf 89' lang='lat' dir='ltr'>ldeo</span> <span class='ocrx_word' id='word_1_47' title='bbox 1219 981 1300 1054; x_wconf 92' lang='lat' dir='ltr'>dico</span> <span class='ocrx_word' id='word_1_48' title='bbox 1319 985 1429 1073; x_wconf 90' lang='lat' dir='ltr'>vobis,</span> <span class='ocrx_word' id='word_1_49' title='bbox 1456 1013 1501 1062; x_wconf 90' lang='lat' dir='ltr'>nc</span> <span class='ocrx_word' id='word_1_50' title='bbox 1519 997 1651 1072; x_wconf 80' lang='lat' dir='ltr'>solliciti</span> <span class='ocrx_word' id='word_1_51' title='bbox 1675 1003 1726 1073; x_wconf 85' lang='lat' dir='ltr'>si·</span> <span class='ocrx_word' id='word_1_52' title='bbox 1843 1047 1848 1068; x_wconf 91' lang='lat'>.</span> 
     </span>
     <span class='ocr_line' id='line_1_6' title="bbox 198 1098 1722 1206; baseline -0.009 -16"><span class='ocrx_word' id='word_1_53' title='bbox 198 1120 242 1190; x_wconf 90' lang='lat' dir='ltr'>tis</span> <span class='ocrx_word' id='word_1_54' title='bbox 267 1114 404 1187; x_wconf 85' lang='lat' dir='ltr'>animae</span> <span class='ocrx_word' id='word_1_55' title='bbox 431 1113 585 1180; x_wconf 86' lang='lat' dir='ltr'>vestrae</span> <span class='ocrx_word' id='word_1_56' title='bbox 617 1103 705 1196; x_wconf 92' lang='lat' dir='ltr'>quid</span> <span class='ocrx_word' id='word_1_57' title='bbox 738 1098 965 1182; x_wconf 80' lang='lat' dir='ltr'>manducetis,</span> <span class='ocrx_word' id='word_1_58' title='bbox 1013 1117 1134 1188; x_wconf 86' lang='lat' dir='ltr'>neque</span> <span class='ocrx_word' id='word_1_59' title='bbox 1168 1105 1312 1198; x_wconf 81' lang='lat' dir='ltr'>corpori</span> <span class='ocrx_word' id='word_1_60' title='bbox 1346 1119 1464 1181; x_wconf 92' lang='lat' dir='ltr'>vestro</span> <span class='ocrx_word' id='word_1_61' title='bbox 1491 1115 1722 1206; x_wconf 64' lang='lat' dir='ltr'>quid-indua.</span> 
     </span>
     <span class='ocr_line' id='line_1_7' title="bbox 199 1224 1786 1326; baseline 0.003 -16"><span class='ocrx_word' id='word_1_62' title='bbox 199 1237 288 1312; x_wconf 91' lang='lat' dir='ltr'>mini.</span> <span class='ocrx_word' id='word_1_63' title='bbox 340 1233 464 1304; x_wconf 90' lang='lat' dir='ltr'>Nonne</span> <span class='ocrx_word' id='word_1_64' title='bbox 492 1224 623 1299; x_wconf 87' lang='lat' dir='ltr'>anima</span> <span class='ocrx_word' id='word_1_65' title='bbox 653 1225 731 1320; x_wconf 91' lang='lat' dir='ltr'>plus</span> <span class='ocrx_word' id='word_1_66' title='bbox 757 1233 810 1294; x_wconf 94' lang='grc' dir='ltr'>εει</span> <span class='ocrx_word' id='word_1_67' title='bbox 836 1241 939 1315; x_wconf 85' lang='lat' dir='ltr'>quam</span> <span class='ocrx_word' id='word_1_68' title='bbox 969 1237 1070 1302; x_wconf 85' lang='lat' dir='ltr'>esca,</span> <span class='ocrx_word' id='word_1_69' title='bbox 1102 1232 1140 1292; x_wconf 92' lang='grc' dir='ltr'><strong>ει</strong></span> <span class='ocrx_word' id='word_1_70' title='bbox 1165 1229 1298 1318; x_wconf 86' lang='lat' dir='ltr'>corpus</span> <span class='ocrx_word' id='word_1_71' title='bbox 1323 1227 1401 1320; x_wconf 92' lang='lat' dir='ltr'>plus</span> <span class='ocrx_word' id='word_1_72' title='bbox 1434 1241 1489 1301; x_wconf 91' lang='lat' dir='ltr'>est</span> <span class='ocrx_word' id='word_1_73' title='bbox 1519 1255 1622 1326; x_wconf 88' lang='lat' dir='ltr'>quam</span> <span class='ocrx_word' id='word_1_74' title='bbox 1655 1264 1720 1313; x_wconf 88' lang='lat' dir='ltr'>ve·</span> <span class='ocrx_word' id='word_1_75' title='bbox 1783 1274 1786 1285; x_wconf 64' lang='lat'><strong><em>¹</em></strong></span> 
     </span>
     <span class='ocr_line' id='line_1_8' title="bbox 201 1339 1717 1448; baseline -0.01 -17"><span class='ocrx_word' id='word_1_76' title='bbox 201 1355 424 1431; x_wconf 86' lang='lat' dir='ltr'>stimentum‘l</span> <span class='ocrx_word' id='word_1_77' title='bbox 476 1340 505 1388; x_wconf 60' lang='grc' dir='ltr'>’ὓ</span> <span class='ocrx_word' id='word_1_78' title='bbox 520 1345 716 1438; x_wconf 87' lang='lat' dir='ltr'>Respicite</span> <span class='ocrx_word' id='word_1_79' title='bbox 742 1345 891 1418; x_wconf 84' lang='lat' dir='ltr'>volatilia</span> <span class='ocrx_word' id='word_1_80' title='bbox 918 1339 1022 1422; x_wconf 81' lang='lat' dir='ltr'>caeli,</span> <span class='ocrx_word' id='word_1_81' title='bbox 1051 1344 1220 1432; x_wconf 87' lang='lat' dir='ltr'>quoniam</span> <span class='ocrx_word' id='word_1_82' title='bbox 1255 1366 1326 1416; x_wconf 91' lang='lat' dir='ltr'>non</span> <span class='ocrx_word' id='word_1_83' title='bbox 1358 1359 1476 1422; x_wconf 89' lang='lat' dir='ltr'>serunt</span> <span class='ocrx_word' id='word_1_84' title='bbox 1500 1375 1614 1448; x_wconf 84' lang='lat' dir='ltr'>neque</span> <span class='ocrx_word' id='word_1_85' title='bbox 1641 1381 1717 1432; x_wconf 66' lang='lat' dir='ltr'>me.</span> 
     </span>
     <span class='ocr_line' id='line_1_9' title="bbox 199 1465 1714 1572; baseline -0.005 -19"><span class='ocrx_word' id='word_1_86' title='bbox 199 1467 274 1553; x_wconf 69' lang='lat' dir='ltr'>&#39;tunt</span> <span class='ocrx_word' id='word_1_87' title='bbox 305 1495 421 1569; x_wconf 90' lang='lat' dir='ltr'>neque</span> <span class='ocrx_word' id='word_1_88' title='bbox 457 1475 691 1562; x_wconf 86' lang='lat' dir='ltr'>congregant</span> <span class='ocrx_word' id='word_1_89' title='bbox 724 1465 759 1536; x_wconf 94' lang='lat' dir='ltr'>in</span> <span class='ocrx_word' id='word_1_90' title='bbox 792 1465 937 1552; x_wconf 86' lang='lat' dir='ltr'>horrea,</span> <span class='ocrx_word' id='word_1_91' title='bbox 973 1473 1012 1536; x_wconf 89' lang='lat' dir='ltr'>et</span> <span class='ocrx_word' id='word_1_92' title='bbox 1037 1473 1142 1558; x_wconf 87' lang='lat' dir='ltr'>pater</span> <span class='ocrx_word' id='word_1_93' title='bbox 1174 1475 1297 1537; x_wconf 85' lang='lat' dir='ltr'>vester</span> <span class='ocrx_word' id='word_1_94' title='bbox 1322 1469 1482 1541; x_wconf 87' lang='lat' dir='ltr'>caelestis</span> <span class='ocrx_word' id='word_1_95' title='bbox 1506 1477 1617 1572; x_wconf 82' lang='lat' dir='ltr'>pascit</span> <span class='ocrx_word' id='word_1_96' title='bbox 1641 1480 1714 1552; x_wconf 81' lang='lat' dir='ltr'>illa:</span> 
     </span>
     <span class='ocr_line' id='line_1_10' title="bbox 203 1576 1713 1690; baseline -0.011 -18"><span class='ocrx_word' id='word_1_97' title='bbox 203 1621 316 1672; x_wconf 91' lang='lat' dir='ltr'>nonne</span> <span class='ocrx_word' id='word_1_98' title='bbox 342 1617 411 1668; x_wconf 88' lang='lat' dir='ltr'>vos</span> <span class='ocrx_word' id='word_1_99' title='bbox 437 1591 551 1684; x_wconf 90' lang='lat' dir='ltr'>magis</span> <span class='ocrx_word' id='word_1_100' title='bbox 579 1585 708 1680; x_wconf 90' lang='lat' dir='ltr'>plures</span> <span class='ocrx_word' id='word_1_101' title='bbox 727 1587 811 1658; x_wconf 89' lang='lat' dir='ltr'>estis</span> <span class='ocrx_word' id='word_1_102' title='bbox 829 1586 915 1658; x_wconf 87' lang='lat' dir='ltr'>illis‘l</span> <span class='ocrx_word' id='word_1_103' title='bbox 958 1576 988 1622; x_wconf 67' lang='grc' dir='ltr'>’Π</span> <span class='ocrx_word' id='word_1_104' title='bbox 1007 1584 1092 1671; x_wconf 85' lang='lat' dir='ltr'>Quis</span> <span class='ocrx_word' id='word_1_105' title='bbox 1119 1595 1239 1658; x_wconf 90' lang='lat' dir='ltr'>antem</span> <span class='ocrx_word' id='word_1_106' title='bbox 1267 1597 1422 1660; x_wconf 88' lang='lat' dir='ltr'>vestrum</span> <span class='ocrx_word' id='word_1_107' title='bbox 1448 1591 1604 1684; x_wconf 88' lang='lat' dir='ltr'>cogitans</span> <span class='ocrx_word' id='word_1_108' title='bbox 1630 1610 1713 1690; x_wconf 70' lang='lat' dir='ltr'>por„</span> 
     </span>
     <span class='ocr_line' id='line_1_11' title="bbox 205 1699 1710 1810; baseline -0.005 -18"><span class='ocrx_word' id='word_1_109' title='bbox 205 1731 259 1792; x_wconf 89' lang='lat' dir='ltr'>est</span> <span class='ocrx_word' id='word_1_110' title='bbox 284 1718 428 1791; x_wconf 89' lang='lat' dir='ltr'>adicere</span> <span class='ocrx_word' id='word_1_111' title='bbox 457 1711 505 1786; x_wconf 91' lang='lat' dir='ltr'>ad</span> <span class='ocrx_word' id='word_1_112' title='bbox 530 1715 707 1780; x_wconf 85' lang='lat' dir='ltr'>staturam</span> <span class='ocrx_word' id='word_1_113' title='bbox 735 1729 834 1778; x_wconf 91' lang='lat' dir='ltr'>suam</span> <span class='ocrx_word' id='word_1_114' title='bbox 861 1707 1012 1778; x_wconf 90' lang='lat' dir='ltr'>cubitum</span> <span class='ocrx_word' id='word_1_115' title='bbox 1039 1710 1172 1778; x_wconf 82' lang='lat' dir='ltr'>unum?</span> <span class='ocrx_word' id='word_1_116' title='bbox 1226 1699 1255 1744; x_wconf 77' lang='lat'>’⁸</span> <span class='ocrx_word' id='word_1_117' title='bbox 1270 1707 1314 1778; x_wconf 86' lang='lat' dir='ltr'>Et</span> <span class='ocrx_word' id='word_1_118' title='bbox 1340 1708 1386 1780; x_wconf 92' lang='lat' dir='ltr'>de</span> <span class='ocrx_word' id='word_1_119' title='bbox 1403 1713 1608 1786; x_wconf 91' lang='lat' dir='ltr'>vestimento</span> <span class='ocrx_word' id='word_1_120' title='bbox 1627 1719 1710 1810; x_wconf 89' lang='lat' dir='ltr'>quid</span> 
     </span>
     <span class='ocr_line' id='line_1_12' title="bbox 205 1825 1708 1920; baseline -0.003 -6"><span class='ocrx_word' id='word_1_121' title='bbox 205 1839 337 1914; x_wconf 82' lang='lat' dir='ltr'>solliciti</span> <span class='ocrx_word' id='word_1_122' title='bbox 366 1834 483 1908; x_wconf 85' lang='lat' dir='ltr'>estis‘l</span> <span class='ocrx_word' id='word_1_123' title='bbox 512 1825 746 1900; x_wconf 81' lang='lat' dir='ltr'>Considerate</span> <span class='ocrx_word' id='word_1_124' title='bbox 772 1827 840 1898; x_wconf 87' lang='lat' dir='ltr'>lilia</span> <span class='ocrx_word' id='word_1_125' title='bbox 866 1828 939 1920; x_wconf 89' lang='lat' dir='ltr'>agri</span> <span class='ocrx_word' id='word_1_126' title='bbox 966 1827 1147 1920; x_wconf 87' lang='lat' dir='ltr'>quomodo</span> <span class='ocrx_word' id='word_1_127' title='bbox 1175 1839 1352 1915; x_wconf 89' lang='lat' dir='ltr'>crescunt;</span> <span class='ocrx_word' id='word_1_128' title='bbox 1379 1847 1449 1903; x_wconf 90' lang='lat' dir='ltr'>non</span> <span class='ocrx_word' id='word_1_129' title='bbox 1467 1832 1625 1907; x_wconf 85' lang='lat' dir='ltr'>laborant</span> <span class='ocrx_word' id='word_1_130' title='bbox 1644 1861 1708 1910; x_wconf 84' lang='lat' dir='ltr'>ne-</span> 
     </span>
     <span class='ocr_line' id='line_1_13' title="bbox 207 1943 1707 2055; baseline -0.001 -22"><span class='ocrx_word' id='word_1_131' title='bbox 207 1981 274 2055; x_wconf 87' lang='lat' dir='ltr'>qne</span> <span class='ocrx_word' id='word_1_132' title='bbox 299 1967 401 2030; x_wconf 87' lang='lat' dir='ltr'>nont:</span> <span class='ocrx_word' id='word_1_133' title='bbox 441 1943 472 1988; x_wconf 62' lang='lat'><strong>⁹</strong></span> <span class='ocrx_word' id='word_1_134' title='bbox 488 1950 569 2022; x_wconf 93' lang='lat' dir='ltr'>dico</span> <span class='ocrx_word' id='word_1_135' title='bbox 597 1955 714 2018; x_wconf 84' lang='lat' dir='ltr'>autem</span> <span class='ocrx_word' id='word_1_136' title='bbox 742 1947 847 2018; x_wconf 92' lang='lat' dir='ltr'>vobis</span> <span class='ocrx_word' id='word_1_137' title='bbox 873 1947 1035 2042; x_wconf 85' lang='lat' dir='ltr'>quoniam</span> <span class='ocrx_word' id='word_1_138' title='bbox 1060 1969 1126 2018; x_wconf 92' lang='lat' dir='ltr'>nec</span> <span class='ocrx_word' id='word_1_139' title='bbox 1145 1948 1313 2020; x_wconf 91' lang='lat' dir='ltr'>Salomon</span> <span class='ocrx_word' id='word_1_140' title='bbox 1339 1951 1373 2020; x_wconf 94' lang='lat' dir='ltr'>in</span> <span class='ocrx_word' id='word_1_141' title='bbox 1399 1953 1493 2023; x_wconf 91' lang='lat' dir='ltr'>omni</span> <span class='ocrx_word' id='word_1_142' title='bbox 1516 1953 1625 2045; x_wconf 91' lang='lat' dir='ltr'>gloria</span> <span class='ocrx_word' id='word_1_143' title='bbox 1643 1979 1707 2032; x_wconf 89' lang='lat' dir='ltr'>sua</span> 
     </span>
     <span class='ocr_line' id='line_1_14' title="bbox 208 2059 1705 2174; baseline -0.005 -19"><span class='ocrx_word' id='word_1_144' title='bbox 208 2070 399 2174; x_wconf 83' lang='lat' dir='ltr'>coopertus</span> <span class='ocrx_word' id='word_1_145' title='bbox 428 2081 485 2144; x_wconf 91' lang='lat' dir='ltr'>est</span> <span class='ocrx_word' id='word_1_146' title='bbox 510 2070 729 2140; x_wconf 85' lang='lat' dir='ltr'>sicut-unum</span> <span class='ocrx_word' id='word_1_147' title='bbox 757 2089 807 2139; x_wconf 86' lang='lat' dir='ltr'>ex</span> <span class='ocrx_word' id='word_1_148' title='bbox 834 2067 916 2140; x_wconf 90' lang='lat' dir='ltr'>istis.</span> <span class='ocrx_word' id='word_1_149' title='bbox 968 2059 1042 2138; x_wconf 85' lang='lat' dir='ltr'>³⁰Si</span> <span class='ocrx_word' id='word_1_150' title='bbox 1069 2075 1185 2140; x_wconf 89' lang='lat' dir='ltr'>autem</span> <span class='ocrx_word' id='word_1_151' title='bbox 1211 2069 1350 2140; x_wconf 88' lang='lat' dir='ltr'>faenum</span> <span class='ocrx_word' id='word_1_152' title='bbox 1376 2070 1460 2162; x_wconf 86' lang='lat' dir='ltr'>agri,</span> <span class='ocrx_word' id='word_1_153' title='bbox 1487 2073 1583 2164; x_wconf 90' lang='lat' dir='ltr'>quod</span> <span class='ocrx_word' id='word_1_154' title='bbox 1600 2075 1705 2150; x_wconf 91' lang='lat' dir='ltr'>bodie</span> 
     </span>
     <span class='ocr_line' id='line_1_15' title="bbox 210 2187 1704 2282; baseline -0.005 -8"><span class='ocrx_word' id='word_1_155' title='bbox 210 2211 264 2274; x_wconf 88' lang='grc' dir='ltr'>εει</span> <span class='ocrx_word' id='word_1_156' title='bbox 290 2207 324 2270; x_wconf 93' lang='grc' dir='ltr'><strong>ει</strong></span> <span class='ocrx_word' id='word_1_157' title='bbox 352 2192 497 2268; x_wconf 84' lang='lat' dir='ltr'>cresin</span> <span class='ocrx_word' id='word_1_158' title='bbox 524 2187 696 2259; x_wconf 89' lang='lat' dir='ltr'>olibanum</span> <span class='ocrx_word' id='word_1_159' title='bbox 723 2188 879 2274; x_wconf 89' lang='lat' dir='ltr'>mittitur,</span> <span class='ocrx_word' id='word_1_160' title='bbox 906 2187 993 2260; x_wconf 87' lang='lat' dir='ltr'>deus</span> <span class='ocrx_word' id='word_1_161' title='bbox 1020 2187 1069 2258; x_wconf 93' lang='lat' dir='ltr'>sio</span> <span class='ocrx_word' id='word_1_162' title='bbox 1095 2187 1206 2270; x_wconf 87' lang='lat' dir='ltr'>vestit,</span> <span class='ocrx_word' id='word_1_163' title='bbox 1234 2199 1364 2282; x_wconf 91' lang='lat' dir='ltr'>quanto</span> <span class='ocrx_word' id='word_1_164' title='bbox 1391 2190 1504 2282; x_wconf 90' lang='lat' dir='ltr'>magis</span> <span class='ocrx_word' id='word_1_165' title='bbox 1532 2213 1610 2280; x_wconf 86' lang='lat' dir='ltr'>vos,</span> <span class='ocrx_word' id='word_1_166' title='bbox 1638 2198 1704 2268; x_wconf 91' lang='lat' dir='ltr'>mi-</span> 
     </span>
    </p>
   </div>
   <div class='ocr_carea' id='block_1_3' title="bbox 144 2298 1703 2774">
    <p class='ocr_par' dir='ltr' id='par_1_3' title="bbox 144 2298 1703 2774">
     <span class='ocr_line' id='line_1_16' title="bbox 210 2298 1703 2401; baseline -0.004 -7"><span class='ocrx_word' id='word_1_167' title='bbox 210 2323 323 2394; x_wconf 84' lang='lat' dir='ltr'>nimae</span> <span class='ocrx_word' id='word_1_168' title='bbox 356 2313 468 2387; x_wconf 75' lang='lat' dir='ltr'>fideii</span> <span class='ocrx_word' id='word_1_169' title='bbox 519 2298 674 2380; x_wconf 74' lang='grc' dir='ltr'>31Νοιιίε</span> <span class='ocrx_word' id='word_1_170' title='bbox 707 2329 801 2401; x_wconf 86' lang='lat' dir='ltr'>ergo</span> <span class='ocrx_word' id='word_1_171' title='bbox 836 2305 967 2380; x_wconf 92' lang='lat' dir='ltr'>solliciti</span> <span class='ocrx_word' id='word_1_172' title='bbox 1002 2327 1082 2378; x_wconf 89' lang='lat' dir='ltr'>esse</span> <span class='ocrx_word' id='word_1_173' title='bbox 1114 2307 1270 2382; x_wconf 85' lang='lat' dir='ltr'>dicentes</span> <span class='ocrx_word' id='word_1_174' title='bbox 1297 2309 1388 2395; x_wconf 89' lang='lat' dir='ltr'>Quid</span> <span class='ocrx_word' id='word_1_175' title='bbox 1419 2311 1703 2388; x_wconf 88' lang='lat' dir='ltr'>manducabimus</span> 
     </span>
     <span class='ocr_line' id='line_1_17' title="bbox 144 2418 1702 2534; baseline -0.006 -17"><span class='ocrx_word' id='word_1_176' title='bbox 144 2506 147 2516; x_wconf 88' lang='lat'><em>.</em></span> <span class='ocrx_word' id='word_1_177' title='bbox 214 2453 272 2516; x_wconf 90' lang='lat' dir='ltr'>aut</span> <span class='ocrx_word' id='word_1_178' title='bbox 297 2436 381 2534; x_wconf 84' lang='lat' dir='ltr'>quid</span> <span class='ocrx_word' id='word_1_179' title='bbox 407 2431 570 2504; x_wconf 88' lang='lat' dir='ltr'>bibemus</span> <span class='ocrx_word' id='word_1_180' title='bbox 597 2436 654 2499; x_wconf 83' lang='lat' dir='ltr'>aut</span> <span class='ocrx_word' id='word_1_181' title='bbox 679 2449 751 2520; x_wconf 90' lang='lat' dir='ltr'>quo</span> <span class='ocrx_word' id='word_1_182' title='bbox 782 2429 1003 2523; x_wconf 78' lang='lat' dir='ltr'>operiemur?</span> <span class='ocrx_word' id='word_1_183' title='bbox 1056 2418 1082 2466; x_wconf 77' lang='lat'>³²</span> <span class='ocrx_word' id='word_1_184' title='bbox 1099 2428 1193 2501; x_wconf 87' lang='lat' dir='ltr'>llaec</span> <span class='ocrx_word' id='word_1_185' title='bbox 1224 2431 1316 2502; x_wconf 91' lang='lat' dir='ltr'>enim</span> <span class='ocrx_word' id='word_1_186' title='bbox 1350 2419 1464 2502; x_wconf 90' lang='lat' dir='ltr'>omnia</span> <span class='ocrx_word' id='word_1_187' title='bbox 1497 2444 1619 2524; x_wconf 89' lang='lat' dir='ltr'>gentes</span> <span class='ocrx_word' id='word_1_188' title='bbox 1648 2438 1702 2508; x_wconf 88' lang='lat' dir='ltr'>in-</span> 
     </span>
     <span class='ocr_line' id='line_1_18' title="bbox 216 2545 1702 2674; baseline -0.005 -40"><span class='ocrx_word' id='word_1_189' title='bbox 216 2563 368 2658; x_wconf 88' lang='lat' dir='ltr'>quirunt:</span> <span class='ocrx_word' id='word_1_190' title='bbox 397 2553 463 2626; x_wconf 88' lang='lat' dir='ltr'>scit</span> <span class='ocrx_word' id='word_1_191' title='bbox 490 2548 581 2621; x_wconf 90' lang='lat' dir='ltr'>enim</span> <span class='ocrx_word' id='word_1_192' title='bbox 606 2555 712 2674; x_wconf 38' lang='lat' dir='ltr'>pater!</span> <span class='ocrx_word' id='word_1_193' title='bbox 729 2559 854 2620; x_wconf 86' lang='lat' dir='ltr'>vester</span> <span class='ocrx_word' id='word_1_194' title='bbox 887 2549 967 2642; x_wconf 89' lang='lat' dir='ltr'>qnia</span> <span class='ocrx_word' id='word_1_195' title='bbox 1002 2548 1055 2619; x_wconf 90' lang='lat' dir='ltr'>his</span> <span class='ocrx_word' id='word_1_196' title='bbox 1088 2551 1249 2626; x_wconf 92' lang='lat' dir='ltr'>omnibus</span> <span class='ocrx_word' id='word_1_197' title='bbox 1273 2551 1443 2646; x_wconf 88' lang='lat' dir='ltr'>indigetis.</span> <span class='ocrx_word' id='word_1_198' title='bbox 1495 2545 1522 2590; x_wconf 72' lang='lat'>³³</span> <span class='ocrx_word' id='word_1_199' title='bbox 1539 2555 1702 2638; x_wconf 85' lang='lat' dir='ltr'>Quaerite</span> 
     </span>
     <span class='ocr_line' id='line_1_19' title="bbox 217 2667 1699 2774; baseline -0.007 -17"><span class='ocrx_word' id='word_1_200' title='bbox 217 2693 333 2757; x_wconf 88' lang='lat' dir='ltr'>autem</span> <span class='ocrx_word' id='word_1_201' title='bbox 358 2676 510 2774; x_wconf 85' lang='lat' dir='ltr'>primum</span> <span class='ocrx_word' id='word_1_202' title='bbox 535 2689 680 2761; x_wconf 91' lang='lat' dir='ltr'>regnum</span> <span class='ocrx_word' id='word_1_203' title='bbox 707 2677 743 2738; x_wconf 92' lang='lat' dir='ltr'>et</span> <span class='ocrx_word' id='word_1_204' title='bbox 769 2669 931 2742; x_wconf 88' lang='lat' dir='ltr'>iustitiam</span> <span class='ocrx_word' id='word_1_205' title='bbox 950 2667 1040 2740; x_wconf 88' lang='lat' dir='ltr'>eins:</span> <span class='ocrx_word' id='word_1_206' title='bbox 1068 2679 1103 2740; x_wconf 86' lang='lat' dir='ltr'>ct</span> <span class='ocrx_word' id='word_1_207' title='bbox 1129 2671 1350 2744; x_wconf 85' lang='lat' dir='ltr'>omnia&#39;baec</span> <span class='ocrx_word' id='word_1_208' title='bbox 1376 2674 1565 2746; x_wconf 83' lang='lat' dir='ltr'>adicientur</span> <span class='ocrx_word' id='word_1_209' title='bbox 1589 2675 1699 2746; x_wconf 89' lang='lat' dir='ltr'>vobis.</span> 
     </span>
    </p>
   </div>
   <div class='ocr_carea' id='block_1_4' title="bbox 139 2787 1701 3026">
    <p class='ocr_par' dir='ltr' id='par_1_4' title="bbox 139 2787 1701 3026">
     <span class='ocr_line' id='line_1_20' title="bbox 139 2787 1701 2888; baseline -0.008 -10"><span class='ocrx_word' id='word_1_210' title='bbox 139 2841 142 2848; x_wconf 81' lang='lat'><em>-</em></span> <span class='ocrx_word' id='word_1_211' title='bbox 217 2797 243 2844; x_wconf 70' lang='lat'>³*</span> <span class='ocrx_word' id='word_1_212' title='bbox 256 2801 369 2874; x_wconf 85' lang='lat' dir='ltr'>Nolite</span> <span class='ocrx_word' id='word_1_213' title='bbox 398 2813 486 2888; x_wconf 89' lang='lat' dir='ltr'>ergo</span> <span class='ocrx_word' id='word_1_214' title='bbox 513 2809 593 2860; x_wconf 90' lang='lat' dir='ltr'>esse</span> <span class='ocrx_word' id='word_1_215' title='bbox 619 2787 752 2860; x_wconf 90' lang='lat' dir='ltr'>solliciti</span> <span class='ocrx_word' id='word_1_216' title='bbox 777 2789 813 2860; x_wconf 93' lang='lat' dir='ltr'>in</span> <span class='ocrx_word' id='word_1_217' title='bbox 838 2789 1039 2862; x_wconf 89' lang='lat' dir='ltr'>crastinum:</span> <span class='ocrx_word' id='word_1_218' title='bbox 1067 2791 1234 2865; x_wconf 88' lang='lat' dir='ltr'>crastinus</span> <span class='ocrx_word' id='word_1_219' title='bbox 1252 2793 1342 2864; x_wconf 89' lang='lat' dir='ltr'>enim</span> <span class='ocrx_word' id='word_1_220' title='bbox 1363 2793 1439 2866; x_wconf 88' lang='lat' dir='ltr'>dies</span> <span class='ocrx_word' id='word_1_221' title='bbox 1457 2794 1619 2867; x_wconf 90' lang='lat' dir='ltr'>sollicitus</span> <span class='ocrx_word' id='word_1_222' title='bbox 1637 2795 1701 2866; x_wconf 88' lang='lat' dir='ltr'>erit</span> 
     </span>
     <span class='ocr_line' id='line_1_21' title="bbox 219 2907 928 3026; baseline -0.023 -30"><span class='ocrx_word' id='word_1_223' title='bbox 219 2924 284 2996; x_wconf 93' lang='lat' dir='ltr'>sibi</span> <span class='ocrx_word' id='word_1_224' title='bbox 310 2921 399 3016; x_wconf 92' lang='lat' dir='ltr'>ipse.</span> <span class='ocrx_word' id='word_1_225' title='bbox 453 2909 582 2983; x_wconf 89' lang='lat' dir='ltr'>Sufficit</span> <span class='ocrx_word' id='word_1_226' title='bbox 607 2907 676 2980; x_wconf 90' lang='lat' dir='ltr'>diei</span> <span class='ocrx_word' id='word_1_227' title='bbox 702 2909 828 3026; x_wconf 77' lang='lat' dir='ltr'>malitia</span> <span class='ocrx_word' id='word_1_228' title='bbox 856 2931 928 2982; x_wconf 84' lang='lat' dir='ltr'>sua.</span> 
     </span>
    </p>
   </div>
   <div class='ocr_carea' id='block_1_5' title="bbox 931 3185 995 3256">
    <p class='ocr_par' dir='ltr' id='par_1_5' title="bbox 931 3185 995 3256">
     <span class='ocr_line' id='line_1_22' title="bbox 931 3185 995 3256; baseline 0 0"><span class='ocrx_word' id='word_1_229' title='bbox 931 3185 995 3256; x_wconf 84' lang='lat' dir='ltr'>Vll.</span> 
     </span>
    </p>
   </div>
   <div class='ocr_carea' id='block_1_6' title="bbox 224 3511 1800 5171">
    <p class='ocr_par' dir='ltr' id='par_1_6' title="bbox 224 3511 1800 5171">
     <span class='ocr_line' id='line_1_23' title="bbox 225 3511 1697 3606; baseline -0.008 -10"><span class='ocrx_word' id='word_1_230' title='bbox 225 3520 386 3596; x_wconf 86' lang='lat' dir='ltr'>caveritis</span> <span class='ocrx_word' id='word_1_231' title='bbox 416 3513 664 3597; x_wconf 86' lang='lat' dir='ltr'>iudicabimini‚</span> <span class='ocrx_word' id='word_1_232' title='bbox 699 3522 735 3584; x_wconf 91' lang='lat' dir='ltr'>et</span> <span class='ocrx_word' id='word_1_233' title='bbox 768 3511 802 3582; x_wconf 94' lang='lat' dir='ltr'>in</span> <span class='ocrx_word' id='word_1_234' title='bbox 828 3534 897 3606; x_wconf 89' lang='lat' dir='ltr'>qua</span> <span class='ocrx_word' id='word_1_235' title='bbox 923 3533 1084 3586; x_wconf 90' lang='lat' dir='ltr'>mensura</span> <span class='ocrx_word' id='word_1_236' title='bbox 1116 3513 1225 3584; x_wconf 90' lang='lat' dir='ltr'>mensi</span> <span class='ocrx_word' id='word_1_237' title='bbox 1249 3514 1379 3586; x_wconf 90' lang='lat' dir='ltr'>fueritis</span> <span class='ocrx_word' id='word_1_238' title='bbox 1405 3514 1562 3585; x_wconf 90' lang='lat' dir='ltr'>metietur</span> <span class='ocrx_word' id='word_1_239' title='bbox 1589 3513 1697 3586; x_wconf 88' lang='lat' dir='ltr'>vobis.</span> 
     </span>
     <span class='ocr_line' id='line_1_24' title="bbox 224 3633 1697 3724; baseline -0.003 -14"><span class='ocrx_word' id='word_1_240' title='bbox 224 3634 329 3690; x_wconf 56' lang='grc' dir='ltr'>ΝΜ)</span> <span class='ocrx_word' id='word_1_241' title='bbox 347 3636 438 3724; x_wconf 87' lang='lat' dir='ltr'>Quid</span> <span class='ocrx_word' id='word_1_242' title='bbox 464 3643 579 3706; x_wconf 86' lang='lat' dir='ltr'>autem</span> <span class='ocrx_word' id='word_1_243' title='bbox 605 3633 705 3704; x_wconf 68' lang='lat' dir='ltr'>rides</span> <span class='ocrx_word' id='word_1_244' title='bbox 730 3633 898 3704; x_wconf 84' lang='lat' dir='ltr'>festucam</span> <span class='ocrx_word' id='word_1_245' title='bbox 923 3633 958 3704; x_wconf 92' lang='lat' dir='ltr'>in</span> <span class='ocrx_word' id='word_1_246' title='bbox 984 3633 1085 3705; x_wconf 90' lang='lat' dir='ltr'>oculo</span> <span class='ocrx_word' id='word_1_247' title='bbox 1112 3633 1223 3706; x_wconf 86' lang='lat' dir='ltr'>fratris</span> <span class='ocrx_word' id='word_1_248' title='bbox 1249 3636 1305 3720; x_wconf 89' lang='lat' dir='ltr'>tui,</span> <span class='ocrx_word' id='word_1_249' title='bbox 1333 3643 1368 3705; x_wconf 90' lang='lat' dir='ltr'>et</span> <span class='ocrx_word' id='word_1_250' title='bbox 1392 3635 1527 3707; x_wconf 90' lang='lat' dir='ltr'>trahem</span> <span class='ocrx_word' id='word_1_251' title='bbox 1544 3633 1578 3704; x_wconf 93' lang='lat' dir='ltr'>in</span> <span class='ocrx_word' id='word_1_252' title='bbox 1596 3635 1697 3706; x_wconf 91' lang='lat' dir='ltr'>oculo</span> 
     </span>
     <span class='ocr_line' id='line_1_25' title="bbox 225 3745 1698 3846; baseline -0.006 -11"><span class='ocrx_word' id='word_1_253' title='bbox 225 3775 285 3834; x_wconf 90' lang='lat' dir='ltr'>tuo</span> <span class='ocrx_word' id='word_1_254' title='bbox 311 3757 391 3832; x_wconf 79' lang='lat' dir='ltr'>non‘</span> <span class='ocrx_word' id='word_1_255' title='bbox 405 3756 530 3828; x_wconf 85' lang='lat' dir='ltr'>vides‘l</span> <span class='ocrx_word' id='word_1_256' title='bbox 581 3745 676 3824; x_wconf 74' lang='lat' dir='ltr'>‘Aut</span> <span class='ocrx_word' id='word_1_257' title='bbox 701 3751 880 3846; x_wconf 92' lang='lat' dir='ltr'>quomodo</span> <span class='ocrx_word' id='word_1_258' title='bbox 907 3751 993 3824; x_wconf 92' lang='lat' dir='ltr'>dicis</span> <span class='ocrx_word' id='word_1_259' title='bbox 1019 3753 1113 3826; x_wconf 90' lang='lat' dir='ltr'>fratri</span> <span class='ocrx_word' id='word_1_260' title='bbox 1138 3764 1197 3826; x_wconf 90' lang='lat' dir='ltr'>tuo</span> <span class='ocrx_word' id='word_1_261' title='bbox 1223 3755 1304 3826; x_wconf 89' lang='lat' dir='ltr'>Sine</span> <span class='ocrx_word' id='word_1_262' title='bbox 1330 3755 1451 3828; x_wconf 87' lang='lat' dir='ltr'>eiciam</span> <span class='ocrx_word' id='word_1_263' title='bbox 1468 3755 1635 3827; x_wconf 83' lang='lat' dir='ltr'>festucam</span> <span class='ocrx_word' id='word_1_264' title='bbox 1652 3755 1698 3826; x_wconf 92' lang='lat' dir='ltr'>de</span> 
     </span>
     <span class='ocr_line' id='line_1_26' title="bbox 226 3867 1699 3971; baseline -0.004 -17"><span class='ocrx_word' id='word_1_265' title='bbox 226 3881 327 3954; x_wconf 93' lang='lat' dir='ltr'>oculo</span> <span class='ocrx_word' id='word_1_266' title='bbox 354 3889 428 3962; x_wconf 91' lang='lat' dir='ltr'>tuo,</span> <span class='ocrx_word' id='word_1_267' title='bbox 464 3885 500 3946; x_wconf 92' lang='grc' dir='ltr'><strong>ει</strong></span> <span class='ocrx_word' id='word_1_268' title='bbox 533 3895 617 3946; x_wconf 87' lang='lat' dir='ltr'>ecce</span> <span class='ocrx_word' id='word_1_269' title='bbox 643 3871 760 3944; x_wconf 90' lang='lat' dir='ltr'>trabes</span> <span class='ocrx_word' id='word_1_270' title='bbox 787 3873 900 3944; x_wconf 92' lang='lat' dir='ltr'>estin</span> <span class='ocrx_word' id='word_1_271' title='bbox 933 3873 1034 3945; x_wconf 90' lang='lat' dir='ltr'>oculo</span> <span class='ocrx_word' id='word_1_272' title='bbox 1066 3877 1151 3946; x_wconf 79' lang='lat' dir='ltr'>tuo?</span> <span class='ocrx_word' id='word_1_273' title='bbox 1200 3867 1426 3970; x_wconf 73' lang='lat' dir='ltr'>⁵Hypoorita,</span> <span class='ocrx_word' id='word_1_274' title='bbox 1452 3875 1526 3948; x_wconf 92' lang='lat' dir='ltr'>cice</span> <span class='ocrx_word' id='word_1_275' title='bbox 1552 3876 1699 3971; x_wconf 86' lang='lat' dir='ltr'>primum</span> 
     </span>
     <span class='ocr_line' id='line_1_27' title="bbox 226 3993 1699 4094; baseline -0.004 -20"><span class='ocrx_word' id='word_1_276' title='bbox 226 4003 361 4074; x_wconf 86' lang='lat' dir='ltr'>trabem</span> <span class='ocrx_word' id='word_1_277' title='bbox 387 3997 434 4072; x_wconf 90' lang='lat' dir='ltr'>de</span> <span class='ocrx_word' id='word_1_278' title='bbox 461 3995 561 4068; x_wconf 91' lang='lat' dir='ltr'>oculo</span> <span class='ocrx_word' id='word_1_279' title='bbox 587 4003 662 4077; x_wconf 92' lang='lat' dir='ltr'>tuo,</span> <span class='ocrx_word' id='word_1_280' title='bbox 690 4003 725 4064; x_wconf 91' lang='lat' dir='ltr'>et</span> <span class='ocrx_word' id='word_1_281' title='bbox 750 4002 829 4064; x_wconf 93' lang='lat' dir='ltr'>tunc</span> <span class='ocrx_word' id='word_1_282' title='bbox 860 3993 996 4066; x_wconf 86' lang='lat' dir='ltr'>videbis</span> <span class='ocrx_word' id='word_1_283' title='bbox 1028 3996 1142 4094; x_wconf 84' lang='lat' dir='ltr'>eicere</span> <span class='ocrx_word' id='word_1_284' title='bbox 1173 3997 1340 4067; x_wconf 78' lang='lat' dir='ltr'>festucam</span> <span class='ocrx_word' id='word_1_285' title='bbox 1374 3995 1421 4068; x_wconf 91' lang='lat' dir='ltr'>de</span> <span class='ocrx_word' id='word_1_286' title='bbox 1452 3997 1553 4068; x_wconf 92' lang='lat' dir='ltr'>oculo</span> <span class='ocrx_word' id='word_1_287' title='bbox 1587 3998 1699 4069; x_wconf 84' lang='lat' dir='ltr'>fratris</span> 
     </span>
     <span class='ocr_line' id='line_1_28' title="bbox 227 4109 1697 4210; baseline 0.001 -23"><span class='ocrx_word' id='word_1_288' title='bbox 227 4123 284 4194; x_wconf 79' lang='lat' dir='ltr'>tui</span> <span class='ocrx_word' id='word_1_289' title='bbox 333 4109 451 4166; x_wconf 56' lang='grc' dir='ltr'>ΝΜ)</span> <span class='ocrx_word' id='word_1_290' title='bbox 469 4115 581 4186; x_wconf 87' lang='lat' dir='ltr'>Nolite</span> <span class='ocrx_word' id='word_1_291' title='bbox 608 4114 693 4185; x_wconf 87' lang='lat' dir='ltr'>dare</span> <span class='ocrx_word' id='word_1_292' title='bbox 720 4121 875 4184; x_wconf 83' lang='lat' dir='ltr'>sanctuni</span> <span class='ocrx_word' id='word_1_293' title='bbox 908 4115 1067 4201; x_wconf 82' lang='lat' dir='ltr'>cunibus,</span> <span class='ocrx_word' id='word_1_294' title='bbox 1102 4137 1216 4210; x_wconf 90' lang='lat' dir='ltr'>neque</span> <span class='ocrx_word' id='word_1_295' title='bbox 1241 4115 1380 4188; x_wconf 91' lang='lat' dir='ltr'>mittatis</span> <span class='ocrx_word' id='word_1_296' title='bbox 1405 4117 1609 4208; x_wconf 78' lang='lat' dir='ltr'>margaritas</span> <span class='ocrx_word' id='word_1_297' title='bbox 1634 4139 1697 4190; x_wconf 88' lang='lat' dir='ltr'>vc-</span> 
     </span>
     <span class='ocr_line' id='line_1_29' title="bbox 227 4235 1696 4331; baseline -0.003 -17"><span class='ocrx_word' id='word_1_298' title='bbox 227 4253 317 4314; x_wconf 91' lang='lat' dir='ltr'>stras</span> <span class='ocrx_word' id='word_1_299' title='bbox 343 4247 422 4311; x_wconf 87' lang='lat' dir='ltr'>ante</span> <span class='ocrx_word' id='word_1_300' title='bbox 448 4257 586 4331; x_wconf 90' lang='lat' dir='ltr'>porcos,</span> <span class='ocrx_word' id='word_1_301' title='bbox 613 4255 658 4306; x_wconf 93' lang='lat' dir='ltr'>ne</span> <span class='ocrx_word' id='word_1_302' title='bbox 684 4235 771 4305; x_wconf 90' lang='lat' dir='ltr'>forte</span> <span class='ocrx_word' id='word_1_303' title='bbox 798 4235 1001 4307; x_wconf 89' lang='lat' dir='ltr'>conculcent</span> <span class='ocrx_word' id='word_1_304' title='bbox 1026 4257 1088 4308; x_wconf 90' lang='lat' dir='ltr'>eas</span> <span class='ocrx_word' id='word_1_305' title='bbox 1116 4235 1263 4330; x_wconf 90' lang='lat' dir='ltr'>pedibus</span> <span class='ocrx_word' id='word_1_306' title='bbox 1289 4236 1359 4308; x_wconf 91' lang='lat' dir='ltr'>suis</span> <span class='ocrx_word' id='word_1_307' title='bbox 1386 4249 1421 4307; x_wconf 90' lang='lat' dir='ltr'>et</span> <span class='ocrx_word' id='word_1_308' title='bbox 1445 4238 1605 4310; x_wconf 89' lang='lat' dir='ltr'>conversi</span> <span class='ocrx_word' id='word_1_309' title='bbox 1623 4237 1696 4310; x_wconf 91' lang='lat' dir='ltr'>dis-</span> 
     </span>
     <span class='ocr_line' id='line_1_30' title="bbox 227 4345 1698 4456; baseline -0.004 -22"><span class='ocrx_word' id='word_1_310' title='bbox 227 4371 387 4456; x_wconf 88' lang='lat' dir='ltr'>rumpant</span> <span class='ocrx_word' id='word_1_311' title='bbox 410 4379 485 4432; x_wconf 89' lang='lat' dir='ltr'>vos.</span> <span class='ocrx_word' id='word_1_312' title='bbox 536 4345 773 4438; x_wconf 59' lang='lat' dir='ltr'>llus’ll-Potite,</span> <span class='ocrx_word' id='word_1_313' title='bbox 801 4363 836 4424; x_wconf 93' lang='lat' dir='ltr'>et</span> <span class='ocrx_word' id='word_1_314' title='bbox 861 4353 998 4428; x_wconf 88' lang='lat' dir='ltr'>debitur</span> <span class='ocrx_word' id='word_1_315' title='bbox 1014 4357 1131 4428; x_wconf 85' lang='lat' dir='ltr'>vobis:</span> <span class='ocrx_word' id='word_1_316' title='bbox 1159 4357 1322 4450; x_wconf 88' lang='lat' dir='ltr'>quaerite,</span> <span class='ocrx_word' id='word_1_317' title='bbox 1350 4369 1385 4428; x_wconf 95' lang='lat' dir='ltr'>et</span> <span class='ocrx_word' id='word_1_318' title='bbox 1400 4357 1593 4430; x_wconf 86' lang='lat' dir='ltr'>invenietis:</span> <span class='ocrx_word' id='word_1_319' title='bbox 1620 4359 1698 4452; x_wconf 87' lang='lat' dir='ltr'>pnl-</span> 
     </span>
     <span class='ocr_line' id='line_1_31' title="bbox 228 4473 1698 4574; baseline -0.003 -19"><span class='ocrx_word' id='word_1_320' title='bbox 228 4491 312 4568; x_wconf 86' lang='lat' dir='ltr'>sate,</span> <span class='ocrx_word' id='word_1_321' title='bbox 339 4489 375 4552; x_wconf 94' lang='lat' dir='ltr'>et</span> <span class='ocrx_word' id='word_1_322' title='bbox 399 4478 573 4574; x_wconf 88' lang='lat' dir='ltr'>aperietur</span> <span class='ocrx_word' id='word_1_323' title='bbox 597 4475 708 4548; x_wconf 80' lang='lat' dir='ltr'>vobis.</span> <span class='ocrx_word' id='word_1_324' title='bbox 790 4473 909 4546; x_wconf 89' lang='lat' dir='ltr'>Omnis</span> <span class='ocrx_word' id='word_1_325' title='bbox 935 4475 1026 4567; x_wconf 79' lang='lat' dir='ltr'>eni1n</span> <span class='ocrx_word' id='word_1_326' title='bbox 1053 4477 1111 4570; x_wconf 90' lang='lat' dir='ltr'>qui</span> <span class='ocrx_word' id='word_1_327' title='bbox 1136 4478 1222 4572; x_wconf 91' lang='lat' dir='ltr'>petit</span> <span class='ocrx_word' id='word_1_328' title='bbox 1246 4476 1385 4568; x_wconf 90' lang='lat' dir='ltr'>accipit,</span> <span class='ocrx_word' id='word_1_329' title='bbox 1418 4478 1538 4570; x_wconf 87' lang='lat' dir='ltr'>etqui</span> <span class='ocrx_word' id='word_1_330' title='bbox 1563 4479 1698 4570; x_wconf 87' lang='lat' dir='ltr'>quaerit</span> 
     </span>
     <span class='ocr_line' id='line_1_32' title="bbox 229 4586 1698 4694; baseline -0.005 -19"><span class='ocrx_word' id='word_1_331' title='bbox 229 4601 373 4686; x_wconf 90' lang='lat' dir='ltr'>invenit,</span> <span class='ocrx_word' id='word_1_332' title='bbox 406 4607 440 4671; x_wconf 92' lang='lat' dir='ltr'>et</span> <span class='ocrx_word' id='word_1_333' title='bbox 465 4595 614 4694; x_wconf 88' lang='lat' dir='ltr'>pulsanti</span> <span class='ocrx_word' id='word_1_334' title='bbox 645 4594 825 4688; x_wconf 88' lang='lat' dir='ltr'>aperietur.</span> <span class='ocrx_word' id='word_1_335' title='bbox 877 4586 976 4668; x_wconf 70' lang='grc' dir='ltr'>9Αιιι</span> <span class='ocrx_word' id='word_1_336' title='bbox 1008 4597 1085 4690; x_wconf 91' lang='lat' dir='ltr'>quis</span> <span class='ocrx_word' id='word_1_337' title='bbox 1111 4607 1238 4670; x_wconf 87' lang='lat' dir='ltr'>estex</span> <span class='ocrx_word' id='word_1_338' title='bbox 1262 4596 1364 4670; x_wconf 81' lang='lat' dir='ltr'>vobis</span> <span class='ocrx_word' id='word_1_339' title='bbox 1390 4595 1511 4682; x_wconf 89' lang='lat' dir='ltr'>homo,</span> <span class='ocrx_word' id='word_1_340' title='bbox 1539 4598 1698 4690; x_wconf 81' lang='lat' dir='ltr'>quernei</span> 
     </span>
     <span class='ocr_line' id='line_1_33' title="bbox 229 4708 1697 4819; baseline -0.002 -25"><span class='ocrx_word' id='word_1_341' title='bbox 229 4723 365 4819; x_wconf 88' lang='lat' dir='ltr'>petierit</span> <span class='ocrx_word' id='word_1_342' title='bbox 389 4719 475 4795; x_wconf 89' lang='lat' dir='ltr'>filins</span> <span class='ocrx_word' id='word_1_343' title='bbox 502 4739 583 4790; x_wconf 92' lang='lat' dir='ltr'>suus</span> <span class='ocrx_word' id='word_1_344' title='bbox 608 4735 744 4810; x_wconf 88' lang='lat' dir='ltr'>panem,</span> <span class='ocrx_word' id='word_1_345' title='bbox 770 4713 934 4808; x_wconf 90' lang='lat' dir='ltr'>numquid</span> <span class='ocrx_word' id='word_1_346' title='bbox 959 4717 1112 4810; x_wconf 92' lang='lat' dir='ltr'>lapidem</span> <span class='ocrx_word' id='word_1_347' title='bbox 1138 4717 1292 4812; x_wconf 81' lang='lat' dir='ltr'>porriget</span> <span class='ocrx_word' id='word_1_348' title='bbox 1318 4717 1376 4788; x_wconf 85' lang='lat' dir='ltr'>ei‘l</span> <span class='ocrx_word' id='word_1_349' title='bbox 1428 4708 1539 4788; x_wconf 71' lang='grc' dir='ltr'>10Αιιι</span> <span class='ocrx_word' id='word_1_350' title='bbox 1570 4718 1601 4790; x_wconf 92' lang='lat' dir='ltr'>si</span> <span class='ocrx_word' id='word_1_351' title='bbox 1625 4718 1697 4812; x_wconf 90' lang='lat' dir='ltr'>pis-</span> 
     </span>
     <span class='ocr_line' id='line_1_34' title="bbox 231 4827 1697 4937; baseline -0.005 -19"><span class='ocrx_word' id='word_1_352' title='bbox 231 4867 309 4918; x_wconf 90' lang='lat' dir='ltr'>cem</span> <span class='ocrx_word' id='word_1_353' title='bbox 341 4851 451 4937; x_wconf 88' lang='lat' dir='ltr'>pctet,</span> <span class='ocrx_word' id='word_1_354' title='bbox 486 4835 651 4932; x_wconf 91' lang='lat' dir='ltr'>numquid</span> <span class='ocrx_word' id='word_1_355' title='bbox 683 4845 879 4929; x_wconf 88' lang='lat' dir='ltr'>serpentem</span> <span class='ocrx_word' id='word_1_356' title='bbox 911 4836 1066 4929; x_wconf 77' lang='lat' dir='ltr'>porriget</span> <span class='ocrx_word' id='word_1_357' title='bbox 1100 4837 1157 4909; x_wconf 83' lang='lat' dir='ltr'>ei‘l</span> <span class='ocrx_word' id='word_1_358' title='bbox 1200 4827 1223 4874; x_wconf 76' lang='lat'>⁴¹</span> <span class='ocrx_word' id='word_1_359' title='bbox 1239 4837 1275 4907; x_wconf 91' lang='lat' dir='ltr'>Si</span> <span class='ocrx_word' id='word_1_360' title='bbox 1299 4857 1386 4928; x_wconf 88' lang='lat' dir='ltr'>ergo</span> <span class='ocrx_word' id='word_1_361' title='bbox 1411 4857 1493 4921; x_wconf 90' lang='lat' dir='ltr'>vos,</span> <span class='ocrx_word' id='word_1_362' title='bbox 1521 4857 1599 4925; x_wconf 84' lang='lat' dir='ltr'>cnm</span> <span class='ocrx_word' id='word_1_363' title='bbox 1625 4837 1697 4910; x_wconf 90' lang='lat' dir='ltr'>sitis</span> 
     </span>
     <span class='ocr_line' id='line_1_35' title="bbox 231 4955 1800 5052; baseline -0.007 -15"><span class='ocrx_word' id='word_1_364' title='bbox 231 4965 321 5050; x_wconf 80' lang='lat' dir='ltr'>mali,</span> <span class='ocrx_word' id='word_1_365' title='bbox 345 4962 453 5034; x_wconf 89' lang='lat' dir='ltr'>nostis</span> <span class='ocrx_word' id='word_1_366' title='bbox 484 4961 577 5031; x_wconf 87' lang='lat' dir='ltr'>bona</span> <span class='ocrx_word' id='word_1_367' title='bbox 611 4956 697 5028; x_wconf 84' lang='lat' dir='ltr'>dare</span> <span class='ocrx_word' id='word_1_368' title='bbox 730 4955 805 5026; x_wconf 89' lang='lat' dir='ltr'>filiis</span> <span class='ocrx_word' id='word_1_369' title='bbox 836 4956 976 5040; x_wconf 85' lang='lat' dir='ltr'>vestris,</span> <span class='ocrx_word' id='word_1_370' title='bbox 1014 4967 1141 5050; x_wconf 80' lang='lat' dir='ltr'>qrranto</span> <span class='ocrx_word' id='word_1_371' title='bbox 1173 4956 1284 5049; x_wconf 88' lang='lat' dir='ltr'>magis</span> <span class='ocrx_word' id='word_1_372' title='bbox 1316 4965 1415 5052; x_wconf 87' lang='lat' dir='ltr'>pater</span> <span class='ocrx_word' id='word_1_373' title='bbox 1440 4965 1556 5030; x_wconf 87' lang='lat' dir='ltr'>vester</span> <span class='ocrx_word' id='word_1_374' title='bbox 1581 4957 1639 5050; x_wconf 86' lang='lat' dir='ltr'>qui</span> <span class='ocrx_word' id='word_1_375' title='bbox 1664 4958 1698 5028; x_wconf 95' lang='lat' dir='ltr'>in</span> <span class='ocrx_word' id='word_1_376' title='bbox 1796 5003 1800 5012; x_wconf 38' lang='grc' dir='ltr'><strong>ι</strong></span> 
     </span>
     <span class='ocr_line' id='line_1_36' title="bbox 233 5063 1698 5171; baseline -0.006 -12"><span class='ocrx_word' id='word_1_377' title='bbox 233 5085 336 5160; x_wconf 89' lang='lat' dir='ltr'>caelis</span> <span class='ocrx_word' id='word_1_378' title='bbox 370 5092 423 5154; x_wconf 87' lang='lat' dir='ltr'>est</span> <span class='ocrx_word' id='word_1_379' title='bbox 454 5079 549 5153; x_wconf 92' lang='lat' dir='ltr'>dabit</span> <span class='ocrx_word' id='word_1_380' title='bbox 580 5078 675 5149; x_wconf 90' lang='lat' dir='ltr'>bona</span> <span class='ocrx_word' id='word_1_381' title='bbox 708 5075 903 5170; x_wconf 89' lang='lat' dir='ltr'>petentibus</span> <span class='ocrx_word' id='word_1_382' title='bbox 936 5096 988 5147; x_wconf 84' lang='lat' dir='ltr'>se.</span> <span class='ocrx_word' id='word_1_383' title='bbox 1038 5063 1152 5122; x_wconf 49' lang='lat' dir='ltr'>&#39;&#39;iffi‘&#39;</span> <span class='ocrx_word' id='word_1_384' title='bbox 1171 5075 1292 5147; x_wconf 89' lang='lat' dir='ltr'>Omnia</span> <span class='ocrx_word' id='word_1_385' title='bbox 1333 5095 1418 5167; x_wconf 89' lang='lat' dir='ltr'>ergo</span> <span class='ocrx_word' id='word_1_386' title='bbox 1460 5097 1698 5171; x_wconf 87' lang='lat' dir='ltr'>quaecumque</span> 
     </span>
    </p>
   </div>
   <div class='ocr_carea' id='block_1_7' title="bbox 232 5195 1700 5402">
    <p class='ocr_par' dir='ltr' id='par_1_7' title="bbox 232 5195 1700 5402">
     <span class='ocr_line' id='line_1_37' title="bbox 232 5195 1700 5312; baseline -0.006 -33"><span class='ocrx_word' id='word_1_387' title='bbox 232 5207 330 5280; x_wconf 82' lang='lat' dir='ltr'>vultis</span> <span class='ocrx_word' id='word_1_388' title='bbox 356 5214 391 5276; x_wconf 91' lang='lat' dir='ltr'>ut</span> <span class='ocrx_word' id='word_1_389' title='bbox 416 5201 540 5275; x_wconf 84' lang='lat' dir='ltr'>faciant</span> <span class='ocrx_word' id='word_1_390' title='bbox 563 5197 664 5270; x_wconf 84' lang='lat' dir='ltr'>vobis</span> <span class='ocrx_word' id='word_1_391' title='bbox 690 5197 860 5282; x_wconf 88' lang='lat' dir='ltr'>homines,</span> <span class='ocrx_word' id='word_1_392' title='bbox 889 5207 924 5270; x_wconf 91' lang='lat' dir='ltr'>et</span> <span class='ocrx_word' id='word_1_393' title='bbox 948 5215 1015 5312; x_wconf 85' lang='lat' dir='ltr'>vos</span> <span class='ocrx_word' id='word_1_394' title='bbox 1040 5195 1140 5268; x_wconf 85' lang='lat' dir='ltr'>facite</span> <span class='ocrx_word' id='word_1_395' title='bbox 1167 5195 1233 5268; x_wconf 91' lang='lat' dir='ltr'>eis:</span> <span class='ocrx_word' id='word_1_396' title='bbox 1270 5197 1359 5270; x_wconf 89' lang='lat' dir='ltr'>hacc</span> <span class='ocrx_word' id='word_1_397' title='bbox 1385 5206 1438 5270; x_wconf 86' lang='lat' dir='ltr'>est</span> <span class='ocrx_word' id='word_1_398' title='bbox 1463 5197 1554 5270; x_wconf 90' lang='lat' dir='ltr'>enim</span> <span class='ocrx_word' id='word_1_399' title='bbox 1580 5199 1637 5272; x_wconf 86' lang='lat' dir='ltr'>lex</span> <span class='ocrx_word' id='word_1_400' title='bbox 1665 5207 1700 5270; x_wconf 89' lang='grc' dir='ltr'><strong>ει</strong></span> 
     </span>
     <span class='ocr_line' id='line_1_38' title="bbox 745 5315 1177 5402; baseline 0 -14"><span class='ocrx_word' id='word_1_401' title='bbox 745 5318 796 5402; x_wconf 83' lang='lat' dir='ltr'>Vl,</span> <span class='ocrx_word' id='word_1_402' title='bbox 824 5316 874 5392; x_wconf 80' lang='lat' dir='ltr'>at</span> <span class='ocrx_word' id='word_1_403' title='bbox 927 5357 976 5370; x_wconf 94' lang='lat'><em>-</em></span> <span class='ocrx_word' id='word_1_404' title='bbox 1027 5315 1091 5401; x_wconf 90' lang='lat' dir='ltr'>llll,</span> <span class='ocrx_word' id='word_1_405' title='bbox 1121 5318 1177 5392; x_wconf 76' lang='lat' dir='ltr'>l2.</span> 
     </span>
    </p>
   </div>
   <div class='ocr_carea' id='block_1_8' title="bbox 0 0 2099 6128">
    <p class='ocr_par' dir='ltr' id='par_1_8' title="bbox 0 0 2099 6128">
     <span class='ocr_line' id='line_1_39' title="bbox 0 0 2099 6128; baseline 0 0"><span class='ocrx_word' id='word_1_406' title='bbox 0 0 2099 6128; x_wconf 95' lang='lat' dir='ltr'> </span> 
     </span>
    </p>
   </div>
  </div>
 </body>
</html>
