4146 6120
756 1285 905 1358 INCIPIT
933 1283 1230 1356 ARGUMENTUII
1256 1283 1315 1354 Ao
1343 1285 1480 1356 TITIIII.

484 1533 607 1634 Titum
641 1562 904 1634 commonefacit
936 1571 971 1632 et
1004 1561 1135 1634 instruit
1171 1559 1216 1632 de
1255 1561 1494 1632 constituamus
1533 1561 1780 1656 praesbyterii,
1825 1571 1864 1630 et

380 1683 426 1754 do
461 1683 600 1778 spiritali
634 1683 914 1766 conversati0ne,
950 1691 985 1752 et
1010 1681 1170 1752 hereticis
1196 1681 1344 1753 vitandis
1371 1683 1426 1774 qul
1454 1681 1487 1751 in
1515 1681 1690 1776 scripturis
1718 1681 1863 1754 Iudaicis

380 1803 550 1876 credunt..

888 1937 1060 2000 EXPLICIT
1082 1935 1350 1998 ARGUMENTUII.

895 2227 1103 2298 INCIPIUNT
1132 2225 1350 2296 CAPITULA.

485 2438 507 2506 l.
534 2438 585 2506 De
619 2435 761 2505 domino
796 2443 909 2526 patre,
947 2433 1043 2525 quod
1076 2437 1154 2503 a'nte
1187 2443 1329 2503 aeterna
1364 2441 1521 2526 tempora
1554 2432 1729 2505 domiuum
1755 2433 1866 2506 filium

536 2556 637 2626 noble
663 2553 876 2648 promiserit,
904 2575 1009 2645 quem
1035 2561 1159 2645 postea
1186 2553 1256 2624 suis
1284 2553 1497 2646 temporibus
1523 2553 1719 2624 declaravit.

473 2676 507 2744 ll.
535 2677 586 2745 De
621 2669 795 2767 'episcopi
828 2673 990 2743 formula:
1027 2683 1062 2744 et
1095 2673 1189 2766 quod
1222 2671 1315 2742 idem
1351 2673 1526 2764 quondam
1561 2675 1715 2768 episcopi
1739 2675 1869 2748 luerint

539 2795 595 2886 qui
624 2803 658 2864 et
684 2793 913 2888 praesbyterii
939 2793 1155 2864 dIcebantur:
1183 2793 1288 2864 etde
1316 2793 1554 2864 seductoribus
1582 2794 1813 2866 eeclesiarum.

460 2915 509 2984 Ill.
536 2917 588 2986 De
615 2914 754 2986 senibus
781 2923 816 2984 et
841 2912 1036 2984 iuvenibus:
1064 2923 1100 2984 et
1120 2912 1216 3005 quod
1239 2912 1363 2985 doctor
1386 2914 1420 2984 in
1443 2914 1602 2986 omnibus
1620 2915 1719 2986 bonis
1738 2937 1869 2986 exem-

538 3037 631 3129 plum
659 3033 788 3105 debeat
814 3054 893 3104 esse
920 3033 1102 3126 discipulis.

443 3158 506 3228 llll.
532 3159 584 3226 De
620 3155 749 3226 servis:
785 3163 820 3224 et
851 3153 946 3245 quod
979 3153 1137 3223 omuibus
1168 3153 1361 3224 bominibus
1395 3155 1504 3245 gratia
1537 3153 1594 3225 dei
1621 3155 1778 3226 inluxerit
1803 3177 1869 3224 sa-

536 3277 664 3347 lutaris.

468 3399 506 3466 V.
534 3399 585 3466 De
620 3395 765 3490 imperio
802 3395 998 3467 docentium
1034 3402 1068 3463 et
1095 3391 1307 3464 subiectione
1333 3394 1542 3488 principibus
1568 3415 1610 3464 ac
1637 3396 1869 3488 potestatibus

538 3516 585 3588 ad
612 3537 714 3586 omne
742 3537 831 3608 opus
856 3517 1002 3586 bonum:
1038 3522 1073 3582 et
1100 3512 1145 3583 de
1171 3512 1351 3584 virtutibus
1386 3514 1563 3585 omnibus:
1600 3525 1635 3585 et
1667 3516 1762 3608 quod
1792 3537 1867 3587 non

540 3637 733 3708 seeundum
761 3656 869 3728 opera
889 3635 1063 3704 bominum
1083 3633 1146 3703 sed
1164 3633 1353 3704 secundum
1379 3634 1590 3705 voluntatem
1610 3657 1708 3708 suam
1727 3637 1780 3706 cui
1797 3657 1867 3706 vo-

539 3758 637 3827 luerit
663 3757 823 3828 dominus
849 3754 1039 3824 miseretm.

461 3877 512 3946 Vl.
539 3879 591 3946 De
618 3877 837 3948 credentibus
864 3874 952 3956 deo,
980 3883 1016 3942 ut
1041 3895 1208 3967 praeesse
1235 3883 1352 3945 curent
1381 3875 1543 3964 operibus
1569 3875 1677 3948 bonis.

451 3995 510 4064 Vll.
537 3997 589 4065 De
616 3997 875 4090 quaestionibus
902 4003 937 4063 ct
963 3994 1175 4086 genealogiis
1203 4003 1238 4064 et
1263 3994 1349 4086 legis
1368 3995 1643 4068 contentionibus
1662 3993 1866 4068 devitandis.

432 4117 509 4186 VIII.
538 4117 589 4186 De
616 4117 767 4188 heretico
794 4115 933 4188 bomine
960 4135 1037 4184 curn
1065 4115 1174 4186 semel
1201 4123 1380 4206 correptus
1406 4115 1506 4186 luerit
1531 4117 1703 4189 evitando.

456 4239 510 4308 III.
538 4239 589 4307 De
618 4237 692 4309 Tito
719 4247 753 4308 ot
779 4233 963 4307 'Artbema
989 4246 1024 4304 et
1050 4235 1201 4328 Tycbico
1229 4243 1264 4304 et
1289 4235 1382 4306 Zena
1406 4235 1493 4328 legis
1519 4237 1631 4330 perito
1664 4245 1699 4306 et
1724 4234 1867 4328 Apollo:

544 4357 589 4428 de
617 4359 774 4450 apostolo
802 4355 991 4428 doctrinam
1019 4355 1089 4426 suis
1116 4354 1161 4426 ad
1187 4355 1280 4426 bona
1308 4375 1424 4448 opera,
1452 4378 1496 4427 ne
1520 4356 1718 4428 infructuosi
1735 4355 1867 4440 fierent,

544 4487 579 4547 et
605 4499 687 4548 usus
714 4475 933 4548 necessarios
964 4475 1155 4568 polbcente.

472 4599 512 4667 x.
539 4600 590 4668 De
619 4599 776 4690 apostolo
805 4596 986 4688 diligentes
1013 4616 1090 4665 eum
1119 4617 1183 4687 per
1208 4595 1338 4666 litteras
1365 4589 1596 4670 'salutantem

909 4765 1132 4830 EXPLICIUNT
1155 4762 1347 4828 CAPITULA.
