<?xml version="1.0" encoding="UTF-8"?>
<!DOCTYPE html PUBLIC "-//W3C//DTD XHTML 1.0 Transitional//EN"
    "http://www.w3.org/TR/xhtml1/DTD/xhtml1-transitional.dtd">
<html xmlns="http://www.w3.org/1999/xhtml" xml:lang="en" lang="en">
 <head>
  <title>
</title>
<meta http-equiv="Content-Type" content="text/html;charset=utf-8" />
  <meta name='ocr-system' content='tesseract 3.04.00' />
  <meta name='ocr-capabilities' content='ocr_page ocr_carea ocr_par ocr_line ocrx_word'/>
</head>
<body>
  <div class='ocr_page' id='page_1' title='image "./novumtestamentu02tiscgoog_0221.png"; bbox 0 0 4254 6130; ppageno 0'>
   <div class='ocr_carea' id='block_1_1' title="bbox 415 339 1510 420">
    <p class='ocr_par' dir='ltr' id='par_1_1' title="bbox 415 339 1510 420">
     <span class='ocr_line' id='line_1_1' title="bbox 415 339 1510 420; baseline -0.007 -5"><span class='ocrx_word' id='word_1_1' title='bbox 415 339 487 420; x_wconf 68' lang='lat'><strong>⁴70</strong></span> <span class='ocrx_word' id='word_1_2' title='bbox 730 411 733 418; x_wconf 89' lang='grc'>,</span> <span class='ocrx_word' id='word_1_3' title='bbox 802 345 1042 414; x_wconf 78' lang='lat' dir='ltr'><strong>uvnuosnuu</strong></span> <span class='ocrx_word' id='word_1_4' title='bbox 1071 346 1272 410; x_wconf 81' lang='lat' dir='ltr'><strong>succuum</strong></span> <span class='ocrx_word' id='word_1_5' title='bbox 1298 344 1510 411; x_wconf 74' lang='lat' dir='ltr'><strong>routmun-</strong></span> 
     </span>
    </p>
   </div>
   <div class='ocr_carea' id='block_1_2' title="bbox 330 546 1986 1126">
    <p class='ocr_par' dir='ltr' id='par_1_2' title="bbox 330 546 1986 1126">
     <span class='ocr_line' id='line_1_2' title="bbox 412 546 1894 645; baseline -0.001 -21"><span class='ocrx_word' id='word_1_6' title='bbox 412 563 447 625; x_wconf 91' lang='lat' dir='ltr'><strong>et</strong></span> <span class='ocrx_word' id='word_1_7' title='bbox 480 549 569 624; x_wconf 88' lang='lat' dir='ltr'><strong>haec</strong></span> <span class='ocrx_word' id='word_1_8' title='bbox 602 553 756 624; x_wconf 84' lang='lat' dir='ltr'><strong>lecerunt</strong></span> <span class='ocrx_word' id='word_1_9' title='bbox 790 551 831 622; x_wconf 89' lang='lat' dir='ltr'><strong>ei.</strong></span> <span class='ocrx_word' id='word_1_10' title='bbox 885 546 910 590; x_wconf 65' lang='grc' dir='ltr'><strong>Π</strong></span> <span class='ocrx_word' id='word_1_11' title='bbox 928 549 1174 624; x_wconf 76' lang='lat' dir='ltr'><strong>Testimonium</strong></span> <span class='ocrx_word' id='word_1_12' title='bbox 1210 572 1297 645; x_wconf 74' lang='lat' dir='ltr'><strong>crgo</strong></span> <span class='ocrx_word' id='word_1_13' title='bbox 1330 551 1537 644; x_wconf 76' lang='lat' dir='ltr'>perhibebat</span> <span class='ocrx_word' id='word_1_14' title='bbox 1567 549 1667 622; x_wconf 87' lang='lat' dir='ltr'><strong>turba</strong></span> <span class='ocrx_word' id='word_1_15' title='bbox 1700 571 1791 642; x_wconf 88' lang='lat' dir='ltr'><strong>quae</strong></span> <span class='ocrx_word' id='word_1_16' title='bbox 1818 561 1894 622; x_wconf 87' lang='lat' dir='ltr'><strong>crat</strong></span> 
     </span>
     <span class='ocr_line' id='line_1_3' title="bbox 412 668 1986 772; baseline 0.001 -27"><span class='ocrx_word' id='word_1_17' title='bbox 412 695 490 745; x_wconf 90' lang='lat' dir='ltr'><strong>cum</strong></span> <span class='ocrx_word' id='word_1_18' title='bbox 525 696 568 745; x_wconf 88' lang='lat' dir='ltr'><strong>so</strong></span> <span class='ocrx_word' id='word_1_19' title='bbox 602 670 742 765; x_wconf 89' lang='lat' dir='ltr'><strong>quando</strong></span> <span class='ocrx_word' id='word_1_20' title='bbox 775 672 940 772; x_wconf 79' lang='lat' dir='ltr'><strong>Lazarum</strong></span> <span class='ocrx_word' id='word_1_21' title='bbox 956 703 960 708; x_wconf 95' lang='lat'><em>·</em></span> <span class='ocrx_word' id='word_1_22' title='bbox 975 671 1113 743; x_wconf 84' lang='lat' dir='ltr'><strong>vocavit</strong></span> <span class='ocrx_word' id='word_1_23' title='bbox 1146 669 1192 742; x_wconf 88' lang='lat' dir='ltr'><strong>de</strong></span> <span class='ocrx_word' id='word_1_24' title='bbox 1227 681 1451 744; x_wconf 92' lang='lat' dir='ltr'><strong>monumento</strong></span> <span class='ocrx_word' id='word_1_25' title='bbox 1486 679 1522 741; x_wconf 88' lang='lat' dir='ltr'><strong>et</strong></span> <span class='ocrx_word' id='word_1_26' title='bbox 1554 668 1730 742; x_wconf 78' lang='lat' dir='ltr'><strong>suscitavit</strong></span> <span class='ocrx_word' id='word_1_27' title='bbox 1763 693 1893 746; x_wconf 84' lang='lat' dir='ltr'><strong>cuma</strong></span> <span class='ocrx_word' id='word_1_28' title='bbox 1981 707 1986 721; x_wconf 92' lang='lat'><strong>·</strong></span> 
     </span>
     <span class='ocr_line' id='line_1_4' title="bbox 411 783 1892 886; baseline 0 -22"><span class='ocrx_word' id='word_1_29' title='bbox 411 794 570 866; x_wconf 79' lang='lat' dir='ltr'>mortuis:</span> <span class='ocrx_word' id='word_1_30' title='bbox 623 783 649 828; x_wconf 79' lang='lat'><strong>⁴⁸</strong></span> <span class='ocrx_word' id='word_1_31' title='bbox 661 801 847 886; x_wconf 83' lang='lat' dir='ltr'><strong>propterea</strong></span> <span class='ocrx_word' id='word_1_32' title='bbox 875 802 910 863; x_wconf 90' lang='lat' dir='ltr'><strong>et</strong></span> <span class='ocrx_word' id='word_1_33' title='bbox 935 791 1075 863; x_wconf 89' lang='lat' dir='ltr'><strong>obviam</strong></span> <span class='ocrx_word' id='word_1_34' title='bbox 1104 792 1195 864; x_wconf 87' lang='lat' dir='ltr'><strong>venit</strong></span> <span class='ocrx_word' id='word_1_35' title='bbox 1220 793 1253 863; x_wconf 89' lang='lat' dir='ltr'><strong>si</strong></span> <span class='ocrx_word' id='word_1_36' title='bbox 1280 792 1395 879; x_wconf 83' lang='lat' dir='ltr'><strong>turbs,</strong></span> <span class='ocrx_word' id='word_1_37' title='bbox 1422 791 1502 886; x_wconf 85' lang='lat' dir='ltr'><strong>quia</strong></span> <span class='ocrx_word' id='word_1_38' title='bbox 1527 789 1710 862; x_wconf 86' lang='lat' dir='ltr'><strong>audierunt</strong></span> <span class='ocrx_word' id='word_1_39' title='bbox 1735 813 1814 864; x_wconf 87' lang='lat' dir='ltr'><strong>eum</strong></span> <span class='ocrx_word' id='word_1_40' title='bbox 1840 793 1892 864; x_wconf 84' lang='lat' dir='ltr'><strong>ie·</strong></span> 
     </span>
     <span class='ocr_line' id='line_1_5' title="bbox 412 903 1893 1010; baseline 0.001 -27"><span class='ocrx_word' id='word_1_41' title='bbox 412 913 500 984; x_wconf 88' lang='lat' dir='ltr'><strong>cisse</strong></span> <span class='ocrx_word' id='word_1_42' title='bbox 528 911 595 982; x_wconf 93' lang='lat' dir='ltr'><strong>hoc</strong></span> <span class='ocrx_word' id='word_1_43' title='bbox 621 912 764 1004; x_wconf 81' lang='lat' dir='ltr'><strong>signum.</strong></span> <span class='ocrx_word' id='word_1_44' title='bbox 804 903 830 947; x_wconf 76' lang='lat'><strong>⁴⁰</strong></span> <span class='ocrx_word' id='word_1_45' title='bbox 847 911 1019 984; x_wconf 84' lang='lat' dir='ltr'><strong>Pharisaei</strong></span> <span class='ocrx_word' id='word_1_46' title='bbox 1047 933 1133 1004; x_wconf 78' lang='lat' dir='ltr'><strong>crgo</strong></span> <span class='ocrx_word' id='word_1_47' title='bbox 1152 912 1313 984; x_wconf 88' lang='lat' dir='ltr'><strong>dixerunt</strong></span> <span class='ocrx_word' id='word_1_48' title='bbox 1339 912 1383 1010; x_wconf 85' lang='lat' dir='ltr'><strong>ad</strong></span> <span class='ocrx_word' id='word_1_49' title='bbox 1411 922 1524 984; x_wconf 88' lang='lat' dir='ltr'><strong>semet</strong></span> <span class='ocrx_word' id='word_1_50' title='bbox 1540 911 1638 1006; x_wconf 89' lang='lat' dir='ltr'><strong>ipsos</strong></span> <span class='ocrx_word' id='word_1_51' title='bbox 1663 909 1794 984; x_wconf 89' lang='lat' dir='ltr'><strong>Videtis</strong></span> <span class='ocrx_word' id='word_1_52' title='bbox 1812 911 1893 1005; x_wconf 86' lang='lat' dir='ltr'><strong>quis</strong></span> 
     </span>
     <span class='ocr_line' id='line_1_6' title="bbox 330 1011 1890 1126; baseline 0 -24"><span class='ocrx_word' id='word_1_53' title='bbox 330 1043 340 1062; x_wconf 86' lang='lat'><strong><em>¹</em></strong></span> <span class='ocrx_word' id='word_1_54' title='bbox 411 1011 507 1102; x_wconf 85' lang='lat' dir='ltr'><strong>&#39;nihil</strong></span> <span class='ocrx_word' id='word_1_55' title='bbox 533 1029 747 1124; x_wconf 89' lang='lat' dir='ltr'><strong>proficimus:</strong></span> <span class='ocrx_word' id='word_1_56' title='bbox 775 1051 858 1102; x_wconf 90' lang='lat' dir='ltr'><strong>ecce</strong></span> <span class='ocrx_word' id='word_1_57' title='bbox 887 1030 1034 1102; x_wconf 90' lang='lat' dir='ltr'><strong>mundus</strong></span> <span class='ocrx_word' id='word_1_58' title='bbox 1061 1041 1153 1104; x_wconf 90' lang='lat' dir='ltr'><strong>totus</strong></span> <span class='ocrx_word' id='word_1_59' title='bbox 1178 1041 1258 1126; x_wconf 93' lang='lat' dir='ltr'><strong>post</strong></span> <span class='ocrx_word' id='word_1_60' title='bbox 1284 1054 1363 1104; x_wconf 91' lang='lat' dir='ltr'><strong>eurn</strong></span> <span class='ocrx_word' id='word_1_61' title='bbox 1383 1032 1472 1104; x_wconf 89' lang='lat' dir='ltr'><strong>abiit.</strong></span> <span class='ocrx_word' id='word_1_62' title='bbox 1512 1023 1655 1104; x_wconf 65' lang='lat' dir='ltr'><strong>”Erant</strong></span> <span class='ocrx_word' id='word_1_63' title='bbox 1672 1041 1787 1104; x_wconf 87' lang='lat' dir='ltr'><strong>autem</strong></span> <span class='ocrx_word' id='word_1_64' title='bbox 1806 1053 1890 1124; x_wconf 82' lang='lat' dir='ltr'><strong>gen-</strong></span> 
     </span>
    </p>
   </div>
   <div class='ocr_carea' id='block_1_3' title="bbox 285 1144 1891 1244">
    <p class='ocr_par' dir='ltr' id='par_1_3' title="bbox 285 1144 1891 1244">
     <span class='ocr_line' id='line_1_7' title="bbox 285 1144 1891 1244; baseline 0 -22"><span class='ocrx_word' id='word_1_65' title='bbox 285 1202 288 1210; x_wconf 45' lang='grc'>,</span> <span class='ocrx_word' id='word_1_66' title='bbox 411 1152 488 1222; x_wconf 86' lang='lat' dir='ltr'><strong>tiles</strong></span> <span class='ocrx_word' id='word_1_67' title='bbox 514 1151 654 1244; x_wconf 87' lang='lat' dir='ltr'><strong>quidam</strong></span> <span class='ocrx_word' id='word_1_68' title='bbox 673 1173 719 1222; x_wconf 90' lang='lat' dir='ltr'><strong>cx</strong></span> <span class='ocrx_word' id='word_1_69' title='bbox 747 1151 800 1222; x_wconf 88' lang='lat' dir='ltr'><strong>his</strong></span> <span class='ocrx_word' id='word_1_70' title='bbox 827 1151 883 1244; x_wconf 89' lang='lat' dir='ltr'><strong>qui</strong></span> <span class='ocrx_word' id='word_1_71' title='bbox 902 1151 1132 1224; x_wconf 86' lang='lat' dir='ltr'><strong>ascenderant</strong></span> <span class='ocrx_word' id='word_1_72' title='bbox 1159 1161 1195 1222; x_wconf 94' lang='lat' dir='ltr'><strong>ut</strong></span> <span class='ocrx_word' id='word_1_73' title='bbox 1213 1152 1399 1225; x_wconf 80' lang='lat' dir='ltr'><strong>adorarent</strong></span> <span class='ocrx_word' id='word_1_74' title='bbox 1426 1153 1459 1224; x_wconf 93' lang='lat' dir='ltr'><strong>in</strong></span> <span class='ocrx_word' id='word_1_75' title='bbox 1485 1152 1543 1224; x_wconf 91' lang='lat' dir='ltr'><strong>die</strong></span> <span class='ocrx_word' id='word_1_76' title='bbox 1561 1153 1667 1224; x_wconf 85' lang='lat' dir='ltr'><strong>testo:</strong></span> <span class='ocrx_word' id='word_1_77' title='bbox 1710 1144 1734 1189; x_wconf 74' lang='lat'><strong>²¹</strong></span> <span class='ocrx_word' id='word_1_78' title='bbox 1754 1152 1789 1222; x_wconf 95' lang='lat' dir='ltr'><strong>hi</strong></span> <span class='ocrx_word' id='word_1_79' title='bbox 1807 1173 1891 1244; x_wconf 79' lang='lat' dir='ltr'><strong>ergo</strong></span> 
     </span>
    </p>
   </div>
   <div class='ocr_carea' id='block_1_4' title="bbox 408 1269 1934 2327">
    <p class='ocr_par' dir='ltr' id='par_1_4' title="bbox 408 1269 1934 2327">
     <span class='ocr_line' id='line_1_8' title="bbox 411 1269 1891 1366; baseline 0 -22"><span class='ocrx_word' id='word_1_80' title='bbox 411 1281 633 1344; x_wconf 88' lang='lat' dir='ltr'><strong>accesserunt</strong></span> <span class='ocrx_word' id='word_1_81' title='bbox 667 1270 712 1342; x_wconf 90' lang='lat' dir='ltr'><strong>ad</strong></span> <span class='ocrx_word' id='word_1_82' title='bbox 747 1269 936 1364; x_wconf 88' lang='lat' dir='ltr'><strong>Philippum</strong></span> <span class='ocrx_word' id='word_1_83' title='bbox 972 1271 1028 1364; x_wconf 91' lang='lat' dir='ltr'><strong>qui</strong></span> <span class='ocrx_word' id='word_1_84' title='bbox 1061 1281 1135 1342; x_wconf 89' lang='lat' dir='ltr'><strong>erat</strong></span> <span class='ocrx_word' id='word_1_85' title='bbox 1168 1293 1188 1343; x_wconf 94' lang='lat' dir='ltr'><strong>a</strong></span> <span class='ocrx_word' id='word_1_86' title='bbox 1222 1271 1410 1344; x_wconf 78' lang='lat' dir='ltr'><strong>Bethsaida</strong></span> <span class='ocrx_word' id='word_1_87' title='bbox 1448 1271 1631 1359; x_wconf 87' lang='lat' dir='ltr'><strong>Galilaeae,</strong></span> <span class='ocrx_word' id='word_1_88' title='bbox 1659 1283 1695 1344; x_wconf 87' lang='lat' dir='ltr'><strong>et</strong></span> <span class='ocrx_word' id='word_1_89' title='bbox 1722 1274 1891 1366; x_wconf 79' lang='lat' dir='ltr'><strong>rogabant</strong></span> 
     </span>
     <span class='ocr_line' id='line_1_9' title="bbox 410 1385 1890 1488; baseline 0 -26"><span class='ocrx_word' id='word_1_90' title='bbox 410 1413 489 1462; x_wconf 89' lang='lat' dir='ltr'><strong>eum</strong></span> <span class='ocrx_word' id='word_1_91' title='bbox 517 1391 672 1464; x_wconf 85' lang='lat' dir='ltr'><strong>dicentes</strong></span> <span class='ocrx_word' id='word_1_92' title='bbox 699 1391 853 1476; x_wconf 89' lang='lat' dir='ltr'><strong>Domine,</strong></span> <span class='ocrx_word' id='word_1_93' title='bbox 880 1392 1039 1464; x_wconf 89' lang='lat' dir='ltr'><strong>volumus</strong></span> <span class='ocrx_word' id='word_1_94' title='bbox 1065 1391 1176 1462; x_wconf 90' lang='lat' dir='ltr'><strong>lesum</strong></span> <span class='ocrx_word' id='word_1_95' title='bbox 1203 1391 1333 1464; x_wconf 88' lang='lat' dir='ltr'><strong>videre.</strong></span> <span class='ocrx_word' id='word_1_96' title='bbox 1386 1385 1533 1464; x_wconf 64' lang='lat' dir='ltr'><strong>”Venit</strong></span> <span class='ocrx_word' id='word_1_97' title='bbox 1547 1393 1722 1488; x_wconf 88' lang='lat' dir='ltr'><strong>Philippus</strong></span> <span class='ocrx_word' id='word_1_98' title='bbox 1749 1403 1784 1465; x_wconf 87' lang='lat' dir='ltr'><strong>ct</strong></span> <span class='ocrx_word' id='word_1_99' title='bbox 1810 1392 1890 1465; x_wconf 88' lang='lat' dir='ltr'><strong>dicit</strong></span> 
     </span>
     <span class='ocr_line' id='line_1_10' title="bbox 408 1503 1888 1606; baseline 0.001 -24"><span class='ocrx_word' id='word_1_100' title='bbox 408 1511 593 1596; x_wconf 86' lang='lat' dir='ltr'><strong>Andreac,-</strong></span> <span class='ocrx_word' id='word_1_101' title='bbox 617 1511 776 1584; x_wconf 77' lang='lat' dir='ltr'><strong>Andreas</strong></span> <span class='ocrx_word' id='word_1_102' title='bbox 803 1532 937 1582; x_wconf 90' lang='lat' dir='ltr'><strong>rursum</strong></span> <span class='ocrx_word' id='word_1_103' title='bbox 971 1519 1007 1582; x_wconf 88' lang='lat' dir='ltr'><strong>et</strong></span> <span class='ocrx_word' id='word_1_104' title='bbox 1032 1509 1206 1606; x_wconf 89' lang='lat' dir='ltr'><strong>Philippus</strong></span> <span class='ocrx_word' id='word_1_105' title='bbox 1233 1511 1350 1584; x_wconf 90' lang='lat' dir='ltr'><strong>dicunt</strong></span> <span class='ocrx_word' id='word_1_106' title='bbox 1375 1513 1460 1584; x_wconf 88' lang='lat' dir='ltr'><strong>lesu.</strong></span> <span class='ocrx_word' id='word_1_107' title='bbox 1489 1504 1539 1550; x_wconf 68' lang='lat'><strong>&#39;²³</strong></span> <span class='ocrx_word' id='word_1_108' title='bbox 1553 1503 1641 1562; x_wconf 54' lang='lat' dir='ltr'><strong>“ml</strong></span> <span class='ocrx_word' id='word_1_109' title='bbox 1654 1515 1748 1588; x_wconf 88' lang='lat' dir='ltr'><strong>lesus</strong></span> <span class='ocrx_word' id='word_1_110' title='bbox 1774 1523 1888 1586; x_wconf 86' lang='lat' dir='ltr'><strong>autem</strong></span> 
     </span>
     <span class='ocr_line' id='line_1_11' title="bbox 410 1622 1934 1726; baseline 0.001 -24"><span class='ocrx_word' id='word_1_111' title='bbox 410 1631 588 1726; x_wconf 89' lang='lat' dir='ltr'><strong>respondit</strong></span> <span class='ocrx_word' id='word_1_112' title='bbox 606 1633 657 1704; x_wconf 88' lang='lat' dir='ltr'><strong>eis</strong></span> <span class='ocrx_word' id='word_1_113' title='bbox 675 1631 794 1704; x_wconf 91' lang='lat' dir='ltr'><strong>dicens</strong></span> <span class='ocrx_word' id='word_1_114' title='bbox 813 1633 911 1702; x_wconf 84' lang='lat' dir='ltr'><strong>Venit.</strong></span> <span class='ocrx_word' id='word_1_115' title='bbox 929 1631 1014 1704; x_wconf 91' lang='lat' dir='ltr'><strong>hora</strong></span> <span class='ocrx_word' id='word_1_116' title='bbox 1032 1640 1068 1704; x_wconf 93' lang='lat' dir='ltr'><strong>ut</strong></span> <span class='ocrx_word' id='word_1_117' title='bbox 1085 1629 1295 1723; x_wconf 79' lang='lat' dir='ltr'><strong>glorificetur</strong></span> <span class='ocrx_word' id='word_1_118' title='bbox 1320 1631 1406 1704; x_wconf 85' lang='lat' dir='ltr'><strong>tilius</strong></span> <span class='ocrx_word' id='word_1_119' title='bbox 1424 1633 1580 1704; x_wconf 90' lang='lat' dir='ltr'><strong>hominis.</strong></span> <span class='ocrx_word' id='word_1_120' title='bbox 1624 1623 1651 1670; x_wconf 76' lang='lat'><strong>²⁴</strong></span> <span class='ocrx_word' id='word_1_121' title='bbox 1664 1623 1764 1681; x_wconf 57' lang='grc' dir='ltr'><strong>(Μ)</strong></span> <span class='ocrx_word' id='word_1_122' title='bbox 1777 1632 1889 1704; x_wconf 88' lang='lat' dir='ltr'><strong>Amen</strong></span> <span class='ocrx_word' id='word_1_123' title='bbox 1930 1622 1934 1630; x_wconf 75' lang='grc'>’</span> 
     </span>
     <span class='ocr_line' id='line_1_12' title="bbox 410 1751 1887 1844; baseline 0 -20"><span class='ocrx_word' id='word_1_124' title='bbox 410 1775 512 1824; x_wconf 88' lang='lat' dir='ltr'><strong>amen</strong></span> <span class='ocrx_word' id='word_1_125' title='bbox 538 1753 618 1824; x_wconf 92' lang='lat' dir='ltr'><strong>dico</strong></span> <span class='ocrx_word' id='word_1_126' title='bbox 644 1753 754 1832; x_wconf 87' lang='lat' dir='ltr'><strong>vobis,</strong></span> <span class='ocrx_word' id='word_1_127' title='bbox 781 1751 843 1822; x_wconf 90' lang='lat' dir='ltr'><strong>nisi</strong></span> <span class='ocrx_word' id='word_1_128' title='bbox 870 1773 1015 1844; x_wconf 70' lang='lat' dir='ltr'><strong>gruum</strong></span> <span class='ocrx_word' id='word_1_129' title='bbox 1043 1753 1200 1824; x_wconf 79' lang='lat' dir='ltr'><strong>frumenti</strong></span> <span class='ocrx_word' id='word_1_130' title='bbox 1235 1751 1365 1824; x_wconf 88' lang='lat' dir='ltr'><strong>cadens</strong></span> <span class='ocrx_word' id='word_1_131' title='bbox 1391 1753 1426 1824; x_wconf 88' lang='lat' dir='ltr'><strong>in</strong></span> <span class='ocrx_word' id='word_1_132' title='bbox 1461 1763 1587 1825; x_wconf 86' lang='lat' dir='ltr'><strong>terram</strong></span> <span class='ocrx_word' id='word_1_133' title='bbox 1615 1763 1787 1824; x_wconf 90' lang='lat' dir='ltr'><strong>mortuum</strong></span> <span class='ocrx_word' id='word_1_134' title='bbox 1814 1755 1887 1824; x_wconf 84' lang='lat' dir='ltr'><strong>tue-</strong></span> 
     </span>
     <span class='ocr_line' id='line_1_13' title="bbox 409 1865 1888 1974; baseline 0.003 -32"><span class='ocrx_word' id='word_1_135' title='bbox 409 1874 467 1959; x_wconf 88' lang='lat' dir='ltr'><strong>rit,</strong></span> <span class='ocrx_word' id='word_1_136' title='bbox 511 1865 538 1910; x_wconf 45' lang='grc' dir='ltr'>ἢ</span> <span class='ocrx_word' id='word_1_137' title='bbox 555 1875 668 1968; x_wconf 90' lang='lat' dir='ltr'><strong>ipsum</strong></span> <span class='ocrx_word' id='word_1_138' title='bbox 703 1873 814 1944; x_wconf 87' lang='lat' dir='ltr'><strong>solum</strong></span> <span class='ocrx_word' id='word_1_139' title='bbox 850 1881 982 1944; x_wconf 90' lang='lat' dir='ltr'><strong>manet:</strong></span> <span class='ocrx_word' id='word_1_140' title='bbox 1018 1871 1046 1942; x_wconf 91' lang='lat' dir='ltr'><strong>si</strong></span> <span class='ocrx_word' id='word_1_141' title='bbox 1080 1883 1193 1948; x_wconf 85' lang='lat' dir='ltr'><strong>autern</strong></span> <span class='ocrx_word' id='word_1_142' title='bbox 1229 1883 1401 1974; x_wconf 90' lang='lat' dir='ltr'><strong>mortuum</strong></span> <span class='ocrx_word' id='word_1_143' title='bbox 1427 1874 1541 1960; x_wconf 80' lang='lat' dir='ltr'><strong>tuerit,</strong></span> <span class='ocrx_word' id='word_1_144' title='bbox 1576 1875 1717 1946; x_wconf 89' lang='lat' dir='ltr'><strong>multum</strong></span> <span class='ocrx_word' id='word_1_145' title='bbox 1744 1874 1888 1946; x_wconf 78' lang='lat' dir='ltr'><strong>fructum</strong></span> 
     </span>
     <span class='ocr_line' id='line_1_14' title="bbox 410 1985 1925 2093; baseline -0.001 -27"><span class='ocrx_word' id='word_1_146' title='bbox 410 1995 530 2068; x_wconf 80' lang='lat' dir='ltr'><strong>adfert.</strong></span> <span class='ocrx_word' id='word_1_147' title='bbox 557 1985 644 2037; x_wconf 52' lang='lat'><strong>‘¹⁰⁵³‘</strong></span> <span class='ocrx_word' id='word_1_148' title='bbox 660 1993 725 2078; x_wconf 84' lang='lat' dir='ltr'><strong>Qui</strong></span> <span class='ocrx_word' id='word_1_149' title='bbox 761 2003 854 2064; x_wconf 89' lang='lat' dir='ltr'><strong>amat</strong></span> <span class='ocrx_word' id='word_1_150' title='bbox 887 1992 1035 2064; x_wconf 80' lang='lat' dir='ltr'><strong>unimam</strong></span> <span class='ocrx_word' id='word_1_151' title='bbox 1070 2015 1186 2078; x_wconf 87' lang='lat' dir='ltr'><strong>suam,</strong></span> <span class='ocrx_word' id='word_1_152' title='bbox 1223 1993 1347 2086; x_wconf 88' lang='lat' dir='ltr'><strong>perdet</strong></span> <span class='ocrx_word' id='word_1_153' title='bbox 1373 2015 1468 2080; x_wconf 88' lang='lat' dir='ltr'><strong>eam;</strong></span> <span class='ocrx_word' id='word_1_154' title='bbox 1496 2003 1531 2066; x_wconf 89' lang='lat' dir='ltr'><strong>et</strong></span> <span class='ocrx_word' id='word_1_155' title='bbox 1558 1996 1615 2088; x_wconf 93' lang='lat' dir='ltr'><strong>qui</strong></span> <span class='ocrx_word' id='word_1_156' title='bbox 1642 1993 1715 2066; x_wconf 90' lang='lat' dir='ltr'><strong>odit</strong></span> <span class='ocrx_word' id='word_1_157' title='bbox 1740 1993 1886 2066; x_wconf 81' lang='lat' dir='ltr'><strong>ammam</strong></span> <span class='ocrx_word' id='word_1_158' title='bbox 1923 2083 1925 2093; x_wconf 27' lang='grc' dir='ltr'>Ι</span> 
     </span>
     <span class='ocr_line' id='line_1_15' title="bbox 409 2105 1889 2208; baseline -0.001 -23"><span class='ocrx_word' id='word_1_159' title='bbox 409 2137 506 2186; x_wconf 88' lang='lat' dir='ltr'><strong>suam</strong></span> <span class='ocrx_word' id='word_1_160' title='bbox 535 2114 567 2184; x_wconf 89' lang='lat' dir='ltr'><strong>in</strong></span> <span class='ocrx_word' id='word_1_161' title='bbox 593 2113 661 2185; x_wconf 93' lang='lat' dir='ltr'><strong>hoc</strong></span> <span class='ocrx_word' id='word_1_162' title='bbox 687 2113 832 2196; x_wconf 89' lang='lat' dir='ltr'><strong>mundo,</strong></span> <span class='ocrx_word' id='word_1_163' title='bbox 870 2113 901 2182; x_wconf 89' lang='lat' dir='ltr'><strong>in</strong></span> <span class='ocrx_word' id='word_1_164' title='bbox 929 2113 1034 2184; x_wconf 89' lang='lat' dir='ltr'><strong>vitam</strong></span> <span class='ocrx_word' id='word_1_165' title='bbox 1062 2122 1237 2184; x_wconf 80' lang='lat' dir='ltr'><strong>aeternam</strong></span> <span class='ocrx_word' id='word_1_166' title='bbox 1272 2113 1420 2186; x_wconf 89' lang='lat' dir='ltr'><strong>custodit</strong></span> <span class='ocrx_word' id='word_1_167' title='bbox 1452 2135 1540 2185; x_wconf 87' lang='lat' dir='ltr'><strong>eam.</strong></span> <span class='ocrx_word' id='word_1_168' title='bbox 1593 2105 1732 2158; x_wconf 53' lang='grc' dir='ltr'><strong>ΝΜ</strong></span> <span class='ocrx_word' id='word_1_169' title='bbox 1752 2114 1788 2184; x_wconf 92' lang='lat' dir='ltr'><strong>Si</strong></span> <span class='ocrx_word' id='word_1_170' title='bbox 1814 2113 1889 2208; x_wconf 91' lang='lat' dir='ltr'><strong>quis</strong></span> 
     </span>
     <span class='ocr_line' id='line_1_16' title="bbox 408 2220 1886 2327; baseline -0.002 -22"><span class='ocrx_word' id='word_1_171' title='bbox 408 2233 489 2305; x_wconf 90' lang='lat' dir='ltr'><strong>mihi</strong></span> <span class='ocrx_word' id='word_1_172' title='bbox 516 2233 691 2320; x_wconf 87' lang='lat' dir='ltr'><strong>ministrat,</strong></span> <span class='ocrx_word' id='word_1_173' title='bbox 719 2220 774 2303; x_wconf 84' lang='lat' dir='ltr'><strong>me</strong></span> <span class='ocrx_word' id='word_1_174' title='bbox 802 2241 972 2324; x_wconf 88' lang='lat' dir='ltr'><strong>sequatur,</strong></span> <span class='ocrx_word' id='word_1_175' title='bbox 1001 2243 1036 2303; x_wconf 90' lang='lat' dir='ltr'><strong>et</strong></span> <span class='ocrx_word' id='word_1_176' title='bbox 1063 2233 1120 2303; x_wconf 92' lang='lat' dir='ltr'><strong>ubi</strong></span> <span class='ocrx_word' id='word_1_177' title='bbox 1147 2256 1221 2304; x_wconf 89' lang='lat' dir='ltr'><strong>sum</strong></span> <span class='ocrx_word' id='word_1_178' title='bbox 1251 2255 1329 2327; x_wconf 83' lang='lat' dir='ltr'><strong>ego,</strong></span> <span class='ocrx_word' id='word_1_179' title='bbox 1358 2235 1422 2306; x_wconf 84' lang='lat' dir='ltr'><strong>ibic</strong></span> <span class='ocrx_word' id='word_1_180' title='bbox 1449 2245 1484 2306; x_wconf 89' lang='lat' dir='ltr'><strong>et</strong></span> <span class='ocrx_word' id='word_1_181' title='bbox 1510 2234 1662 2306; x_wconf 90' lang='lat' dir='ltr'><strong>minister</strong></span> <span class='ocrx_word' id='word_1_182' title='bbox 1689 2234 1886 2306; x_wconf 84' lang='lat' dir='ltr'><strong>meuserit:</strong></span> 
     </span>
    </p>
   </div>
   <div class='ocr_carea' id='block_1_5' title="bbox 409 2345 2025 2448">
    <p class='ocr_par' dir='ltr' id='par_1_5' title="bbox 409 2345 2025 2448">
     <span class='ocr_line' id='line_1_17' title="bbox 409 2345 2025 2448; baseline -0.002 -22"><span class='ocrx_word' id='word_1_183' title='bbox 409 2357 437 2427; x_wconf 93' lang='lat' dir='ltr'><strong>si</strong></span> <span class='ocrx_word' id='word_1_184' title='bbox 464 2355 539 2447; x_wconf 90' lang='lat' dir='ltr'><strong>quis</strong></span> <span class='ocrx_word' id='word_1_185' title='bbox 565 2353 646 2424; x_wconf 93' lang='lat' dir='ltr'><strong>mihi</strong></span> <span class='ocrx_word' id='word_1_186' title='bbox 672 2352 883 2436; x_wconf 86' lang='lat' dir='ltr'><strong>ministrabit,</strong></span> <span class='ocrx_word' id='word_1_187' title='bbox 912 2351 1151 2425; x_wconf 88' lang='lat' dir='ltr'><strong>honorificabit</strong></span> <span class='ocrx_word' id='word_1_188' title='bbox 1177 2375 1256 2424; x_wconf 88' lang='lat' dir='ltr'><strong>eum</strong></span> <span class='ocrx_word' id='word_1_189' title='bbox 1283 2363 1381 2448; x_wconf 89' lang='lat' dir='ltr'><strong>pater</strong></span> <span class='ocrx_word' id='word_1_190' title='bbox 1406 2376 1514 2426; x_wconf 89' lang='lat' dir='ltr'><strong>meus.</strong></span> <span class='ocrx_word' id='word_1_191' title='bbox 1552 2345 1681 2400; x_wconf 57' lang='lat' dir='ltr'><strong>”imi</strong></span> <span class='ocrx_word' id='word_1_192' title='bbox 1698 2353 1795 2424; x_wconf 91' lang='lat' dir='ltr'><strong>Nunc</strong></span> <span class='ocrx_word' id='word_1_193' title='bbox 1813 2353 1887 2424; x_wconf 91' lang='lat' dir='ltr'><strong>ani-</strong></span> <span class='ocrx_word' id='word_1_194' title='bbox 2022 2389 2025 2402; x_wconf 94' lang='lat'><em>·</em></span> 
     </span>
    </p>
   </div>
   <div class='ocr_carea' id='block_1_6' title="bbox 402 2473 1887 5096">
    <p class='ocr_par' dir='ltr' id='par_1_6' title="bbox 402 2473 1887 5096">
     <span class='ocr_line' id='line_1_18' title="bbox 410 2473 1885 2565; baseline -0.001 -19"><span class='ocrx_word' id='word_1_195' title='bbox 410 2498 465 2547; x_wconf 89' lang='lat' dir='ltr'><strong>ma</strong></span> <span class='ocrx_word' id='word_1_196' title='bbox 492 2497 572 2549; x_wconf 89' lang='lat' dir='ltr'><strong>mea</strong></span> <span class='ocrx_word' id='word_1_197' title='bbox 600 2475 735 2546; x_wconf 87' lang='lat' dir='ltr'><strong>turbata</strong></span> <span class='ocrx_word' id='word_1_198' title='bbox 763 2483 825 2558; x_wconf 91' lang='lat' dir='ltr'><strong>cst,</strong></span> <span class='ocrx_word' id='word_1_199' title='bbox 854 2483 889 2543; x_wconf 90' lang='lat' dir='ltr'><strong>et</strong></span> <span class='ocrx_word' id='word_1_200' title='bbox 923 2473 1004 2565; x_wconf 91' lang='lat' dir='ltr'><strong>quid</strong></span> <span class='ocrx_word' id='word_1_201' title='bbox 1040 2473 1178 2546; x_wconf 77' lang='lat' dir='ltr'><strong>dicam?</strong></span> <span class='ocrx_word' id='word_1_202' title='bbox 1214 2474 1332 2559; x_wconf 89' lang='lat' dir='ltr'><strong>Pater,</strong></span> <span class='ocrx_word' id='word_1_203' title='bbox 1361 2473 1511 2548; x_wconf 88' lang='lat' dir='ltr'><strong>salvifica</strong></span> <span class='ocrx_word' id='word_1_204' title='bbox 1543 2495 1600 2544; x_wconf 88' lang='lat' dir='ltr'><strong>me</strong></span> <span class='ocrx_word' id='word_1_205' title='bbox 1626 2495 1672 2544; x_wconf 89' lang='lat' dir='ltr'><strong>ex</strong></span> <span class='ocrx_word' id='word_1_206' title='bbox 1699 2474 1784 2546; x_wconf 90' lang='lat' dir='ltr'><strong>hora</strong></span> <span class='ocrx_word' id='word_1_207' title='bbox 1811 2473 1885 2546; x_wconf 92' lang='lat' dir='ltr'><strong>hac.</strong></span> 
     </span>
     <span class='ocr_line' id='line_1_19' title="bbox 408 2586 1885 2688; baseline 0 -24"><span class='ocrx_word' id='word_1_208' title='bbox 408 2586 511 2642; x_wconf 76' lang='lat'><strong>(¹⁰⁸=⁴⁰·)</strong></span> <span class='ocrx_word' id='word_1_209' title='bbox 530 2593 599 2665; x_wconf 88' lang='lat' dir='ltr'><strong>Sed</strong></span> <span class='ocrx_word' id='word_1_210' title='bbox 635 2603 822 2688; x_wconf 86' lang='lat' dir='ltr'><strong>propterea</strong></span> <span class='ocrx_word' id='word_1_211' title='bbox 856 2594 935 2664; x_wconf 89' lang='lat' dir='ltr'><strong>veni</strong></span> <span class='ocrx_word' id='word_1_212' title='bbox 967 2593 1000 2663; x_wconf 92' lang='lat' dir='ltr'><strong>in</strong></span> <span class='ocrx_word' id='word_1_213' title='bbox 1032 2594 1153 2665; x_wconf 90' lang='lat' dir='ltr'><strong>horam</strong></span> <span class='ocrx_word' id='word_1_214' title='bbox 1187 2594 1290 2666; x_wconf 92' lang='lat' dir='ltr'><strong>hanc:</strong></span> <span class='ocrx_word' id='word_1_215' title='bbox 1340 2587 1367 2632; x_wconf 73' lang='lat'><strong>²⁸</strong></span> <span class='ocrx_word' id='word_1_216' title='bbox 1379 2604 1495 2688; x_wconf 88' lang='lat' dir='ltr'><strong>pater,</strong></span> <span class='ocrx_word' id='word_1_217' title='bbox 1524 2593 1673 2672; x_wconf 83' lang='lat' dir='ltr'><strong>clarifica</strong></span> <span class='ocrx_word' id='word_1_218' title='bbox 1700 2605 1793 2666; x_wconf 90' lang='lat' dir='ltr'><strong>tuum</strong></span> <span class='ocrx_word' id='word_1_219' title='bbox 1819 2615 1885 2666; x_wconf 94' lang='lat' dir='ltr'><strong>no.</strong></span> 
     </span>
     <span class='ocr_line' id='line_1_20' title="bbox 408 2705 1887 2806; baseline 0 -20"><span class='ocrx_word' id='word_1_220' title='bbox 408 2737 498 2786; x_wconf 53' lang='lat' dir='ltr'><strong>mans</strong></span> <span class='ocrx_word' id='word_1_221' title='bbox 542 2715 640 2785; x_wconf 87' lang='lat' dir='ltr'><strong>Venit</strong></span> <span class='ocrx_word' id='word_1_222' title='bbox 667 2737 751 2806; x_wconf 75' lang='lat' dir='ltr'><strong>ergo</strong></span> <span class='ocrx_word' id='word_1_223' title='bbox 769 2736 841 2784; x_wconf 89' lang='lat' dir='ltr'><strong>vox</strong></span> <span class='ocrx_word' id='word_1_224' title='bbox 860 2713 1022 2786; x_wconf 18' lang='lat' dir='ltr'><strong>dcccaelo</strong></span> <span class='ocrx_word' id='word_1_225' title='bbox 1040 2713 1082 2786; x_wconf 86' lang='lat' dir='ltr'><strong>Et</strong></span> <span class='ocrx_word' id='word_1_226' title='bbox 1094 2713 1281 2788; x_wconf 80' lang='lat' dir='ltr'><strong>&#39;clarificavi</strong></span> <span class='ocrx_word' id='word_1_227' title='bbox 1299 2725 1334 2786; x_wconf 90' lang='lat' dir='ltr'><strong>ct</strong></span> <span class='ocrx_word' id='word_1_228' title='bbox 1352 2718 1473 2786; x_wconf 85' lang='lat' dir='ltr'><strong>iterum</strong></span> <span class='ocrx_word' id='word_1_229' title='bbox 1492 2714 1698 2787; x_wconf 84' lang='lat' dir='ltr'><strong>clarificabo.</strong></span> <span class='ocrx_word' id='word_1_230' title='bbox 1729 2705 1755 2751; x_wconf 50' lang='grc' dir='ltr'>ὓ</span> <span class='ocrx_word' id='word_1_231' title='bbox 1772 2714 1887 2786; x_wconf 87' lang='lat' dir='ltr'><strong>Turba</strong></span> 
     </span>
     <span class='ocr_line' id='line_1_21' title="bbox 408 2833 1886 2928; baseline 0 -22"><span class='ocrx_word' id='word_1_232' title='bbox 408 2857 494 2928; x_wconf 77' lang='lat' dir='ltr'><strong>ergo</strong></span> <span class='ocrx_word' id='word_1_233' title='bbox 521 2855 610 2928; x_wconf 90' lang='lat' dir='ltr'><strong>quae</strong></span> <span class='ocrx_word' id='word_1_234' title='bbox 637 2835 750 2907; x_wconf 89' lang='lat' dir='ltr'><strong>stabat</strong></span> <span class='ocrx_word' id='word_1_235' title='bbox 777 2845 811 2906; x_wconf 88' lang='lat' dir='ltr'><strong>et</strong></span> <span class='ocrx_word' id='word_1_236' title='bbox 838 2835 993 2908; x_wconf 87' lang='lat' dir='ltr'><strong>audierat</strong></span> <span class='ocrx_word' id='word_1_237' title='bbox 1019 2834 1180 2906; x_wconf 86' lang='lat' dir='ltr'><strong>dicebant</strong></span> <span class='ocrx_word' id='word_1_238' title='bbox 1206 2835 1389 2908; x_wconf 88' lang='lat' dir='ltr'><strong>tonitruum</strong></span> <span class='ocrx_word' id='word_1_239' title='bbox 1417 2837 1542 2908; x_wconf 88' lang='lat' dir='ltr'><strong>lactum</strong></span> <span class='ocrx_word' id='word_1_240' title='bbox 1577 2855 1674 2908; x_wconf 87' lang='lat' dir='ltr'><strong>esse:</strong></span> <span class='ocrx_word' id='word_1_241' title='bbox 1709 2835 1765 2906; x_wconf 90' lang='lat' dir='ltr'><strong>alii</strong></span> <span class='ocrx_word' id='word_1_242' title='bbox 1790 2833 1886 2906; x_wconf 89' lang='lat' dir='ltr'><strong>dicc-</strong></span> 
     </span>
     <span class='ocr_line' id='line_1_22' title="bbox 407 2947 1886 3050; baseline 0.001 -24"><span class='ocrx_word' id='word_1_243' title='bbox 407 2957 491 3027; x_wconf 92' lang='lat' dir='ltr'><strong>bant</strong></span> <span class='ocrx_word' id='word_1_244' title='bbox 516 2953 667 3048; x_wconf 78' lang='lat' dir='ltr'><strong>Angelus</strong></span> <span class='ocrx_word' id='word_1_245' title='bbox 695 2956 726 3026; x_wconf 90' lang='lat' dir='ltr'><strong>ei</strong></span> <span class='ocrx_word' id='word_1_246' title='bbox 751 2957 885 3028; x_wconf 90' lang='lat' dir='ltr'><strong>locutus</strong></span> <span class='ocrx_word' id='word_1_247' title='bbox 912 2963 974 3026; x_wconf 89' lang='lat' dir='ltr'><strong>cst.</strong></span> <span class='ocrx_word' id='word_1_248' title='bbox 1026 2947 1053 2991; x_wconf 79' lang='lat'><strong>³⁰</strong></span> <span class='ocrx_word' id='word_1_249' title='bbox 1070 2955 1261 3048; x_wconf 84' lang='lat' dir='ltr'><strong>Respondit</strong></span> <span class='ocrx_word' id='word_1_250' title='bbox 1286 2957 1382 3027; x_wconf 87' lang='lat' dir='ltr'><strong>lesus</strong></span> <span class='ocrx_word' id='word_1_251' title='bbox 1409 2967 1444 3027; x_wconf 90' lang='lat' dir='ltr'><strong>ct</strong></span> <span class='ocrx_word' id='word_1_252' title='bbox 1469 2957 1556 3030; x_wconf 87' lang='lat' dir='ltr'><strong>dixit</strong></span> <span class='ocrx_word' id='word_1_253' title='bbox 1576 2958 1652 3031; x_wconf 93' lang='lat' dir='ltr'><strong>Non</strong></span> <span class='ocrx_word' id='word_1_254' title='bbox 1670 2964 1812 3050; x_wconf 90' lang='lat' dir='ltr'><strong>propter</strong></span> <span class='ocrx_word' id='word_1_255' title='bbox 1829 2977 1886 3028; x_wconf 86' lang='lat' dir='ltr'><strong>me</strong></span> 
     </span>
     <span class='ocr_line' id='line_1_23' title="bbox 408 3067 1884 3170; baseline 0.002 -27"><span class='ocrx_word' id='word_1_256' title='bbox 408 3099 479 3148; x_wconf 89' lang='lat' dir='ltr'><strong>vox</strong></span> <span class='ocrx_word' id='word_1_257' title='bbox 507 3076 596 3148; x_wconf 87' lang='lat' dir='ltr'><strong>haec</strong></span> <span class='ocrx_word' id='word_1_258' title='bbox 621 3077 715 3147; x_wconf 91' lang='lat' dir='ltr'><strong>venit</strong></span> <span class='ocrx_word' id='word_1_259' title='bbox 740 3076 804 3150; x_wconf 89' lang='lat' dir='ltr'><strong>sed</strong></span> <span class='ocrx_word' id='word_1_260' title='bbox 831 3087 975 3170; x_wconf 89' lang='lat' dir='ltr'><strong>propter</strong></span> <span class='ocrx_word' id='word_1_261' title='bbox 1003 3097 1075 3148; x_wconf 89' lang='lat' dir='ltr'><strong>vos.</strong></span> <span class='ocrx_word' id='word_1_262' title='bbox 1110 3067 1133 3111; x_wconf 77' lang='lat'><strong>³¹</strong></span> <span class='ocrx_word' id='word_1_263' title='bbox 1147 3076 1244 3148; x_wconf 90' lang='lat' dir='ltr'><strong>Nunc</strong></span> <span class='ocrx_word' id='word_1_264' title='bbox 1262 3075 1423 3147; x_wconf 88' lang='lat' dir='ltr'><strong>iudicium</strong></span> <span class='ocrx_word' id='word_1_265' title='bbox 1450 3087 1505 3147; x_wconf 86' lang='lat' dir='ltr'><strong>est</strong></span> <span class='ocrx_word' id='word_1_266' title='bbox 1530 3076 1656 3162; x_wconf 89' lang='lat' dir='ltr'><strong>mundi,</strong></span> <span class='ocrx_word' id='word_1_267' title='bbox 1684 3097 1774 3148; x_wconf 90' lang='lat' dir='ltr'><strong>nunc</strong></span> <span class='ocrx_word' id='word_1_268' title='bbox 1791 3075 1884 3169; x_wconf 92' lang='lat' dir='ltr'><strong>prin-</strong></span> 
     </span>
     <span class='ocr_line' id='line_1_24' title="bbox 407 3188 1884 3290; baseline 0 -22"><span class='ocrx_word' id='word_1_269' title='bbox 407 3219 493 3290; x_wconf 88' lang='lat' dir='ltr'><strong>ceps</strong></span> <span class='ocrx_word' id='word_1_270' title='bbox 524 3197 622 3269; x_wconf 93' lang='lat' dir='ltr'><strong>huius</strong></span> <span class='ocrx_word' id='word_1_271' title='bbox 656 3197 774 3269; x_wconf 91' lang='lat' dir='ltr'><strong>mundi</strong></span> <span class='ocrx_word' id='word_1_272' title='bbox 805 3196 945 3268; x_wconf 86' lang='lat' dir='ltr'><strong>cicietur</strong></span> <span class='ocrx_word' id='word_1_273' title='bbox 978 3196 1079 3267; x_wconf 84' lang='lat' dir='ltr'><strong>lorus.</strong></span> <span class='ocrx_word' id='word_1_274' title='bbox 1131 3188 1212 3268; x_wconf 65' lang='lat' dir='ltr'><strong>³5²Et</strong></span> <span class='ocrx_word' id='word_1_275' title='bbox 1245 3218 1312 3290; x_wconf 82' lang='lat' dir='ltr'><strong>ego</strong></span> <span class='ocrx_word' id='word_1_276' title='bbox 1344 3196 1374 3268; x_wconf 87' lang='lat' dir='ltr'><strong>si</strong></span> <span class='ocrx_word' id='word_1_277' title='bbox 1410 3199 1580 3270; x_wconf 86' lang='lat' dir='ltr'><strong>exaltatus</strong></span> <span class='ocrx_word' id='word_1_278' title='bbox 1612 3198 1708 3268; x_wconf 86' lang='lat' dir='ltr'><strong>luero</strong></span> <span class='ocrx_word' id='word_1_279' title='bbox 1734 3219 1757 3269; x_wconf 88' lang='lat' dir='ltr'><strong>a</strong></span> <span class='ocrx_word' id='word_1_280' title='bbox 1783 3206 1884 3281; x_wconf 83' lang='lat' dir='ltr'><strong>terra,</strong></span> 
     </span>
     <span class='ocr_line' id='line_1_25' title="bbox 408 3309 1885 3412; baseline 0 -24"><span class='ocrx_word' id='word_1_281' title='bbox 408 3317 521 3388; x_wconf 89' lang='lat' dir='ltr'><strong>omnia</strong></span> <span class='ocrx_word' id='word_1_282' title='bbox 546 3317 677 3388; x_wconf 87' lang='lat' dir='ltr'><strong>traham</strong></span> <span class='ocrx_word' id='word_1_283' title='bbox 703 3317 749 3388; x_wconf 91' lang='lat' dir='ltr'><strong>ad</strong></span> <span class='ocrx_word' id='word_1_284' title='bbox 777 3339 834 3388; x_wconf 89' lang='lat' dir='ltr'><strong>me</strong></span> <span class='ocrx_word' id='word_1_285' title='bbox 859 3317 981 3412; x_wconf 90' lang='lat' dir='ltr'><strong>ipsum.</strong></span> <span class='ocrx_word' id='word_1_286' title='bbox 1033 3309 1060 3354; x_wconf 81' lang='lat'><strong>³³</strong></span> <span class='ocrx_word' id='word_1_287' title='bbox 1076 3317 1151 3388; x_wconf 89' lang='lat' dir='ltr'><strong>Hoc</strong></span> <span class='ocrx_word' id='word_1_288' title='bbox 1178 3325 1292 3388; x_wconf 85' lang='lat' dir='ltr'><strong>autem</strong></span> <span class='ocrx_word' id='word_1_289' title='bbox 1310 3317 1449 3390; x_wconf 89' lang='lat' dir='ltr'><strong>dicebat</strong></span> <span class='ocrx_word' id='word_1_290' title='bbox 1475 3317 1669 3412; x_wconf 77' lang='lat' dir='ltr'><strong>significans</strong></span> <span class='ocrx_word' id='word_1_291' title='bbox 1687 3338 1756 3409; x_wconf 90' lang='lat' dir='ltr'><strong>qua</strong></span> <span class='ocrx_word' id='word_1_292' title='bbox 1773 3326 1885 3388; x_wconf 87' lang='lat' dir='ltr'><strong>morte</strong></span> 
     </span>
     <span class='ocr_line' id='line_1_26' title="bbox 408 3426 1884 3532; baseline -0.001 -23"><span class='ocrx_word' id='word_1_293' title='bbox 408 3447 503 3510; x_wconf 88' lang='lat' dir='ltr'><strong>esset</strong></span> <span class='ocrx_word' id='word_1_294' title='bbox 528 3438 720 3513; x_wconf 86' lang='lat' dir='ltr'><strong>moriturus.</strong></span> <span class='ocrx_word' id='word_1_295' title='bbox 773 3426 1000 3532; x_wconf 66' lang='lat' dir='ltr'><strong>³*Respondit</strong></span> <span class='ocrx_word' id='word_1_296' title='bbox 1026 3439 1058 3508; x_wconf 88' lang='lat' dir='ltr'><strong>ei</strong></span> <span class='ocrx_word' id='word_1_297' title='bbox 1086 3437 1184 3510; x_wconf 91' lang='lat' dir='ltr'><strong>turba</strong></span> <span class='ocrx_word' id='word_1_298' title='bbox 1211 3437 1284 3510; x_wconf 90' lang='lat' dir='ltr'><strong>Nos</strong></span> <span class='ocrx_word' id='word_1_299' title='bbox 1310 3437 1503 3514; x_wconf 88' lang='lat' dir='ltr'><strong>audivimus</strong></span> <span class='ocrx_word' id='word_1_300' title='bbox 1529 3438 1672 3530; x_wconf 82' lang='lat' dir='ltr'><strong>exlege</strong></span> <span class='ocrx_word' id='word_1_301' title='bbox 1690 3437 1770 3530; x_wconf 88' lang='lat' dir='ltr'><strong>quia</strong></span> <span class='ocrx_word' id='word_1_302' title='bbox 1787 3437 1884 3509; x_wconf 87' lang='lat' dir='ltr'><strong>Chri-</strong></span> 
     </span>
     <span class='ocr_line' id='line_1_27' title="bbox 408 3555 1883 3654; baseline 0 -25"><span class='ocrx_word' id='word_1_303' title='bbox 408 3569 480 3630; x_wconf 91' lang='lat' dir='ltr'><strong>stus</strong></span> <span class='ocrx_word' id='word_1_304' title='bbox 508 3567 621 3630; x_wconf 86' lang='lat' dir='ltr'><strong>manet</strong></span> <span class='ocrx_word' id='word_1_305' title='bbox 646 3559 679 3628; x_wconf 95' lang='lat' dir='ltr'><strong>in</strong></span> <span class='ocrx_word' id='word_1_306' title='bbox 706 3569 892 3643; x_wconf 82' lang='lat' dir='ltr'><strong>aeternum,</strong></span> <span class='ocrx_word' id='word_1_307' title='bbox 920 3568 956 3630; x_wconf 90' lang='lat' dir='ltr'><strong>st</strong></span> <span class='ocrx_word' id='word_1_308' title='bbox 982 3556 1160 3650; x_wconf 92' lang='lat' dir='ltr'><strong>quomodo</strong></span> <span class='ocrx_word' id='word_1_309' title='bbox 1188 3565 1225 3628; x_wconf 94' lang='lat' dir='ltr'><strong>tu</strong></span> <span class='ocrx_word' id='word_1_310' title='bbox 1250 3557 1336 3630; x_wconf 91' lang='lat' dir='ltr'><strong>dicis</strong></span> <span class='ocrx_word' id='word_1_311' title='bbox 1363 3559 1508 3654; x_wconf 85' lang='lat' dir='ltr'><strong>Oportet</strong></span> <span class='ocrx_word' id='word_1_312' title='bbox 1526 3558 1670 3629; x_wconf 89' lang='lat' dir='ltr'><strong>exaltari</strong></span> <span class='ocrx_word' id='word_1_313' title='bbox 1695 3555 1799 3628; x_wconf 82' lang='lat' dir='ltr'><strong>lilium</strong></span> <span class='ocrx_word' id='word_1_314' title='bbox 1817 3557 1883 3629; x_wconf 88' lang='lat' dir='ltr'><strong>ho-</strong></span> 
     </span>
     <span class='ocr_line' id='line_1_28' title="bbox 407 3669 1882 3771; baseline 0 -23"><span class='ocrx_word' id='word_1_315' title='bbox 407 3677 530 3750; x_wconf 81' lang='lat' dir='ltr'><strong>minis?</strong></span> <span class='ocrx_word' id='word_1_316' title='bbox 558 3678 634 3771; x_wconf 91' lang='lat' dir='ltr'><strong>quis</strong></span> <span class='ocrx_word' id='word_1_317' title='bbox 659 3689 713 3750; x_wconf 89' lang='lat' dir='ltr'><strong>est</strong></span> <span class='ocrx_word' id='word_1_318' title='bbox 739 3679 804 3750; x_wconf 87' lang='lat' dir='ltr'><strong>istc</strong></span> <span class='ocrx_word' id='word_1_319' title='bbox 830 3678 917 3752; x_wconf 87' lang='lat' dir='ltr'><strong>lilius</strong></span> <span class='ocrx_word' id='word_1_320' title='bbox 942 3678 1114 3751; x_wconf 81' lang='lat' dir='ltr'><strong>hominis?</strong></span> <span class='ocrx_word' id='word_1_321' title='bbox 1166 3669 1193 3714; x_wconf 64' lang='lat'><strong>³⁵</strong></span> <span class='ocrx_word' id='word_1_322' title='bbox 1208 3678 1301 3750; x_wconf 83' lang='lat' dir='ltr'><strong>Dixit</strong></span> <span class='ocrx_word' id='word_1_323' title='bbox 1326 3699 1413 3770; x_wconf 81' lang='lat' dir='ltr'><strong>ergo</strong></span> <span class='ocrx_word' id='word_1_324' title='bbox 1438 3679 1535 3752; x_wconf 90' lang='lat' dir='ltr'><strong>lesus</strong></span> <span class='ocrx_word' id='word_1_325' title='bbox 1560 3677 1684 3750; x_wconf 80' lang='lat' dir='ltr'><strong>Adhuc</strong></span> <span class='ocrx_word' id='word_1_326' title='bbox 1709 3676 1882 3750; x_wconf 89' lang='lat' dir='ltr'><strong>modicum</strong></span> 
     </span>
     <span class='ocr_line' id='line_1_29' title="bbox 407 3797 1883 3884; baseline 0.001 -17"><span class='ocrx_word' id='word_1_327' title='bbox 407 3799 521 3868; x_wconf 92' lang='lat' dir='ltr'><strong>lumen</strong></span> <span class='ocrx_word' id='word_1_328' title='bbox 547 3798 580 3868; x_wconf 93' lang='lat' dir='ltr'><strong>in</strong></span> <span class='ocrx_word' id='word_1_329' title='bbox 606 3799 707 3872; x_wconf 86' lang='lat' dir='ltr'><strong>vobis</strong></span> <span class='ocrx_word' id='word_1_330' title='bbox 735 3810 803 3872; x_wconf 89' lang='lat' dir='ltr'><strong>cst:</strong></span> <span class='ocrx_word' id='word_1_331' title='bbox 831 3799 1004 3870; x_wconf 90' lang='lat' dir='ltr'><strong>ambulate</strong></span> <span class='ocrx_word' id='word_1_332' title='bbox 1031 3798 1111 3870; x_wconf 90' lang='lat' dir='ltr'><strong>dum</strong></span> <span class='ocrx_word' id='word_1_333' title='bbox 1139 3798 1250 3870; x_wconf 88' lang='lat' dir='ltr'><strong>lucem</strong></span> <span class='ocrx_word' id='word_1_334' title='bbox 1275 3797 1428 3884; x_wconf 88' lang='lat' dir='ltr'><strong>habetis,</strong></span> <span class='ocrx_word' id='word_1_335' title='bbox 1460 3810 1497 3870; x_wconf 89' lang='lat' dir='ltr'><strong>ut</strong></span> <span class='ocrx_word' id='word_1_336' title='bbox 1531 3821 1601 3870; x_wconf 95' lang='lat' dir='ltr'><strong>non</strong></span> <span class='ocrx_word' id='word_1_337' title='bbox 1627 3797 1792 3870; x_wconf 87' lang='lat' dir='ltr'><strong>tenebrae</strong></span> <span class='ocrx_word' id='word_1_338' title='bbox 1818 3819 1883 3870; x_wconf 86' lang='lat' dir='ltr'><strong>vos</strong></span> 
     </span>
     <span class='ocr_line' id='line_1_30' title="bbox 407 3909 1881 4016; baseline 0.001 -28"><span class='ocrx_word' id='word_1_339' title='bbox 407 3918 717 4011; x_wconf 86' lang='lat' dir='ltr'><strong>comprehendant:</strong></span> <span class='ocrx_word' id='word_1_340' title='bbox 752 3920 870 4016; x_wconf 85' lang='lat' dir='ltr'><strong>etqui</strong></span> <span class='ocrx_word' id='word_1_341' title='bbox 900 3919 1052 3990; x_wconf 90' lang='lat' dir='ltr'><strong>ambulat</strong></span> <span class='ocrx_word' id='word_1_342' title='bbox 1086 3919 1120 3988; x_wconf 92' lang='lat' dir='ltr'><strong>in</strong></span> <span class='ocrx_word' id='word_1_343' title='bbox 1155 3919 1320 4004; x_wconf 87' lang='lat' dir='ltr'><strong>tenebris,</strong></span> <span class='ocrx_word' id='word_1_344' title='bbox 1352 3919 1462 3990; x_wconf 84' lang='lat' dir='ltr'><strong>nescit</strong></span> <span class='ocrx_word' id='word_1_345' title='bbox 1487 3941 1557 4012; x_wconf 88' lang='lat' dir='ltr'><strong>quo</strong></span> <span class='ocrx_word' id='word_1_346' title='bbox 1584 3917 1699 3991; x_wconf 90' lang='lat' dir='ltr'><strong>vadat.</strong></span> <span class='ocrx_word' id='word_1_347' title='bbox 1749 3909 1777 3954; x_wconf 68' lang='lat'><strong>³⁶</strong></span> <span class='ocrx_word' id='word_1_348' title='bbox 1792 3919 1881 3990; x_wconf 89' lang='lat' dir='ltr'><strong>Dum</strong></span> 
     </span>
     <span class='ocr_line' id='line_1_31' title="bbox 406 4035 1881 4127; baseline 0.001 -19"><span class='ocrx_word' id='word_1_349' title='bbox 406 4039 518 4110; x_wconf 88' lang='lat' dir='ltr'><strong>lucem</strong></span> <span class='ocrx_word' id='word_1_350' title='bbox 545 4037 690 4127; x_wconf 87' lang='lat' dir='ltr'><strong>habetis,</strong></span> <span class='ocrx_word' id='word_1_351' title='bbox 716 4040 848 4112; x_wconf 84' lang='lat' dir='ltr'><strong>credite</strong></span> <span class='ocrx_word' id='word_1_352' title='bbox 875 4040 908 4110; x_wconf 91' lang='lat' dir='ltr'><strong>in</strong></span> <span class='ocrx_word' id='word_1_353' title='bbox 933 4035 1055 4124; x_wconf 78' lang='lat' dir='ltr'><strong>luccni,</strong></span> <span class='ocrx_word' id='word_1_354' title='bbox 1082 4047 1118 4108; x_wconf 94' lang='lat' dir='ltr'><strong>ut</strong></span> <span class='ocrx_word' id='word_1_355' title='bbox 1145 4037 1198 4108; x_wconf 87' lang='lat' dir='ltr'><strong>lilii</strong></span> <span class='ocrx_word' id='word_1_356' title='bbox 1226 4039 1309 4110; x_wconf 90' lang='lat' dir='ltr'><strong>lucis</strong></span> <span class='ocrx_word' id='word_1_357' title='bbox 1335 4039 1417 4112; x_wconf 89' lang='lat' dir='ltr'><strong>sitis.</strong></span> <span class='ocrx_word' id='word_1_358' title='bbox 1447 4039 1722 4114; x_wconf 79' lang='lat' dir='ltr'><strong>Haeclocutus</strong></span> <span class='ocrx_word' id='word_1_359' title='bbox 1749 4040 1881 4112; x_wconf 83' lang='lat' dir='ltr'><strong>osteis</strong></span> 
     </span>
     <span class='ocr_line' id='line_1_32' title="bbox 404 4152 1878 4253; baseline 0.001 -25"><span class='ocrx_word' id='word_1_360' title='bbox 404 4159 509 4244; x_wconf 73' lang='lat' dir='ltr'><strong>lesus</strong></span> <span class='ocrx_word' id='word_1_361' title='bbox 537 4169 572 4230; x_wconf 91' lang='lat' dir='ltr'><strong>ct</strong></span> <span class='ocrx_word' id='word_1_362' title='bbox 598 4160 689 4246; x_wconf 90' lang='lat' dir='ltr'><strong>abiit,</strong></span> <span class='ocrx_word' id='word_1_363' title='bbox 715 4169 750 4230; x_wconf 91' lang='lat' dir='ltr'><strong>et</strong></span> <span class='ocrx_word' id='word_1_364' title='bbox 774 4158 958 4232; x_wconf 89' lang='lat' dir='ltr'><strong>abscondit</strong></span> <span class='ocrx_word' id='word_1_365' title='bbox 983 4181 1023 4230; x_wconf 90' lang='lat' dir='ltr'><strong>se</strong></span> <span class='ocrx_word' id='word_1_366' title='bbox 1051 4160 1095 4230; x_wconf 88' lang='lat' dir='ltr'><strong>ab</strong></span> <span class='ocrx_word' id='word_1_367' title='bbox 1122 4159 1182 4230; x_wconf 88' lang='lat' dir='ltr'><strong>cis.</strong></span> <span class='ocrx_word' id='word_1_368' title='bbox 1233 4152 1259 4196; x_wconf 67' lang='lat'><strong>³7</strong></span> <span class='ocrx_word' id='word_1_369' title='bbox 1277 4161 1360 4232; x_wconf 89' lang='lat' dir='ltr'><strong>Cum</strong></span> <span class='ocrx_word' id='word_1_370' title='bbox 1387 4169 1502 4233; x_wconf 88' lang='lat' dir='ltr'><strong>autem</strong></span> <span class='ocrx_word' id='word_1_371' title='bbox 1533 4168 1627 4232; x_wconf 86' lang='lat' dir='ltr'><strong>tanta</strong></span> <span class='ocrx_word' id='word_1_372' title='bbox 1653 4160 1750 4253; x_wconf 76' lang='lat' dir='ltr'><strong>signa</strong></span> <span class='ocrx_word' id='word_1_373' title='bbox 1775 4159 1878 4231; x_wconf 85' lang='lat' dir='ltr'><strong>secis-</strong></span> 
     </span>
     <span class='ocr_line' id='line_1_33' title="bbox 405 4271 1877 4374; baseline -0.001 -22"><span class='ocrx_word' id='word_1_374' title='bbox 405 4291 462 4352; x_wconf 90' lang='lat' dir='ltr'><strong>sct</strong></span> <span class='ocrx_word' id='word_1_375' title='bbox 485 4301 610 4352; x_wconf 81' lang='lat' dir='ltr'><strong>coram</strong></span> <span class='ocrx_word' id='word_1_376' title='bbox 641 4281 706 4365; x_wconf 90' lang='lat' dir='ltr'><strong>cis,</strong></span> <span class='ocrx_word' id='word_1_377' title='bbox 740 4302 810 4352; x_wconf 90' lang='lat' dir='ltr'><strong>non</strong></span> <span class='ocrx_word' id='word_1_378' title='bbox 844 4278 1033 4352; x_wconf 87' lang='lat' dir='ltr'><strong>credebant</strong></span> <span class='ocrx_word' id='word_1_379' title='bbox 1056 4280 1101 4350; x_wconf 86' lang='lat' dir='ltr'><strong>-in</strong></span> <span class='ocrx_word' id='word_1_380' title='bbox 1136 4299 1233 4365; x_wconf 89' lang='lat' dir='ltr'><strong>eum,</strong></span> <span class='ocrx_word' id='word_1_381' title='bbox 1266 4271 1351 4352; x_wconf 79' lang='lat' dir='ltr'><strong>&#39;³⁸ut</strong></span> <span class='ocrx_word' id='word_1_382' title='bbox 1376 4301 1493 4352; x_wconf 87' lang='lat' dir='ltr'><strong>sermo</strong></span> <span class='ocrx_word' id='word_1_383' title='bbox 1527 4279 1651 4352; x_wconf 85' lang='lat' dir='ltr'><strong>Esaiae</strong></span> <span class='ocrx_word' id='word_1_384' title='bbox 1684 4279 1877 4374; x_wconf 89' lang='lat' dir='ltr'><strong>prophetae</strong></span> 
     </span>
     <span class='ocr_line' id='line_1_34' title="bbox 402 4399 1877 4494; baseline 0.001 -24"><span class='ocrx_word' id='word_1_385' title='bbox 402 4401 601 4494; x_wconf 87' lang='lat' dir='ltr'><strong>impleretur</strong></span> <span class='ocrx_word' id='word_1_386' title='bbox 627 4421 730 4493; x_wconf 79' lang='lat' dir='ltr'><strong>quem</strong></span> <span class='ocrx_word' id='word_1_387' title='bbox 756 4400 842 4473; x_wconf 84' lang='lat' dir='ltr'><strong>dixit</strong></span> <span class='ocrx_word' id='word_1_388' title='bbox 866 4400 1022 4485; x_wconf 86' lang='lat' dir='ltr'><strong>Domine,</strong></span> <span class='ocrx_word' id='word_1_389' title='bbox 1049 4399 1125 4493; x_wconf 85' lang='lat' dir='ltr'><strong>quis</strong></span> <span class='ocrx_word' id='word_1_390' title='bbox 1151 4399 1297 4472; x_wconf 87' lang='lat' dir='ltr'><strong>credidit</strong></span> <span class='ocrx_word' id='word_1_391' title='bbox 1321 4399 1451 4472; x_wconf 90' lang='lat' dir='ltr'><strong>auditui</strong></span> <span class='ocrx_word' id='word_1_392' title='bbox 1476 4402 1621 4473; x_wconf 76' lang='lat' dir='ltr'><strong>nostro?</strong></span> <span class='ocrx_word' id='word_1_393' title='bbox 1649 4399 1877 4472; x_wconf 87' lang='lat' dir='ltr'><strong>etbrachium</strong></span> 
     </span>
     <span class='ocr_line' id='line_1_35' title="bbox 404 4511 1877 4615; baseline -0.002 -23"><span class='ocrx_word' id='word_1_394' title='bbox 404 4520 533 4592; x_wconf 86' lang='lat' dir='ltr'><strong>domini</strong></span> <span class='ocrx_word' id='word_1_395' title='bbox 559 4521 613 4592; x_wconf 88' lang='lat' dir='ltr'><strong>cui</strong></span> <span class='ocrx_word' id='word_1_396' title='bbox 639 4521 827 4593; x_wconf 87' lang='lat' dir='ltr'><strong>revelatum</strong></span> <span class='ocrx_word' id='word_1_397' title='bbox 853 4523 930 4593; x_wconf 84' lang='lat' dir='ltr'><strong>est‘?</strong></span> <span class='ocrx_word' id='word_1_398' title='bbox 981 4511 1008 4557; x_wconf 75' lang='lat'><strong>³⁹</strong></span> <span class='ocrx_word' id='word_1_399' title='bbox 1021 4511 1111 4566; x_wconf 52' lang='grc' dir='ltr'><strong>(Μ)</strong></span> <span class='ocrx_word' id='word_1_400' title='bbox 1130 4519 1318 4614; x_wconf 89' lang='lat' dir='ltr'><strong>Propterea</strong></span> <span class='ocrx_word' id='word_1_401' title='bbox 1344 4543 1414 4592; x_wconf 92' lang='lat' dir='ltr'><strong>non</strong></span> <span class='ocrx_word' id='word_1_402' title='bbox 1439 4530 1599 4615; x_wconf 85' lang='lat' dir='ltr'><strong>poterant</strong></span> <span class='ocrx_word' id='word_1_403' title='bbox 1616 4519 1771 4604; x_wconf 87' lang='lat' dir='ltr'><strong>credere,</strong></span> <span class='ocrx_word' id='word_1_404' title='bbox 1797 4519 1877 4612; x_wconf 77' lang='lat' dir='ltr'><strong>quala</strong></span> 
     </span>
     <span class='ocr_line' id='line_1_36' title="bbox 403 4631 1876 4724; baseline 0 -13"><span class='ocrx_word' id='word_1_405' title='bbox 403 4641 524 4713; x_wconf 86' lang='lat' dir='ltr'><strong>iterum</strong></span> <span class='ocrx_word' id='word_1_406' title='bbox 552 4637 637 4712; x_wconf 90' lang='lat' dir='ltr'><strong>dixit</strong></span> <span class='ocrx_word' id='word_1_407' title='bbox 663 4642 782 4716; x_wconf 84' lang='lat' dir='ltr'><strong>Esaias</strong></span> <span class='ocrx_word' id='word_1_408' title='bbox 824 4631 851 4678; x_wconf 77' lang='lat'><strong>⁴⁰</strong></span> <span class='ocrx_word' id='word_1_409' title='bbox 866 4641 1076 4718; x_wconf 78' lang='lat' dir='ltr'><strong>Excaecavit</strong></span> <span class='ocrx_word' id='word_1_410' title='bbox 1102 4641 1222 4712; x_wconf 87' lang='lat' dir='ltr'><strong>oculos</strong></span> <span class='ocrx_word' id='word_1_411' title='bbox 1249 4661 1368 4712; x_wconf 89' lang='lat' dir='ltr'><strong>corum</strong></span> <span class='ocrx_word' id='word_1_412' title='bbox 1396 4651 1432 4713; x_wconf 89' lang='lat' dir='ltr'><strong>ct</strong></span> <span class='ocrx_word' id='word_1_413' title='bbox 1464 4641 1634 4713; x_wconf 87' lang='lat' dir='ltr'><strong>induravit</strong></span> <span class='ocrx_word' id='word_1_414' title='bbox 1660 4662 1781 4712; x_wconf 86' lang='lat' dir='ltr'><strong>eorum</strong></span> <span class='ocrx_word' id='word_1_415' title='bbox 1806 4661 1876 4724; x_wconf 89' lang='lat' dir='ltr'><strong>cor,</strong></span> 
     </span>
     <span class='ocr_line' id='line_1_37' title="bbox 403 4761 1876 4854; baseline -0.003 -20"><span class='ocrx_word' id='word_1_416' title='bbox 403 4773 440 4834; x_wconf 91' lang='lat' dir='ltr'><strong>ut</strong></span> <span class='ocrx_word' id='word_1_417' title='bbox 465 4783 534 4834; x_wconf 93' lang='lat' dir='ltr'><strong>non</strong></span> <span class='ocrx_word' id='word_1_418' title='bbox 560 4762 699 4835; x_wconf 87' lang='lat' dir='ltr'><strong>videant</strong></span> <span class='ocrx_word' id='word_1_419' title='bbox 725 4763 831 4836; x_wconf 89' lang='lat' dir='ltr'><strong>oculis</strong></span> <span class='ocrx_word' id='word_1_420' title='bbox 857 4773 893 4834; x_wconf 90' lang='lat' dir='ltr'><strong>et</strong></span> <span class='ocrx_word' id='word_1_421' title='bbox 917 4761 1114 4854; x_wconf 82' lang='lat' dir='ltr'><strong>intellegant</strong></span> <span class='ocrx_word' id='word_1_422' title='bbox 1136 4761 1246 4834; x_wconf 85' lang='lat' dir='ltr'><strong>corde</strong></span> <span class='ocrx_word' id='word_1_423' title='bbox 1273 4771 1309 4832; x_wconf 89' lang='lat' dir='ltr'><strong>ct</strong></span> <span class='ocrx_word' id='word_1_424' title='bbox 1335 4771 1577 4835; x_wconf 81' lang='lat' dir='ltr'><strong>convertantur</strong></span> <span class='ocrx_word' id='word_1_425' title='bbox 1603 4771 1638 4832; x_wconf 91' lang='lat' dir='ltr'><strong>et</strong></span> <span class='ocrx_word' id='word_1_426' title='bbox 1664 4783 1784 4834; x_wconf 91' lang='lat' dir='ltr'><strong>sanem</strong></span> <span class='ocrx_word' id='word_1_427' title='bbox 1803 4781 1876 4832; x_wconf 90' lang='lat' dir='ltr'><strong>eos.</strong></span> 
     </span>
     <span class='ocr_line' id='line_1_38' title="bbox 402 4870 1877 4976; baseline -0.002 -22"><span class='ocrx_word' id='word_1_428' title='bbox 402 4870 426 4918; x_wconf 73' lang='lat'><strong>⁴⁴</strong></span> <span class='ocrx_word' id='word_1_429' title='bbox 442 4873 543 4930; x_wconf 55' lang='grc' dir='ltr'><strong>(Μ)</strong></span> <span class='ocrx_word' id='word_1_430' title='bbox 561 4883 655 4956; x_wconf 90' lang='lat' dir='ltr'><strong>llaec</strong></span> <span class='ocrx_word' id='word_1_431' title='bbox 681 4883 767 4956; x_wconf 85' lang='lat' dir='ltr'><strong>dixit</strong></span> <span class='ocrx_word' id='word_1_432' title='bbox 792 4883 913 4958; x_wconf 85' lang='lat' dir='ltr'><strong>Esaias</strong></span> <span class='ocrx_word' id='word_1_433' title='bbox 940 4881 1079 4976; x_wconf 89' lang='lat' dir='ltr'><strong>quando</strong></span> <span class='ocrx_word' id='word_1_434' title='bbox 1107 4880 1190 4953; x_wconf 90' lang='lat' dir='ltr'><strong>vidit</strong></span> <span class='ocrx_word' id='word_1_435' title='bbox 1222 4882 1366 4975; x_wconf 80' lang='lat' dir='ltr'><strong>gloriam</strong></span> <span class='ocrx_word' id='word_1_436' title='bbox 1400 4884 1490 4968; x_wconf 91' lang='lat' dir='ltr'><strong>eius,</strong></span> <span class='ocrx_word' id='word_1_437' title='bbox 1526 4892 1561 4954; x_wconf 89' lang='lat' dir='ltr'><strong>et</strong></span> <span class='ocrx_word' id='word_1_438' title='bbox 1594 4884 1726 4954; x_wconf 89' lang='lat' dir='ltr'><strong>locutus</strong></span> <span class='ocrx_word' id='word_1_439' title='bbox 1753 4893 1807 4954; x_wconf 85' lang='lat' dir='ltr'><strong>cst</strong></span> <span class='ocrx_word' id='word_1_440' title='bbox 1832 4881 1877 4954; x_wconf 90' lang='lat' dir='ltr'><strong>de</strong></span> 
     </span>
     <span class='ocr_line' id='line_1_39' title="bbox 403 4990 1878 5096; baseline 0 -22"><span class='ocrx_word' id='word_1_441' title='bbox 403 5023 459 5074; x_wconf 89' lang='lat' dir='ltr'><strong>co.</strong></span> <span class='ocrx_word' id='word_1_442' title='bbox 502 4990 529 5039; x_wconf 76' lang='lat'><strong>‘²</strong></span> <span class='ocrx_word' id='word_1_443' title='bbox 546 5004 670 5082; x_wconf 79' lang='lat' dir='ltr'><strong>verum</strong></span> <span class='ocrx_word' id='word_1_444' title='bbox 703 5015 817 5078; x_wconf 90' lang='lat' dir='ltr'><strong>tamen</strong></span> <span class='ocrx_word' id='word_1_445' title='bbox 851 5015 886 5076; x_wconf 91' lang='lat' dir='ltr'><strong>ct</strong></span> <span class='ocrx_word' id='word_1_446' title='bbox 918 5025 964 5076; x_wconf 87' lang='lat' dir='ltr'><strong>ex</strong></span> <span class='ocrx_word' id='word_1_447' title='bbox 997 5000 1206 5096; x_wconf 89' lang='lat' dir='ltr'><strong>principibus</strong></span> <span class='ocrx_word' id='word_1_448' title='bbox 1238 5003 1331 5076; x_wconf 90' lang='lat' dir='ltr'><strong>multi</strong></span> <span class='ocrx_word' id='word_1_449' title='bbox 1363 5003 1584 5078; x_wconf 88' lang='lat' dir='ltr'><strong>crediderunt</strong></span> <span class='ocrx_word' id='word_1_450' title='bbox 1617 5004 1650 5074; x_wconf 95' lang='lat' dir='ltr'><strong>in</strong></span> <span class='ocrx_word' id='word_1_451' title='bbox 1683 5019 1780 5086; x_wconf 88' lang='lat' dir='ltr'><strong>eum,</strong></span> <span class='ocrx_word' id='word_1_452' title='bbox 1813 5001 1878 5074; x_wconf 87' lang='lat' dir='ltr'><strong>sed</strong></span> 
     </span>
    </p>
   </div>
   <div class='ocr_carea' id='block_1_7' title="bbox 403 5103 1877 5328">
    <p class='ocr_par' dir='ltr' id='par_1_7' title="bbox 403 5103 1877 5328">
     <span class='ocr_line' id='line_1_40' title="bbox 403 5103 1877 5220; baseline -0.002 -26"><span class='ocrx_word' id='word_1_453' title='bbox 403 5133 545 5216; x_wconf 82' lang='lat' dir='ltr'><strong>propter·</strong></span> <span class='ocrx_word' id='word_1_454' title='bbox 571 5124 776 5198; x_wconf 88' lang='lat' dir='ltr'><strong>Pharisaeos</strong></span> <span class='ocrx_word' id='word_1_455' title='bbox 811 5147 880 5200; x_wconf 93' lang='lat' dir='ltr'><strong>non</strong></span> <span class='ocrx_word' id='word_1_456' title='bbox 914 5121 1176 5208; x_wconf 80' lang='lat' dir='ltr'><strong>confitebantur,</strong></span> <span class='ocrx_word' id='word_1_457' title='bbox 1211 5133 1248 5194; x_wconf 91' lang='lat' dir='ltr'><strong>ut</strong></span> <span class='ocrx_word' id='word_1_458' title='bbox 1282 5122 1328 5194; x_wconf 91' lang='lat' dir='ltr'><strong>de</strong></span> <span class='ocrx_word' id='word_1_459' title='bbox 1362 5147 1543 5220; x_wconf 75' lang='lat' dir='ltr'><strong>synagoga</strong></span> <span class='ocrx_word' id='word_1_460' title='bbox 1577 5103 1646 5196; x_wconf 76' lang='lat' dir='ltr'><strong>noir</strong></span> <span class='ocrx_word' id='word_1_461' title='bbox 1672 5123 1877 5196; x_wconf 86' lang='lat' dir='ltr'><strong>eicerentur:</strong></span> 
     </span>
     <span class='ocr_line' id='line_1_41' title="bbox 990 5239 1293 5328; baseline 0 -14"><span class='ocrx_word' id='word_1_462' title='bbox 990 5243 1055 5328; x_wconf 87' lang='lat' dir='ltr'><strong>llll,</strong></span> <span class='ocrx_word' id='word_1_463' title='bbox 1086 5239 1132 5316; x_wconf 73' lang='lat'><strong>⁴7</strong></span> <span class='ocrx_word' id='word_1_464' title='bbox 1161 5283 1206 5296; x_wconf 94' lang='lat'>-</span> <span class='ocrx_word' id='word_1_465' title='bbox 1237 5242 1293 5318; x_wconf 77' lang='lat' dir='ltr'><strong>ta.</strong></span> 
     </span>
    </p>
   </div>
   <div class='ocr_carea' id='block_1_8' title="bbox 0 0 2132 6130">
    <p class='ocr_par' dir='ltr' id='par_1_8' title="bbox 0 0 2132 6130">
     <span class='ocr_line' id='line_1_42' title="bbox 0 0 2132 6130; baseline 0 3"><span class='ocrx_word' id='word_1_466' title='bbox 0 0 2132 6130; x_wconf 95' lang='lat' dir='ltr'><strong> </strong></span> 
     </span>
    </p>
   </div>
  </div>
 </body>
</html>
