4242 6118
698 364 948 440 nvtuouurun
973 375 1178 438 secuunuu
1203 372 1362 440 ιιιιιειιιι
1608 407 1613 416 ·
1741 377 1790 456 67

279 581 530 677 dispertiatur,.
547 601 620 651 uon
645 585 767 672 potest
793 577 923 652 domus
946 577 1008 648 illa
1033 588 1139 650 stare.
1182 571 1210 617 ²⁸
1226 581 1269 652 Et
1294 581 1324 652 si
1351 595 1489 658 sumnus
1507 587 1729 658 cormarrexit
1754 588 1790 660 iu

280 702 534 796 semetipsum,
553 698 760 792 dispertitus
778 707 845 784 est,
875 705 915 770 et
931 718 1008 768 non
1024 697 1156 790 poterit
1173 709 1267 772 stare
1284 704 1352 774 sed
1368 704 1473 778 finem
1491 706 1608 778 habet
1634 700 1660 748 ²⁷
1673 707 1788 780 Nemo
1892 685 1893 690 ¹

281 833 397 919 potest
421 843 508 894 vasa
532 819 633 891 fortis
659 819 842 910 ingressus
871 812 1044 888 'domum
1078 817 1246 912 diripere,
1275 823 1339 896 uisi
1373 827 1467 920 prius
1500 828 1627 899 sortem
1659 828 1788 920 alliget,

282 955 319 1016 et
343 954 424 1016 tune
449 943 594 1016 domum
622 939 707 1038 eius,
725 935 900 1030 deripiat.
953 928 983 972 ²⁸
996 925 1073 982 (Μ)
1090 938 1204 1010 Αιιιειι
1239 941 1319 1015 dieo
1353 947 1453 1018 vobis
1479 948 1645 1040 quoniam
1672 949 1790 1020 omnia

283 1065 492 1138 dimittentur
517 1061 597 1132 liliis
625 1057 800 1130 hominum
829 1064 995 1146 peecata
1022 1066 1059 1127 et
1083 1058 1324 1155 blasphemiae
1356 1068 1481 1160 quibos
1511 1068 1788 1162 blasphemave-

283 1185 365 1258 n‘nt:
407 1177 435 1224 ²⁹
451 1183 509 1278 qui
542 1191 666 1254 autem
698 1173 1013 1268 blasphemaverit
1045 1175 1080 1246 in
1113 1180 1267 1272 spiritum
1292 1197 1465 1272 sanetum,
1494 1209 1566 1260 non
1593 1188 1701 1261 babet
1726 1212 1787 1264 re·

283 1305 486 1379 missionem
511 1302 546 1374 in
573 1311 765 1384 aetemum,
792 1291 870 1368 sed
899 1319 982 1368 reus
1009 1297 1075 1368 erit
1107 1303 1238 1372 aeterni
1263 1304 1388 1378 delicti.
1440 1301 1467 1345 ³⁰
1485 1307 1659 1392 Quoniam
1686 1309 1785 1384 dioe-

184 1425 187 1434 '
283 1429 368 1500 bant
393 1425 557 1522 Spiritum
583 1421 786 1495 inmundum
811 1415 938 1490 habet
977 1407 1001 1452 ³¹
1018 1407 1095 1462 (Μ)
1110 1420 1153 1490 Et
1177 1425 1320 1496 veniunt
1344 1437 1456 1499 mater
1482 1427 1560 1499 eius
1589 1435 1625 1498 ει
1649 1430 1783 1520 fratres,

284 1559 321 1622 et
350 1549 436 1620 loris
471 1553 609 1616 stantes
641 1541 807 1614 miserunt
842 1539 891 1612 ad
925 1561 1006 1610 eum
1040 1551 1208 1614 vocantes
1241 1567 1337 1616 eum:
1387 1539 1414 1586 ³²
1431 1555 1468 1618 et
1503 1545 1658 1618 sedebat
1691 1552 1782 1626 eirea
1853 1641 1858 1648 ι

285 1691 369 1744 ειιιιι
395 1667 507 1752 turha,
534 1673 571 1736 et
598 1662 715 1735 dieunt
739 1663 771 1735 ei
795 1663 889 1734 Eooe
918 1669 1031 1732 mater
1057 1668 1115 1732 tua
1141 1671 1178 1732 et
1201 1665 1324 1738 fratres
1337 1667 1399 1738 oui
1425 1667 1513 1738 loris
1539 1678 1808 1759 quaeramus*

285 1783 312 1832 ³³
329 1789 374 1860 Et
398 1786 625 1880 respondens
652 1782 703 1854 eis
729 1783 775 1853 ait
801 1783 900 1867 Quae
927 1791 984 1853 εει
1009 1790 1121 1852 mater
1145 1805 1226 1856 mea
1253 1795 1289 1857 et
1313 1787 1437 1858 iratres
1464 1786 1565 1860 mei?
1610 1776 1635 1824 ³⁸
1650 1790 1693 1861 Ει
1710 1794 1777 1866 oir-

287 1909 526 2002 oumspioiens
560 1927 626 1976 eos
652 1901 769 1996 quiin
796 1900 935 1972 oiromtu
969 1902 1046 1972 eius
1073 1903 1246 1976 sedebant
1279 1906 1326 1977 alt
1358 1907 1449 1978 Eooe
1483 1913 1598 1978 mater
1628 1931 1707 1983 mea
1741 1925 1777 1986 et

287 2033 415 2102 iratres
442 2027 525 2098 mei:
569 2016 597 2061 5
613 2023 670 2116 qui
698 2021 789 2092 enim
815 2022 936 2092 lecerit
966 2023 1179 2095 voluntatem
1210 2024 1278 2110 dei,
1307 2026 1362 2114 ¹bio
1388 2029 1495 2098 frater
1523 2047 1626 2098 meus
1651 2039 1687 2102 ει
1712 2053 1773 2106 eo-

287 2173 348 2222 ror
375 2167 457 2220 mea
483 2155 519 2217 ει
543 2153 655 2216 mater
680 2150 743 2214 est

1005 2417 1056 2488 tv.

367 2619 471 2676 ’Μ
490 2627 531 2698 Ει
556 2627 678 2698 ἰιειιιιιι
705 2623 819 2718 eoepit
845 2622 975 2694 dooere
1003 2622 1051 2694 ad
1076 2643 1181 2707 mare,
1209 2637 1245 2694 et
1277 2636 1490 2716 congregata
1523 2639 1580 2700 εει
1611 2630 1657 2704 ad
1684 2655 1764 2706 eum
1808 2709 1810 2717 ,

286 2751 392 2826 turba
417 2750 531 2832 multa,
558 2747 603 2816 ita
628 2745 725 2816 utin
751 2765 876 2816 navem
903 2743 1099 2814 ascendens
1126 2741 1269 2814 sederet
1285 2743 1320 2812 iu
1345 2745 1451 2816 mari:
1479 2757 1516 2820 et
1533 2751 1647 2822 omnis
1664 2754 1765 2826 turba

288 2871 381 2944 eirca
408 2889 504 2938 mare
532 2875 788 2960 superterram
815 2871 898 2934 erat
946 2854 1018 2932 2Ει
1043 2863 1195 2935 dooebat
1219 2863 1296 2934 illos
1322 2864 1357 2934 in
1383 2867 1559 2958 parabolis
1586 2873 1700 2959 multa,
1728 2885 1765 2946 ει

289 2991 433 3068 dicebat
457 2987 521 3058 illis
547 2987 583 3058 in
609 2985 765 3058 doctrina
791 3005 853 3055 sua
894 2974 1060 3054 ³Audlto.
1086 2985 1177 3056 Eooe
1204 2983 1288 3054 exiit
1314 2985 1493 3060 seminans
1520 2991 1566 3062 ad
1584 2993 1762 3066 seminan-

289 3113 383 3186 dum
435 3098 507 3178 ‘Et
532 3107 615 3179 dum
642 3106 796 3191 seminat,
823 3101 915 3175 aliud
941 3103 1064 3176 cecidit
1096 3103 1185 3174 cuca
1210 3103 1311 3188 viam,
1339 3114 1375 3176 et
1407 3117 1578 3182 venerunt
1602 3113 1762 3186 volueres

290 3241 327 3306 ει
353 3228 581 3302 comederunt
605 3226 696 3298 illud.
748 3219 881 3296 lAliud
905 3245 992 3295 vero
1019 3223 1142 3294 eeoidit
1167 3243 1273 3315 super
1296 3233 1439 3316 petrosa
1464 3229 1524 3301 ubi
1549 3253 1620 3302 non
1646 3231 1763 3304 habuit

291 3364 420 3424 terram
446 3351 594 3432 multam,
622 3356 658 3418 et
683 3345 795 3418 statim
822 3353 983 3418 exortum
1010 3353 1073 3429 est,
1101 3341 1263 3436 quoniam
1289 3365 1359 3414 non
1377 3344 1532 3420 habebat
1549 3327 1760 3424 altitudinem

291 3481 423 3554 terrae3
465 3461 532 3540 “et
557 3467 696 3563 quando
723 3475 867 3538 exortus
893 3473 947 3536 est
973 3463 1035 3548 sol,
1063 3461 1287 3548 exaestuavit,
1315 3485 1360 3536 eo
1387 3468 1484 3559 quod
1517 3491 1589 3542 nou
1614 3469 1762 3544 haberet

291 3591 445 3664 radioem
472 3590 614 3662 exaruit
665 3579 738 3658 'Et
762 3587 855 3659 aliud
880 3583 1005 3656 oeoidit
1032 3583 1068 3653 in
1093 3582 1215 3676 spinis,
1243 3593 1280 3654 et
1312 3587 1544 3660 ascenderunt
1577 3592 1698 3684 spinae
1725 3603 1761 3664 et

291 3712 547 3785 suffocaverunt
571 3709 662 3794 illud,
690 3715 727 3778 et
751 3707 894 3778 fructum
926 3727 998 3777 non
1024 3703 1129 3778 dedit
1180 3694 1252 3774 ⁸Et
1283 3705 1376 3779 aliud
1408 3707 1532 3780 cecidit
1563 3711 1598 3780 in
1633 3721 1759 3786 terram

289 3834 429 3916 bonam,
456 3840 492 3902 et
516 3831 623 3904 debat
645 3831 789 3900 mictum
815 3827 1064 3898 ascendentem
1090 3834 1126 3897 et
1150 3836 1375 3914 oresoentem,
1403 3838 1439 3899 et
1456 3829 1638 3903 adferebat
1653 3855 1757 3905 uuum

289 3953 424 4046 triginta
456 3959 492 4022 et
522 3973 627 4022 uuum
660 3946 840 4040 sexaginta
877 3955 912 4017 ει
944 3969 1046 4018 unum
1081 3955 1227 4018 centum.
1279 3939 1351 4018 ⁹Et
1383 3947 1522 4020 dicebat
1556 3953 1622 4036 Qui
1653 3953 1759 4026 habet

289 4093 392 4146 aures
419 4071 582 4144 audiendi
609 4069 732 4142 audiat
784 4059 809 4104 ⁴⁰
825 4067 868 4138 Et
893 4087 971 4138 oum
1004 4078 1101 4140 esset
1134 4067 1325 4160 singularis,
1351 4067 1651 4163 interrogaverunt
1676 4096 1756 4146 eum

287 4193 322 4264 bi
347 4191 406 4286 qui
432 4212 509 4262 oum
536 4213 581 4264 eo
608 4199 706 4262 erant
737 4211 814 4260 oum
840 4187 1026 4260 duodecim
1051 4188 1247 4282 parabolas.
1282 4180 1321 4226 '⁴¹
1341 4189 1383 4260 Et
1407 4189 1546 4264 dicebat
1572 4194 1623 4266 eis
1648 4195 1756 4268 Vobis

287 4313 404 4386 duum
430 4321 486 4383 est
509 4311 600 4382 seire
626 4309 827 4404 mysterium
854 4309 952 4402 regni
978 4309 1046 4394 dai,
1091 4300 1168 4356 (Μ)
1185 4308 1250 4380 illis
1276 4318 1391 4382 autem
1417 4311 1476 4404 qui
1508 4312 1592 4385 loris
1618 4324 1698 4386 suut
1721 4316 1756 4386 iu

285 4431 460 4528 parabolis
486 4431 602 4503 omnia
627 4430 718 4516 liunt
761 4422 840 4500 12ιιι
865 4429 1026 4502 videntes
1051 4429 1194 4502 videant
1219 4440 1255 4502 et
1280 4451 1351 4501 non
1367 4429 1518 4519 videant
1546 4443 1582 4506 ει
1607 4436 1753 4508 nuden-

286 4564 340 4626 tes
371 4553 511 4626 audiant
541 4561 578 4623 et
608 4571 680 4622 non
714 4551 926 4643 intellegant,
960 4572 1005 4620 ue
1040 4550 1181 4645 quando
1217 4560 1459 4622 convertantur
1485 4561 1522 4623 et
1547 4553 1754 4626 dimittentur

286 4675 338 4746 eia
363 4682 517 4767 peecata.
569 4661 653 4742 13Ιιι
677 4671 725 4742 ait
747 4671 812 4742 illis
837 4671 984 4744 Nescitis
1010 4673 1212 4765 parabolam
1238 4671 1335 4757 bano,
1363 4682 1398 4743 et
1423 4673 1602 4765 quomodo
1629 4695 1752 4748 omnes

285 4794 469 4888 parabolas
495 4791 741 4886 eognosoetis‘l
783 4781 899 4838 ἨΜ
919 4791 984 4877 Qui
1017 4790 1171 4876 seminat
1204 4791 1351 4862 verbum
1381 4791 1536 4862 seminat
1578 4787 1751 4868 15ιιιιιι-

285 4923 356 4985 tem
382 4921 461 4984 sunt
486 4912 544 5006 qui
570 4911 659 4982 eirea
684 4911 775 4982 viam
801 4911 861 4983 ubi
888 4911 1076 5006 seminatur
1099 4912 1264 4997 verbum,
1292 4922 1328 4984 et
1352 4933 1431 4983 oum
1458 4911 1636 5005 audierint,
1664 4937 1750 4988 oon·

284 5031 397 5104 leatim
423 5033 519 5104 venit
543 5041 681 5108 saeuas
708 5041 743 5103 et
769 5031 879 5102 aufert
903 5032 1049 5104 verbum
1076 5031 1172 5125 quod
1198 5033 1400 5104 seminatum
1427 5041 1482 5104 est
1507 5033 1542 5104 in
1560 5035 1666 5109 eorda
1685 5059 1750 5110 eo·

283 5175 367 5224 rum.
412 5145 496 5226 1(Ἔι
526 5153 560 5226 hi
594 5160 672 5224 sunt
710 5149 863 5224 simililer
893 5153 951 5244 qui
992 5174 1097 5245 super
1134 5161 1275 5245 petrosa
1305 5151 1539 5240 seminantur,
1581 5157 1638 5249 qui
1673 5180 1751 5231 cum

832 5271 880 5360 iil,
909 5274 957 5346 26
984 5311 1035 5324 -
1060 5273 1110 5356 lv,
1141 5275 1197 5344 ld.

1397 5394 1446 5464 9*
