4242 6118
374 409 422 478 50
517 464 520 471 .
770 403 1011 470 evnNeEtuut
1037 405 1241 470 SECUNDUM
1266 403 1472 468 llA'l'THEUll

376 611 422 682 de
455 609 569 694 caelo,
605 617 640 678 et
666 607 810 686 virtutes
837 606 1012 677 caelorum
1048 605 1378 678 commovebuntur:
1430 599 1457 643 ³⁰
1475 615 1509 675 et
1544 614 1624 675 tuuc
1650 607 1787 700 parebit
1814 609 1863 678 si-

375 752 480 822 guum
507 727 565 798 filii
591 725 737 796 hominis
763 725 797 793 iu
824 726 932 808 caelo,
978 715 1067 770 Μ)
1089 733 1124 792 et
1149 733 1230 793 tuuc
1256 726 1420 819 plangent
1453 744 1575 794 omnes
1601 725 1710 794 tribus
1737 735 1862 810 terrae,

375 857 411 920 et
435 845 605 916 videbunt
631 842 736 948 fllipm
762 842 909 922 hominis
934 843 1130 912 venientem
1156 842 1190 912 in
1217 843 1366 914 nubibus
1393 842 1478 912 caeli
1505 832 1598 912 oum'
1613 842 1738 912 virtute
1755 845 1862 914 multa

375 975 410 1039 et
427 965 615 1036 maiestate.
642 953 666 998 ³¹
681 961 723 1031 Et
740 961 850 1030 mittet
876 962 1020 1052 angelos
1047 981 1131 1031 suos
1158 977 1237 1032 oum
1263 961 1347 1032 tuba
1374 967 1409 1030 ot
1434 981 1524 1030 voce
1550 981 1687 1053 magna,
1716 973 1752 1032 et
1777 984 1862 1032 eon-

375 1082 571 1176 gregabunt
596 1080 728 1150 electos
754 1079 829 1152 eius
863 1101 883 1150 a
911 1089 1072 1171 quattuor
1102 1081 1215 1150 ventis
1249 1102 1269 1152 a
1302 1080 1445 1150 summis
1473 1079 1649 1164 caelorum
1675 1101 1787 1173 nsque
1817 1081 1862 1152 ad

374 1200 539 1273 tenuinos
567 1219 698 1268 eorum.
750 1187 776 1232 ³¹
793 1197 848 1266 Ab
876 1197 1003 1269 arbore
1037 1207 1151 1268 autem
1187 1195 1240 1268 lici
1276 1199 1398 1270 discite
1431 1197 1644 1291 parabolam.
1680 1199 1765 1270 Cum
1792 1201 1860 1272 iam

374 1339 490 1390 ramus
517 1317 590 1388 eius
617 1325 716 1386 tener
741 1315 840 1386 luerit
866 1323 901 1385 et
927 1316 1007 1387 lolia
1033 1326 1122 1402 nem,
1150 1315 1243 1388 scitis
1269 1317 1349 1408 quia
1375 1337 1487 1409 prope
1514 1324 1568 1386 est
1595 1323 1729 1386 aestas:
1775 1307 1861 1384 ap„

262 1467 263 1472 ¹
373 1447 408 1508 et
433 1457 499 1510 vos
525 1457 604 1507 oum
625 1433 776 1505 videritis
794 1434 1023 1518 haecomnia,
1051 1435 1173 1506 scitote
1192 1435 1271 1526 quia
1298 1457 1409 1529 prope
1428 1445 1482 1505 est
1507 1436 1541 1506 in
1558 1435 1677 1504 ianuis.
1708 1420 1860 1502 “Amen

372 1555 452 1628 dico
480 1554 583 1626 vobis
610 1554 691 1646 qrria
716 1574 787 1624 nou
813 1553 1013 1645 praeteribit
1038 1552 1127 1624 haec
1154 1553 1332 1645 generatio
1360 1553 1473 1624 donee
1506 1554 1622 1624 omnia
1654 1552 1742 1622 haec
1768 1548 1859 1620 dant.

371 1667 398 1712 ³⁵
416 1673 555 1746 Caelum
582 1683 618 1743 et
643 1682 736 1743 terra
753 1671 953 1755 transibunt,
970 1671 1088 1742 uerba
1106 1691 1193 1742 vero
1212 1693 1292 1742 mea
1309 1693 1379 1742 nou
1393 1671 1638 1764 praeteribunt.
1665 1661 1691 1706 ³⁶
1705 1659 1794 1716 (Μ)
1807 1669 1860 1738 lle

372 1793 430 1864 die
456 1802 571 1864 autem
597 1792 653 1862 illo
680 1799 716 1861 et
741 1791 827 1862 hora
853 1811 959 1861 ucmo
986 1791 1058 1874 scit,
1085 1811 1201 1883 neque
1228 1791 1339 1881 angeli
1367 1791 1557 1872 caelorum,
1583 1789 1648 1860 uisi
1675 1797 1773 1881 pater
1799 1807 1859 1856 so-

371 1914 434 1982 lus.
478 1903 505 1948 ³⁷
519 1901 609 1956 ‘m'
628 1910 722 1980 Sicut
747 1919 862 1980 autem
888 1910 923 1979 in
949 1909 1074 1980 diebus
1099 1910 1185 1992 Noe,
1214 1909 1259 1980 ita
1287 1909 1350 1979 erit
1377 1917 1412 1978 et
1438 1909 1610 1981 adventus
1628 1906 1686 1976 filii
1703 1905 1860 1976 hominis.

371 2023 398 2068 ³⁸
416 2031 509 2100 Siout
533 2029 624 2100 euim
651 2035 749 2098 erant
773 2029 808 2098 iu
834 2027 960 2098 diebus
987 2037 1066 2098 ante
1093 2027 1257 2100 diluvium
1284 2027 1512 2099 comedentes
1539 2036 1575 2097 et
1599 2025 1768 2108 bibentes,
1796 2045 1861 2094 uu·-

372 2147 496 2216 beutes
522 2153 558 2216 et
582 2155 726 2240 nuptum
753 2147 940 2230 tradentes,
967 2167 1078 2239 usque
1106 2145 1258 2218 adeum
1293 2145 1387 2216 diem
1420 2168 1490 2238 quo
1524 2145 1660 2216 intravit
1684 2143 1718 2214 in
1745 2163 1884 2220 arcam.

372 2265 458 2348 Noe,
501 2253 529 2302 ³⁰
541 2273 576 2334 et
601 2285 672 2334 nou
698 2275 938 2356 cognoverunt
963 2265 1078 2336 doueo
1103 2265 1198 2334 venit
1223 2262 1388 2335 diluvium
1415 2275 1451 2335 et
1473 2263 1545 2337 tulit
1566 2283 1699 2345 omues,
1726 2263 1772 2332 ita
1799 2260 1863 2330 erit

373 2393 407 2454 et
433 2381 604 2454 adventus
630 2381 688 2452 tilii
714 2383 871 2454 hominis.
923 2372 951 2420 ‘⁰
963 2373 1053 2430 (Μ)
1072 2381 1167 2453 Tunc
1201 2381 1271 2454 duo
1308 2393 1408 2454 erunt
1439 2384 1474 2453 iu
1499 2404 1602 2474 agro:
1635 2403 1724 2452 unus
1751 2379 1858 2452 adsu-

372 2516 493 2586 metur,
521 2509 558 2572 et
583 2523 670 2572 unus
697 2501 923 2594 relinquetur;
976 2492 998 2538 ‘¹
1015 2500 1106 2572 duae
1142 2503 1312 2572 molentes
1345 2503 1379 2571 in
1405 2503 1516 2572 mola:
1554 2522 1622 2572 una
1648 2500 1857 2582 adsumetur,

373 2630 407 2692 et
432 2641 501 2690 una
527 2619 743 2712 relinquetur.
796 2609 926 2668 ulmi
940 2619 1084 2711 Vigilate
1111 2641 1207 2710 ergo,
1236 2621 1315 2712 quia
1341 2621 1478 2692 nescitis
1505 2641 1574 2713 qua
1593 2620 1678 2690 hora
1700 2618 1860 2690 dominus

371 2748 489 2810 vester
514 2747 680 2810 venturus
706 2740 758 2810 sit
811 2728 837 2776 ‘³
850 2727 941 2788 (ml
950 2738 1039 2828 lllud
1067 2748 1181 2808 autem
1209 2739 1340 2824 scitote,
1369 2739 1532 2833 quoniam
1564 2739 1593 2810 ei
1626 2738 1729 2810 sciret
1763 2745 1861 2830 pater

324 2857 515 2957 ''lamilias
542 2877 610 2948 qua
637 2857 724 2929 hora
749 2858 803 2928 fur
828 2866 993 2928 venturus
1020 2865 1123 2941 esset,
1149 2857 1307 2949 vigilaret
1333 2859 1449 2950 utique
1477 2869 1511 2928 et
1536 2877 1607 2928 non
1632 2857 1760 2928 sineret
1777 2875 1859 2948 per-

373 2975 471 3048 fodiri
498 2975 641 3048 domum
668 2997 776 3046 suam.
828 2966 951 3047 “Ideo
979 2986 1014 3047 et
1039 2997 1106 3046 vos
1133 2986 1245 3047 estote
1272 2977 1390 3070 parati,
1419 2977 1500 3069 quia
1526 2997 1595 3068 qua
1617 2975 1757 3046 nescitis
1774 2973 1860 3044 hora

371 3093 458 3165 filius
485 3093 632 3166 hominiis
658 3104 824 3168 venturus
850 3105 912 3166 est.
964 3084 1095 3142 “W
1111 3095 1194 3180 Oasis
1221 3105 1322 3188 putas
1349 3107 1403 3166 est
1427 3095 1540 3168 fidelis
1567 3115 1690 3165 servus
1717 3101 1752 3163 et
1773 3113 1857 3186 pru-

372 3212 469 3296 deus
497 3233 601 3304 quem
629 3215 801 3285 constituit
827 3213 988 3286 domiuus
1015 3235 1098 3285 suus
1125 3236 1230 3307 supra
1256 3215 1418 3286 familiam
1445 3235 1553 3297 suam,
1580 3223 1618 3284 ut
1642 3212 1703 3286 det
1728 3212 1791 3282 illis
1809 3211 1858 3281 ci-

370 3331 454 3402 bum
480 3331 514 3402 iu
539 3335 724 3426 tempore?
767 3323 795 3370 ⁴⁶
808 3323 902 3380 <ml
915 3333 1042 3402 Beatus
1068 3333 1123 3403 ille
1150 3353 1274 3404 servus
1301 3355 1405 3426 quem
1432 3355 1510 3404 cum
1527 3332 1661 3404 venerit
1681 3325 1859 3404 'domiuus

370 3449 539 3522 invenerit
565 3452 615 3521 sio
640 3453 830 3522 facientem.
882 3441 910 3488 ⁴⁷
926 3449 1039 3522 Amen
1065 3451 1144 3522 dico
1171 3452 1274 3524 vobis
1300 3453 1463 3544 quoniam
1491 3471 1597 3544 super
1624 3451 1740 3522 omuia
1765 3451 1858 3524 bona

371 3589 434 3640 sua
459 3569 643 3640 constituet
668 3591 757 3640 eum.
810 3555 837 3608 ⁸⁸
850 3561 940 3618 (W)
955 3570 990 3640 Si
1017 3579 1131 3641 autem
1160 3571 1286 3642 dixerit
1318 3571 1429 3640 malus
1463 3591 1585 3640 servus
1610 3570 1666 3641 ille
1692 3571 1724 3640 in
1752 3569 1858 3643 corde

371 3707 436 3758 suo
462 3687 594 3759 illoram
627 3688 706 3759 lacit
733 3687 894 3759 domiuus
921 3709 1020 3760 meus
1046 3689 1182 3772 venire,
1222 3680 1250 3728 ⁴⁰
1263 3699 1297 3760 et
1324 3689 1479 3783 coeperit
1504 3697 1688 3782 percutere
1714 3708 1856 3760 conser-

370 3827 436 3880 vos
462 3827 555 3890 auce,
584 3805 769 3878 manducet
794 3815 909 3877 autem
937 3817 972 3878 et
997 3808 1094 3879 bibat
1119 3831 1197 3878 cum
1224 3809 1343 3880 ebriis:
1393 3800 1421 3846 ⁵⁰
1434 3807 1552 3878 veniet
1578 3805 1739 3876 domiuus
1766 3806 1857 3874 servi

258 3947 265 3963 ,
369 3925 456 3997 illius
481 3925 516 3996 iu
542 3925 600 3998 die
626 3947 695 4018 qua
721 3946 792 3996 nou
818 3936 936 4018 sperat
962 3936 997 3996 et
1022 3927 1110 3998 hora
1136 3949 1204 4019 qua
1231 3926 1376 4020 ignorat,
1415 3920 1439 3963 ⁵¹
1456 3935 1490 3995 et
1507 3923 1639 3994 dividet
1656 3945 1745 4008 eum,
1773 3945 1855 4018 par-

371 4053 510 4136 temque
537 4045 611 4116 eius
637 4053 745 4138 ponet
771 4066 849 4115 oum
875 4044 1082 4138 hypocritis:
1110 4045 1175 4116 illio
1202 4047 1265 4116 erit
1291 4047 1391 4116 lictus
1418 4053 1453 4114 et
1479 4041 1606 4114 stridor
1633 4041 1796 4112 dentium.

1064 4317 1163 4388 XXV.

435 4512 456 4590 .¹
473 4509 574 4566 Μ)
589 4519 683 4590 Τιιιιο
709 4519 819 4590 simile
846 4521 909 4590 erit
934 4541 1079 4612 reguum
1106 4521 1282 4592 caelorum
1309 4519 1434 4590 decem
1460 4518 1660 4611 virginibus,
1688 4541 1778 4610 quae
1797 4539 1856 4589 ac-

371 4637 536 4730 cipientes
562 4639 744 4732 lampades
771 4657 853 4710 suas
880 4639 1039 4710 exierunt
1070 4639 1211 4709 obviam
1238 4659 1370 4731 sponso
1405 4647 1440 4708 et
1467 4658 1628 4731 sponsae.
1672 4629 1857 4729 ’Quinque

371 4765 486 4828 autem
512 4777 561 4828 ex
592 4757 643 4829 eis
670 4768 767 4830 eraut
792 4761 915 4844 fatuae,
943 4767 979 4828 et
1005 4741 1156 4859 quinque
1182 4757 1388 4852 prudentes:
1436 4747 1528 4828 ³sed
1562 4756 1712 4849 quinque
1744 4757 1857 4828 fatuae

371 4876 524 4969 acceptis
549 4875 769 4971 lampadibus
791 4897 866 4948 uon
892 4885 1089 4946 sumserunt
1115 4877 1232 4948 oleum
1258 4898 1388 4961 secum,
1433 4863 1655 4968 ‘prudentes
1682 4895 1769 4946 vero
1797 4895 1857 4945 ao·

370 5004 537 5085 oeperunt
563 4997 679 5068 oleum
705 4995 859 5068 invasis
892 4993 963 5064 suis
990 5015 1068 5065 oum
1094 4993 1324 5087 lampadibus.
1376 4987 1539 5067 ὖ,Μοηιιῐι
1572 5003 1688 5064 autem
1714 4994 1857 5064 faciente

370 5133 501 5204 sponso
529 5114 802 5188 dormitaverunt
828 5133 950 5186 omues
977 5123 1012 5184 et
1037 5111 1258 5184 dormierunt
1311 5104 1452 5184 ‘Media
1478 5123 1594 5183 autem
1607 5123 1709 5183 nocte
1728 5111 1858 5180 elamor

853 5233 966 5316 XXIV,
994 5233 1043 5302 30
1098 5269 1145 5284 -
1197 5231 1297 5316 XXV,
1327 5234 1359 5301 6.
