<?xml version="1.0" encoding="UTF-8"?>
<!DOCTYPE html PUBLIC "-//W3C//DTD XHTML 1.0 Transitional//EN"
    "http://www.w3.org/TR/xhtml1/DTD/xhtml1-transitional.dtd">
<html xmlns="http://www.w3.org/1999/xhtml" xml:lang="en" lang="en">
 <head>
  <title>
</title>
<meta http-equiv="Content-Type" content="text/html;charset=utf-8" />
  <meta name='ocr-system' content='tesseract 3.04.00' />
  <meta name='ocr-capabilities' content='ocr_page ocr_carea ocr_par ocr_line ocrx_word'/>
</head>
<body>
  <div class='ocr_page' id='page_1' title='image "./novumtestamentu02tiscgoog_0370.png"; bbox 0 0 4220 6124; ppageno 0'>
   <div class='ocr_carea' id='block_1_1' title="bbox 558 1383 1434 1458">
    <p class='ocr_par' dir='ltr' id='par_1_1' title="bbox 558 1383 1434 1458">
     <span class='ocr_line' id='line_1_1' title="bbox 558 1383 1434 1458; baseline 0.002 -3"><span class='ocrx_word' id='word_1_1' title='bbox 558 1383 709 1456; x_wconf 87' lang='lat' dir='ltr'>INCIPIT</span> <span class='ocrx_word' id='word_1_2' title='bbox 736 1384 1032 1458; x_wconf 78' lang='lat' dir='ltr'>ARGUMENTUIII</span> <span class='ocrx_word' id='word_1_3' title='bbox 1058 1385 1117 1456; x_wconf 85' lang='lat' dir='ltr'>AD</span> <span class='ocrx_word' id='word_1_4' title='bbox 1146 1383 1434 1458; x_wconf 80' lang='lat' dir='ltr'>COLOSIINSES.</span> 
     </span>
    </p>
   </div>
   <div class='ocr_carea' id='block_1_2' title="bbox 256 1627 1742 1869">
    <p class='ocr_par' dir='ltr' id='par_1_2' title="bbox 256 1627 1742 1869">
     <span class='ocr_line' id='line_1_2' title="bbox 361 1627 1742 1752; baseline -0.001 -23"><span class='ocrx_word' id='word_1_5' title='bbox 361 1627 577 1730; x_wconf 66' lang='lat' dir='ltr'>colosenses</span> <span class='ocrx_word' id='word_1_6' title='bbox 612 1667 647 1727; x_wconf 88' lang='lat' dir='ltr'>et</span> <span class='ocrx_word' id='word_1_7' title='bbox 681 1658 716 1728; x_wconf 90' lang='lat' dir='ltr'>hi</span> <span class='ocrx_word' id='word_1_8' title='bbox 743 1658 831 1728; x_wconf 92' lang='lat' dir='ltr'>sicut</span> <span class='ocrx_word' id='word_1_9' title='bbox 857 1657 1091 1729; x_wconf 91' lang='lat' dir='ltr'>Laudicenses</span> <span class='ocrx_word' id='word_1_10' title='bbox 1118 1667 1197 1727; x_wconf 89' lang='lat' dir='ltr'>sunt</span> <span class='ocrx_word' id='word_1_11' title='bbox 1222 1655 1357 1728; x_wconf 83' lang='lat' dir='ltr'>Asiani:</span> <span class='ocrx_word' id='word_1_12' title='bbox 1389 1669 1424 1729; x_wconf 92' lang='lat' dir='ltr'>et</span> <span class='ocrx_word' id='word_1_13' title='bbox 1449 1659 1514 1752; x_wconf 90' lang='lat' dir='ltr'>ipsi</span> <span class='ocrx_word' id='word_1_14' title='bbox 1543 1657 1742 1751; x_wconf 88' lang='lat' dir='ltr'>&#39;praeventi</span> 
     </span>
     <span class='ocr_line' id='line_1_3' title="bbox 256 1771 1739 1869; baseline 0.001 -23"><span class='ocrx_word' id='word_1_15' title='bbox 256 1785 354 1846; x_wconf 87' lang='lat' dir='ltr'>erant</span> <span class='ocrx_word' id='word_1_16' title='bbox 379 1797 400 1846; x_wconf 89' lang='lat' dir='ltr'>a</span> <span class='ocrx_word' id='word_1_17' title='bbox 426 1775 748 1869; x_wconf 80' lang='lat' dir='ltr'>pseudoapostolis,</span> <span class='ocrx_word' id='word_1_18' title='bbox 776 1797 841 1847; x_wconf 92' lang='lat' dir='ltr'>neo</span> <span class='ocrx_word' id='word_1_19' title='bbox 866 1776 912 1847; x_wconf 87' lang='lat' dir='ltr'>ad</span> <span class='ocrx_word' id='word_1_20' title='bbox 938 1777 1004 1848; x_wconf 88' lang='lat' dir='ltr'>hos</span> <span class='ocrx_word' id='word_1_21' title='bbox 1028 1775 1177 1846; x_wconf 89' lang='lat' dir='ltr'>accessit</span> <span class='ocrx_word' id='word_1_22' title='bbox 1198 1775 1274 1868; x_wconf 89' lang='lat' dir='ltr'>ipse</span> <span class='ocrx_word' id='word_1_23' title='bbox 1299 1771 1491 1869; x_wconf 82' lang='lat' dir='ltr'>apostolus,</span> <span class='ocrx_word' id='word_1_24' title='bbox 1520 1777 1586 1850; x_wconf 89' lang='lat' dir='ltr'>scd</span> <span class='ocrx_word' id='word_1_25' title='bbox 1613 1788 1648 1848; x_wconf 87' lang='lat' dir='ltr'>et</span> <span class='ocrx_word' id='word_1_26' title='bbox 1674 1777 1739 1848; x_wconf 90' lang='lat' dir='ltr'>hos</span> 
     </span>
    </p>
   </div>
   <div class='ocr_carea' id='block_1_3' title="bbox 255 1894 1739 2107">
    <p class='ocr_par' dir='ltr' id='par_1_3' title="bbox 255 1894 1739 2107">
     <span class='ocr_line' id='line_1_4' title="bbox 255 1894 1739 1991; baseline 0 -26"><span class='ocrx_word' id='word_1_27' title='bbox 255 1915 319 1986; x_wconf 93' lang='lat' dir='ltr'>per</span> <span class='ocrx_word' id='word_1_28' title='bbox 351 1894 532 1987; x_wconf 81' lang='lat' dir='ltr'>epistulam</span> <span class='ocrx_word' id='word_1_29' title='bbox 565 1895 754 1987; x_wconf 75' lang='lat' dir='ltr'>recorrigit.</span> <span class='ocrx_word' id='word_1_30' title='bbox 807 1895 998 1968; x_wconf 89' lang='lat' dir='ltr'>Audierant</span> <span class='ocrx_word' id='word_1_31' title='bbox 1029 1895 1120 1965; x_wconf 90' lang='lat' dir='ltr'>enim</span> <span class='ocrx_word' id='word_1_32' title='bbox 1152 1894 1299 1965; x_wconf 90' lang='lat' dir='ltr'>verbum</span> <span class='ocrx_word' id='word_1_33' title='bbox 1332 1897 1377 1966; x_wconf 87' lang='lat' dir='ltr'>ab</span> <span class='ocrx_word' id='word_1_34' title='bbox 1404 1896 1575 1991; x_wconf 81' lang='lat' dir='ltr'>Arcippo,</span> <span class='ocrx_word' id='word_1_35' title='bbox 1610 1897 1668 1988; x_wconf 92' lang='lat' dir='ltr'>qui</span> <span class='ocrx_word' id='word_1_36' title='bbox 1703 1905 1739 1966; x_wconf 92' lang='lat' dir='ltr'>et</span> 
     </span>
     <span class='ocr_line' id='line_1_5' title="bbox 255 2008 1739 2107; baseline 0.001 -26"><span class='ocrx_word' id='word_1_37' title='bbox 255 2011 479 2082; x_wconf 87' lang='lat' dir='ltr'>ministerium</span> <span class='ocrx_word' id='word_1_38' title='bbox 506 2013 630 2084; x_wconf 87' lang='lat' dir='ltr'>ineos</span> <span class='ocrx_word' id='word_1_39' title='bbox 665 2008 806 2106; x_wconf 86' lang='lat' dir='ltr'>accepit.</span> <span class='ocrx_word' id='word_1_40' title='bbox 859 2013 954 2106; x_wconf 79' lang='lat' dir='ltr'>Ergo</span> <span class='ocrx_word' id='word_1_41' title='bbox 989 2012 1168 2107; x_wconf 92' lang='lat' dir='ltr'>apostolus</span> <span class='ocrx_word' id='word_1_42' title='bbox 1201 2014 1269 2084; x_wconf 88' lang='lat' dir='ltr'>iam</span> <span class='ocrx_word' id='word_1_43' title='bbox 1303 2014 1427 2106; x_wconf 80' lang='lat' dir='ltr'>lgatus</span> <span class='ocrx_word' id='word_1_44' title='bbox 1460 2015 1578 2086; x_wconf 78' lang='lat' dir='ltr'>scribit</span> <span class='ocrx_word' id='word_1_45' title='bbox 1611 2013 1661 2084; x_wconf 88' lang='lat' dir='ltr'>eis</span> <span class='ocrx_word' id='word_1_46' title='bbox 1695 2013 1739 2083; x_wconf 90' lang='lat' dir='ltr'>ab</span> 
     </span>
    </p>
   </div>
   <div class='ocr_carea' id='block_1_4' title="bbox 255 2129 1236 2340">
    <p class='ocr_par' dir='ltr' id='par_1_4' title="bbox 255 2129 1236 2340">
     <span class='ocr_line' id='line_1_6' title="bbox 255 2129 406 2222; baseline -0.013 -22"><span class='ocrx_word' id='word_1_47' title='bbox 255 2129 406 2222; x_wconf 86' lang='lat' dir='ltr'>Epheso.</span> 
     </span>
     <span class='ocr_line' id='line_1_7' title="bbox 659 2245 1236 2340; baseline 0.009 -36"><span class='ocrx_word' id='word_1_48' title='bbox 659 2297 665 2304; x_wconf 91' lang='lat'>.</span> <span class='ocrx_word' id='word_1_49' title='bbox 760 2249 932 2340; x_wconf 74' lang='lat' dir='ltr'>nmirum</span> <span class='ocrx_word' id='word_1_50' title='bbox 960 2245 1236 2310; x_wconf 81' lang='lat' dir='ltr'>mouuunruu.</span> 
     </span>
    </p>
   </div>
   <div class='ocr_carea' id='block_1_5' title="bbox 767 2503 1231 2578">
    <p class='ocr_par' dir='ltr' id='par_1_5' title="bbox 767 2503 1231 2578">
     <span class='ocr_line' id='line_1_8' title="bbox 767 2503 1231 2578; baseline -0.004 -1"><span class='ocrx_word' id='word_1_51' title='bbox 767 2505 976 2578; x_wconf 84' lang='lat' dir='ltr'>INCIPIUNT</span> <span class='ocrx_word' id='word_1_52' title='bbox 1012 2503 1231 2576; x_wconf 83' lang='lat' dir='ltr'>CAPITULA.</span> 
     </span>
    </p>
   </div>
   <div class='ocr_carea' id='block_1_6' title="bbox 302 2721 1880 5282">
    <p class='ocr_par' dir='ltr' id='par_1_6' title="bbox 359 2721 1089 2816">
     <span class='ocr_line' id='line_1_9' title="bbox 359 2721 1089 2816; baseline 0.003 -24"><span class='ocrx_word' id='word_1_53' title='bbox 359 2723 391 2792; x_wconf 86' lang='lat' dir='ltr'>l.&#39;</span> <span class='ocrx_word' id='word_1_54' title='bbox 408 2722 461 2791; x_wconf 89' lang='lat' dir='ltr'>De</span> <span class='ocrx_word' id='word_1_55' title='bbox 482 2723 552 2814; x_wconf 83' lang='lat' dir='ltr'>&#39;spe</span> <span class='ocrx_word' id='word_1_56' title='bbox 579 2725 733 2816; x_wconf 89' lang='lat' dir='ltr'>reposita</span> <span class='ocrx_word' id='word_1_57' title='bbox 759 2721 887 2797; x_wconf 89' lang='lat' dir='ltr'>sanctis</span> <span class='ocrx_word' id='word_1_58' title='bbox 913 2726 948 2795; x_wconf 95' lang='lat' dir='ltr'>in</span> <span class='ocrx_word' id='word_1_59' title='bbox 974 2725 1089 2796; x_wconf 79' lang='lat' dir='ltr'>caela.</span> 
     </span>
    </p>

    <p class='ocr_par' dir='ltr' id='par_1_7' title="bbox 346 2839 1880 3170">
     <span class='ocr_line' id='line_1_10' title="bbox 346 2839 1743 2937; baseline 0.002 -27"><span class='ocrx_word' id='word_1_60' title='bbox 346 2841 382 2910; x_wconf 93' lang='lat' dir='ltr'>ll.</span> <span class='ocrx_word' id='word_1_61' title='bbox 409 2841 461 2910; x_wconf 90' lang='lat' dir='ltr'>De</span> <span class='ocrx_word' id='word_1_62' title='bbox 489 2839 580 2910; x_wconf 94' lang='lat' dir='ltr'>omni</span> <span class='ocrx_word' id='word_1_63' title='bbox 608 2842 774 2934; x_wconf 90' lang='lat' dir='ltr'>sapientia</span> <span class='ocrx_word' id='word_1_64' title='bbox 802 2854 837 2914; x_wconf 90' lang='lat' dir='ltr'>et</span> <span class='ocrx_word' id='word_1_65' title='bbox 853 2844 1027 2915; x_wconf 90' lang='lat' dir='ltr'>intellectu</span> <span class='ocrx_word' id='word_1_66' title='bbox 1052 2845 1207 2937; x_wconf 89' lang='lat' dir='ltr'>spiritali:</span> <span class='ocrx_word' id='word_1_67' title='bbox 1236 2853 1271 2914; x_wconf 93' lang='lat' dir='ltr'>et</span> <span class='ocrx_word' id='word_1_68' title='bbox 1288 2842 1334 2915; x_wconf 91' lang='lat' dir='ltr'>de</span> <span class='ocrx_word' id='word_1_69' title='bbox 1352 2843 1495 2915; x_wconf 89' lang='lat' dir='ltr'>domiuo</span> <span class='ocrx_word' id='word_1_70' title='bbox 1515 2840 1611 2936; x_wconf 88' lang='lat' dir='ltr'>quod</span> <span class='ocrx_word' id='word_1_71' title='bbox 1628 2843 1743 2934; x_wconf 81' lang='lat' dir='ltr'>imago</span> 
     </span>
     <span class='ocr_line' id='line_1_11' title="bbox 411 2957 1880 3055; baseline 0.004 -29"><span class='ocrx_word' id='word_1_72' title='bbox 411 2957 454 3027; x_wconf 91' lang='lat' dir='ltr'>sit</span> <span class='ocrx_word' id='word_1_73' title='bbox 480 2957 538 3028; x_wconf 90' lang='lat' dir='ltr'>dei</span> <span class='ocrx_word' id='word_1_74' title='bbox 564 2959 750 3044; x_wconf 87' lang='lat' dir='ltr'>invisibilis,</span> <span class='ocrx_word' id='word_1_75' title='bbox 777 2962 1026 3054; x_wconf 81' lang='lat' dir='ltr'>primogenitus</span> <span class='ocrx_word' id='word_1_76' title='bbox 1052 2963 1157 3034; x_wconf 91' lang='lat' dir='ltr'>totius</span> <span class='ocrx_word' id='word_1_77' title='bbox 1192 2972 1387 3046; x_wconf 83' lang='lat' dir='ltr'>creaturae,</span> <span class='ocrx_word' id='word_1_78' title='bbox 1423 2973 1458 3032; x_wconf 89' lang='lat' dir='ltr'>et</span> <span class='ocrx_word' id='word_1_79' title='bbox 1484 2959 1581 3054; x_wconf 89' lang='lat' dir='ltr'>quod</span> <span class='ocrx_word' id='word_1_80' title='bbox 1606 2962 1640 3030; x_wconf 93' lang='lat' dir='ltr'>in</span> <span class='ocrx_word' id='word_1_81' title='bbox 1665 2962 1742 3055; x_wconf 90' lang='lat' dir='ltr'>ipso</span> <span class='ocrx_word' id='word_1_82' title='bbox 1870 3029 1880 3042; x_wconf 77' lang='grc'><em>,</em></span> 
     </span>
     <span class='ocr_line' id='line_1_12' title="bbox 412 3077 1567 3170; baseline 0.004 -25"><span class='ocrx_word' id='word_1_83' title='bbox 412 3085 447 3145; x_wconf 92' lang='lat' dir='ltr'>et</span> <span class='ocrx_word' id='word_1_84' title='bbox 472 3095 535 3168; x_wconf 93' lang='lat' dir='ltr'>per</span> <span class='ocrx_word' id='word_1_85' title='bbox 561 3077 674 3170; x_wconf 90' lang='lat' dir='ltr'>ipsum</span> <span class='ocrx_word' id='word_1_86' title='bbox 701 3087 818 3150; x_wconf 90' lang='lat' dir='ltr'>ereata</span> <span class='ocrx_word' id='word_1_87' title='bbox 844 3080 911 3150; x_wconf 87' lang='lat' dir='ltr'>sint</span> <span class='ocrx_word' id='word_1_88' title='bbox 937 3080 1100 3151; x_wconf 88' lang='lat' dir='ltr'>universa</span> <span class='ocrx_word' id='word_1_89' title='bbox 1126 3090 1162 3150; x_wconf 91' lang='lat' dir='ltr'>et</span> <span class='ocrx_word' id='word_1_90' title='bbox 1187 3081 1303 3150; x_wconf 91' lang='lat' dir='ltr'>omnia</span> <span class='ocrx_word' id='word_1_91' title='bbox 1327 3079 1373 3149; x_wconf 92' lang='lat' dir='ltr'>illi</span> <span class='ocrx_word' id='word_1_92' title='bbox 1400 3089 1567 3150; x_wconf 90' lang='lat' dir='ltr'>constent.</span> 
     </span>
    </p>

    <p class='ocr_par' dir='ltr' id='par_1_8' title="bbox 336 3193 1419 3290">
     <span class='ocr_line' id='line_1_13' title="bbox 336 3193 1419 3290; baseline 0.006 -28"><span class='ocrx_word' id='word_1_93' title='bbox 336 3193 385 3262; x_wconf 92' lang='lat' dir='ltr'>III.</span> <span class='ocrx_word' id='word_1_94' title='bbox 411 3193 463 3262; x_wconf 88' lang='lat' dir='ltr'>De</span> <span class='ocrx_word' id='word_1_95' title='bbox 492 3213 613 3264; x_wconf 89' lang='lat' dir='ltr'>errore</span> <span class='ocrx_word' id='word_1_96' title='bbox 639 3194 853 3268; x_wconf 90' lang='lat' dir='ltr'>credentium</span> <span class='ocrx_word' id='word_1_97' title='bbox 880 3198 992 3289; x_wconf 92' lang='lat' dir='ltr'>primo</span> <span class='ocrx_word' id='word_1_98' title='bbox 1019 3207 1055 3266; x_wconf 86' lang='lat' dir='ltr'>ct</span> <span class='ocrx_word' id='word_1_99' title='bbox 1080 3207 1204 3290; x_wconf 89' lang='lat' dir='ltr'>postea</span> <span class='ocrx_word' id='word_1_100' title='bbox 1231 3198 1419 3269; x_wconf 88' lang='lat' dir='ltr'>sanctitate.</span> 
     </span>
    </p>

    <p class='ocr_par' dir='ltr' id='par_1_9' title="bbox 324 3311 1742 3521">
     <span class='ocr_line' id='line_1_14' title="bbox 324 3311 1742 3407; baseline 0.003 -27"><span class='ocrx_word' id='word_1_101' title='bbox 324 3311 386 3380; x_wconf 93' lang='lat' dir='ltr'>llll.</span> <span class='ocrx_word' id='word_1_102' title='bbox 412 3311 464 3380; x_wconf 88' lang='lat' dir='ltr'>De</span> <span class='ocrx_word' id='word_1_103' title='bbox 491 3311 632 3383; x_wconf 93' lang='lat' dir='ltr'>domino</span> <span class='ocrx_word' id='word_1_104' title='bbox 669 3313 819 3400; x_wconf 86' lang='lat' dir='ltr'>ChrIsto,</span> <span class='ocrx_word' id='word_1_105' title='bbox 854 3315 950 3406; x_wconf 93' lang='lat' dir='ltr'>quod</span> <span class='ocrx_word' id='word_1_106' title='bbox 980 3316 1014 3385; x_wconf 93' lang='lat' dir='ltr'>in</span> <span class='ocrx_word' id='word_1_107' title='bbox 1049 3335 1093 3385; x_wconf 92' lang='lat' dir='ltr'>eo</span> <span class='ocrx_word' id='word_1_108' title='bbox 1129 3315 1194 3385; x_wconf 89' lang='lat' dir='ltr'>sint</span> <span class='ocrx_word' id='word_1_109' title='bbox 1227 3337 1349 3388; x_wconf 93' lang='lat' dir='ltr'>omnes</span> <span class='ocrx_word' id='word_1_110' title='bbox 1375 3317 1526 3388; x_wconf 85' lang='lat' dir='ltr'>thesauri</span> <span class='ocrx_word' id='word_1_111' title='bbox 1554 3315 1742 3407; x_wconf 85' lang='lat' dir='ltr'>sapientiae</span> 
     </span>
     <span class='ocr_line' id='line_1_15' title="bbox 412 3431 911 3521; baseline 0.006 -21"><span class='ocrx_word' id='word_1_112' title='bbox 412 3440 516 3521; x_wconf 86' lang='lat' dir='ltr'>atque</span> <span class='ocrx_word' id='word_1_113' title='bbox 543 3431 706 3503; x_wconf 87' lang='lat' dir='ltr'>scientiae</span> <span class='ocrx_word' id='word_1_114' title='bbox 733 3434 911 3504; x_wconf 87' lang='lat' dir='ltr'>conlocati.</span> 
     </span>
    </p>

    <p class='ocr_par' dir='ltr' id='par_1_10' title="bbox 344 3548 1183 3622">
     <span class='ocr_line' id='line_1_16' title="bbox 344 3548 1183 3622; baseline 0.001 -2"><span class='ocrx_word' id='word_1_115' title='bbox 344 3549 382 3620; x_wconf 87' lang='lat' dir='ltr'>v.</span> <span class='ocrx_word' id='word_1_116' title='bbox 409 3548 461 3619; x_wconf 90' lang='lat' dir='ltr'>De</span> <span class='ocrx_word' id='word_1_117' title='bbox 489 3549 726 3622; x_wconf 85' lang='lat' dir='ltr'>seducentium</span> <span class='ocrx_word' id='word_1_118' title='bbox 754 3551 960 3622; x_wconf 90' lang='lat' dir='ltr'>sublimitate</span> <span class='ocrx_word' id='word_1_119' title='bbox 985 3550 1183 3622; x_wconf 88' lang='lat' dir='ltr'>verborum.</span> 
     </span>
    </p>

    <p class='ocr_par' dir='ltr' id='par_1_11' title="bbox 332 3667 1596 3770">
     <span class='ocr_line' id='line_1_17' title="bbox 332 3667 1596 3770; baseline 0.001 -30"><span class='ocrx_word' id='word_1_120' title='bbox 332 3669 383 3740; x_wconf 82' lang='lat' dir='ltr'>vl.</span> <span class='ocrx_word' id='word_1_121' title='bbox 410 3669 463 3738; x_wconf 90' lang='lat' dir='ltr'>De</span> <span class='ocrx_word' id='word_1_122' title='bbox 487 3667 673 3740; x_wconf 81' lang='lat' dir='ltr'>traditione</span> <span class='ocrx_word' id='word_1_123' title='bbox 700 3669 901 3770; x_wconf 60' lang='lat' dir='ltr'>apostolom</span> <span class='ocrx_word' id='word_1_124' title='bbox 928 3669 1024 3762; x_wconf 93' lang='lat' dir='ltr'>quod</span> <span class='ocrx_word' id='word_1_125' title='bbox 1050 3691 1071 3739; x_wconf 92' lang='lat' dir='ltr'>a</span> <span class='ocrx_word' id='word_1_126' title='bbox 1097 3670 1233 3742; x_wconf 90' lang='lat' dir='ltr'>nemine</span> <span class='ocrx_word' id='word_1_127' title='bbox 1261 3672 1390 3744; x_wconf 89' lang='lat' dir='ltr'>debeat</span> <span class='ocrx_word' id='word_1_128' title='bbox 1416 3671 1596 3743; x_wconf 89' lang='lat' dir='ltr'>immutari.</span> 
     </span>
    </p>

    <p class='ocr_par' dir='ltr' id='par_1_12' title="bbox 317 3785 1029 3880">
     <span class='ocr_line' id='line_1_18' title="bbox 317 3785 1029 3880; baseline -0.004 -19"><span class='ocrx_word' id='word_1_129' title='bbox 317 3789 382 3861; x_wconf 86' lang='lat' dir='ltr'>VII.</span> <span class='ocrx_word' id='word_1_130' title='bbox 409 3788 461 3858; x_wconf 91' lang='lat' dir='ltr'>De</span> <span class='ocrx_word' id='word_1_131' title='bbox 487 3785 670 3880; x_wconf 86' lang='lat' dir='ltr'>philosofia</span> <span class='ocrx_word' id='word_1_132' title='bbox 697 3797 732 3859; x_wconf 90' lang='lat' dir='ltr'>et</span> <span class='ocrx_word' id='word_1_133' title='bbox 753 3787 1029 3876; x_wconf 77' lang='lat' dir='ltr'>seductionibus.</span> 
     </span>
    </p>

    <p class='ocr_par' dir='ltr' id='par_1_13' title="bbox 302 3899 1746 4215">
     <span class='ocr_line' id='line_1_19' title="bbox 302 3899 1745 4002; baseline 0 -24"><span class='ocrx_word' id='word_1_134' title='bbox 302 3907 379 3978; x_wconf 83' lang='lat' dir='ltr'>VIII.</span> <span class='ocrx_word' id='word_1_135' title='bbox 405 3908 458 3977; x_wconf 89' lang='lat' dir='ltr'>De</span> <span class='ocrx_word' id='word_1_136' title='bbox 485 3905 627 3976; x_wconf 95' lang='lat' dir='ltr'>domino</span> <span class='ocrx_word' id='word_1_137' title='bbox 661 3905 922 3980; x_wconf 86' lang='lat' dir='ltr'>convivificante</span> <span class='ocrx_word' id='word_1_138' title='bbox 957 3929 1035 3978; x_wconf 93' lang='lat' dir='ltr'>cum</span> <span class='ocrx_word' id='word_1_139' title='bbox 1061 3899 1119 3978; x_wconf 83' lang='lat' dir='ltr'>&#39;se</span> <span class='ocrx_word' id='word_1_140' title='bbox 1157 3919 1297 3981; x_wconf 89' lang='lat' dir='ltr'>sanctos</span> <span class='ocrx_word' id='word_1_141' title='bbox 1334 3931 1380 3981; x_wconf 80' lang='lat' dir='ltr'>ex</span> <span class='ocrx_word' id='word_1_142' title='bbox 1415 3910 1576 4002; x_wconf 79' lang='lat' dir='ltr'>gentibus</span> <span class='ocrx_word' id='word_1_143' title='bbox 1610 3904 1745 3979; x_wconf 87' lang='lat' dir='ltr'>&#39;deleto</span> 
     </span>
     <span class='ocr_line' id='line_1_20' title="bbox 413 4019 1746 4120; baseline 0.002 -24"><span class='ocrx_word' id='word_1_144' title='bbox 413 4025 543 4096; x_wconf 88' lang='lat' dir='ltr'>decreti</span> <span class='ocrx_word' id='word_1_145' title='bbox 571 4019 785 4118; x_wconf 80' lang='lat' dir='ltr'>&#39;cyrograffo</span> <span class='ocrx_word' id='word_1_146' title='bbox 813 4027 974 4118; x_wconf 88' lang='lat' dir='ltr'>crucique</span> <span class='ocrx_word' id='word_1_147' title='bbox 1008 4024 1143 4110; x_wconf 84' lang='lat' dir='ltr'>adfixo,</span> <span class='ocrx_word' id='word_1_148' title='bbox 1177 4023 1364 4100; x_wconf 85' lang='lat' dir='ltr'>&#39;universis</span> <span class='ocrx_word' id='word_1_149' title='bbox 1396 4030 1512 4099; x_wconf 91' lang='lat' dir='ltr'>omnia</span> <span class='ocrx_word' id='word_1_150' title='bbox 1543 4026 1746 4120; x_wconf 88' lang='lat' dir='ltr'>peccamina</span> 
     </span>
     <span class='ocr_line' id='line_1_21' title="bbox 413 4143 625 4215; baseline -0.009 -1"><span class='ocrx_word' id='word_1_151' title='bbox 413 4143 625 4215; x_wconf 88' lang='lat' dir='ltr'>demittente.</span> 
     </span>
    </p>

    <p class='ocr_par' dir='ltr' id='par_1_14' title="bbox 328 4259 1744 4456">
     <span class='ocr_line' id='line_1_22' title="bbox 328 4259 1744 4359; baseline 0.005 -31"><span class='ocrx_word' id='word_1_152' title='bbox 328 4259 380 4328; x_wconf 94' lang='lat' dir='ltr'>IX.</span> <span class='ocrx_word' id='word_1_153' title='bbox 407 4261 459 4330; x_wconf 90' lang='lat' dir='ltr'>De</span> <span class='ocrx_word' id='word_1_154' title='bbox 485 4263 612 4333; x_wconf 88' lang='lat' dir='ltr'>sanctis</span> <span class='ocrx_word' id='word_1_155' title='bbox 647 4283 694 4332; x_wconf 86' lang='lat' dir='ltr'>ex</span> <span class='ocrx_word' id='word_1_156' title='bbox 720 4263 897 4354; x_wconf 75' lang='lat' dir='ltr'>gentihus,</span> <span class='ocrx_word' id='word_1_157' title='bbox 926 4263 1022 4356; x_wconf 94' lang='lat' dir='ltr'>quod</span> <span class='ocrx_word' id='word_1_158' title='bbox 1049 4263 1329 4335; x_wconf 89' lang='lat' dir='ltr'>observationem</span> <span class='ocrx_word' id='word_1_159' title='bbox 1357 4277 1554 4359; x_wconf 91' lang='lat' dir='ltr'>temporum</span> <span class='ocrx_word' id='word_1_160' title='bbox 1581 4273 1616 4334; x_wconf 90' lang='lat' dir='ltr'>et</span> <span class='ocrx_word' id='word_1_161' title='bbox 1642 4283 1744 4335; x_wconf 85' lang='lat' dir='ltr'>esea-</span> 
     </span>
     <span class='ocr_line' id='line_1_23' title="bbox 413 4381 1352 4456; baseline 0.006 -8"><span class='ocrx_word' id='word_1_162' title='bbox 413 4400 489 4448; x_wconf 93' lang='lat' dir='ltr'>rum</span> <span class='ocrx_word' id='word_1_163' title='bbox 517 4381 711 4452; x_wconf 87' lang='lat' dir='ltr'>testamenti</span> <span class='ocrx_word' id='word_1_164' title='bbox 737 4382 866 4451; x_wconf 83' lang='lat' dir='ltr'>veteris</span> <span class='ocrx_word' id='word_1_165' title='bbox 891 4403 962 4452; x_wconf 94' lang='lat' dir='ltr'>non</span> <span class='ocrx_word' id='word_1_166' title='bbox 988 4383 1141 4456; x_wconf 88' lang='lat' dir='ltr'>debeant</span> <span class='ocrx_word' id='word_1_167' title='bbox 1168 4384 1352 4456; x_wconf 88' lang='lat' dir='ltr'>custodire.</span> 
     </span>
    </p>

    <p class='ocr_par' dir='ltr' id='par_1_15' title="bbox 343 4495 744 4570">
     <span class='ocr_line' id='line_1_24' title="bbox 343 4495 744 4570; baseline 0.007 -5"><span class='ocrx_word' id='word_1_168' title='bbox 343 4495 384 4565; x_wconf 89' lang='lat' dir='ltr'>X.</span> <span class='ocrx_word' id='word_1_169' title='bbox 411 4497 463 4565; x_wconf 88' lang='lat' dir='ltr'>De</span> <span class='ocrx_word' id='word_1_170' title='bbox 491 4497 744 4570; x_wconf 88' lang='lat' dir='ltr'>seductoribus.</span> 
     </span>
    </p>

    <p class='ocr_par' dir='ltr' id='par_1_16' title="bbox 327 4611 1745 4825">
     <span class='ocr_line' id='line_1_25' title="bbox 327 4611 1745 4712; baseline 0.004 -29"><span class='ocrx_word' id='word_1_171' title='bbox 327 4611 380 4683; x_wconf 89' lang='lat' dir='ltr'>XI.</span> <span class='ocrx_word' id='word_1_172' title='bbox 407 4615 460 4684; x_wconf 88' lang='lat' dir='ltr'>De</span> <span class='ocrx_word' id='word_1_173' title='bbox 495 4616 639 4700; x_wconf 87' lang='lat' dir='ltr'>sanctis,</span> <span class='ocrx_word' id='word_1_174' title='bbox 676 4617 770 4708; x_wconf 94' lang='lat' dir='ltr'>quod</span> <span class='ocrx_word' id='word_1_175' title='bbox 805 4638 875 4687; x_wconf 94' lang='lat' dir='ltr'>non</span> <span class='ocrx_word' id='word_1_176' title='bbox 909 4627 1046 4689; x_wconf 90' lang='lat' dir='ltr'>terrena</span> <span class='ocrx_word' id='word_1_177' title='bbox 1080 4640 1207 4712; x_wconf 87' lang='lat' dir='ltr'>sapere</span> <span class='ocrx_word' id='word_1_178' title='bbox 1242 4619 1395 4692; x_wconf 89' lang='lat' dir='ltr'>debeant</span> <span class='ocrx_word' id='word_1_179' title='bbox 1422 4631 1457 4692; x_wconf 88' lang='lat' dir='ltr'>et</span> <span class='ocrx_word' id='word_1_180' title='bbox 1483 4639 1653 4712; x_wconf 88' lang='lat' dir='ltr'>quaerere</span> <span class='ocrx_word' id='word_1_181' title='bbox 1680 4618 1745 4689; x_wconf 87' lang='lat' dir='ltr'>sed</span> 
     </span>
     <span class='ocr_line' id='line_1_26' title="bbox 414 4752 1188 4825; baseline 0.012 -23"><span class='ocrx_word' id='word_1_182' title='bbox 414 4752 573 4825; x_wconf 89' lang='lat' dir='ltr'>superna.</span> <span class='ocrx_word' id='word_1_183' title='bbox 1183 4797 1188 4811; x_wconf 95' lang='lat'>.</span> 
     </span>
    </p>

    <p class='ocr_par' dir='ltr' id='par_1_17' title="bbox 320 4849 1744 5052">
     <span class='ocr_line' id='line_1_27' title="bbox 320 4849 1744 4940; baseline 0.005 -21"><span class='ocrx_word' id='word_1_184' title='bbox 320 4849 386 4920; x_wconf 92' lang='lat' dir='ltr'>lIll.</span> <span class='ocrx_word' id='word_1_185' title='bbox 412 4851 464 4920; x_wconf 90' lang='lat' dir='ltr'>De</span> <span class='ocrx_word' id='word_1_186' title='bbox 491 4849 755 4923; x_wconf 80' lang='lat' dir='ltr'>mortificatIone</span> <span class='ocrx_word' id='word_1_187' title='bbox 782 4853 1018 4924; x_wconf 88' lang='lat' dir='ltr'>membrorum</span> <span class='ocrx_word' id='word_1_188' title='bbox 1045 4855 1268 4940; x_wconf 89' lang='lat' dir='ltr'>terrestrium,</span> <span class='ocrx_word' id='word_1_189' title='bbox 1297 4855 1332 4927; x_wconf 90' lang='lat' dir='ltr'>id</span> <span class='ocrx_word' id='word_1_190' title='bbox 1366 4869 1421 4928; x_wconf 89' lang='lat' dir='ltr'>est</span> <span class='ocrx_word' id='word_1_191' title='bbox 1447 4857 1599 4927; x_wconf 92' lang='lat' dir='ltr'>omnium</span> <span class='ocrx_word' id='word_1_192' title='bbox 1637 4855 1744 4927; x_wconf 89' lang='lat' dir='ltr'>absti-</span> 
     </span>
     <span class='ocr_line' id='line_1_28' title="bbox 413 4969 1720 5052; baseline 0.01 -13"><span class='ocrx_word' id='word_1_193' title='bbox 413 4971 529 5040; x_wconf 88' lang='lat' dir='ltr'>nentia</span> <span class='ocrx_word' id='word_1_194' title='bbox 554 4969 725 5041; x_wconf 73' lang='lat' dir='ltr'>uitiorum.</span> <span class='ocrx_word' id='word_1_195' title='bbox 1718 5049 1720 5052; x_wconf 83' lang='lat'>.</span> 
     </span>
    </p>

    <p class='ocr_par' dir='ltr' id='par_1_18' title="bbox 305 5085 1746 5282">
     <span class='ocr_line' id='line_1_29' title="bbox 305 5085 1746 5183; baseline 0.006 -27"><span class='ocrx_word' id='word_1_196' title='bbox 305 5085 386 5158; x_wconf 88' lang='lat' dir='ltr'>XIII.</span> <span class='ocrx_word' id='word_1_197' title='bbox 412 5088 464 5159; x_wconf 88' lang='lat' dir='ltr'>De</span> <span class='ocrx_word' id='word_1_198' title='bbox 492 5089 727 5183; x_wconf 87' lang='lat' dir='ltr'>expoliatione</span> <span class='ocrx_word' id='word_1_199' title='bbox 753 5089 883 5160; x_wconf 87' lang='lat' dir='ltr'>veteris</span> <span class='ocrx_word' id='word_1_200' title='bbox 910 5089 1057 5160; x_wconf 91' lang='lat' dir='ltr'>hominis</span> <span class='ocrx_word' id='word_1_201' title='bbox 1085 5113 1163 5162; x_wconf 91' lang='lat' dir='ltr'>cum</span> <span class='ocrx_word' id='word_1_202' title='bbox 1192 5093 1353 5166; x_wconf 88' lang='lat' dir='ltr'>omnibus</span> <span class='ocrx_word' id='word_1_203' title='bbox 1379 5093 1468 5165; x_wconf 84' lang='lat' dir='ltr'>vitiis</span> <span class='ocrx_word' id='word_1_204' title='bbox 1496 5101 1530 5162; x_wconf 89' lang='lat' dir='ltr'>et</span> <span class='ocrx_word' id='word_1_205' title='bbox 1547 5092 1746 5164; x_wconf 90' lang='lat' dir='ltr'>indumento</span> 
     </span>
     <span class='ocr_line' id='line_1_30' title="bbox 412 5207 859 5282; baseline 0.002 -6"><span class='ocrx_word' id='word_1_206' title='bbox 412 5211 493 5279; x_wconf 92' lang='lat' dir='ltr'>novi</span> <span class='ocrx_word' id='word_1_207' title='bbox 520 5231 598 5280; x_wconf 93' lang='lat' dir='ltr'>cum</span> <span class='ocrx_word' id='word_1_208' title='bbox 625 5207 859 5282; x_wconf 85' lang='lat' dir='ltr'>renovatione.</span> 
     </span>
    </p>
   </div>
   <div class='ocr_carea' id='block_1_7' title="bbox 0 0 2114 6117">
    <p class='ocr_par' dir='ltr' id='par_1_19' title="bbox 0 0 2114 6117">
     <span class='ocr_line' id='line_1_31' title="bbox 0 0 2114 6117; baseline 0 0"><span class='ocrx_word' id='word_1_209' title='bbox 0 0 2114 6117; x_wconf 95' lang='lat' dir='ltr'> </span> 
     </span>
    </p>
   </div>
  </div>
 </body>
</html>
