4242 6134
719 423 825 484 LIBER
851 421 999 486 actuum
1025 419 1300 483 APOSTOLORUM
1668 421 1739 492 203

1430 525 1452 532 a..
1464 525 1734 537 -a—-n———a-..m

276 649 348 713 aaa,
375 627 503 699 iaciens
529 627 748 721 elemosynas
774 626 896 696 multas
921 626 1013 718 plebi
1040 635 1075 696 et
1102 625 1294 720 deprecans
1320 624 1425 696 deum
1451 645 1604 720 semper:
1656 619 1739 696 ³vi-

274 747 325 818 dit
349 747 384 818 in
408 747 485 818 visu
510 747 698 829 manifeste,
726 745 823 836 quasi
849 744 934 816 hora
960 767 1051 818 nona
1077 747 1154 831 diei,
1183 747 1341 837 angelum
1367 745 1425 816 dei
1443 746 1668 816 introeuntem
1695 745 1741 818 ad

275 887 315 938 se
342 877 379 938 et
403 865 575 937 dicentem
600 865 665 936 sihi
691 864 834 936 Corneli.
885 853 959 936 *At
985 866 1039 936 ille
1066 867 1199 938 intuens
1231 867 1264 936 in
1298 887 1376 936 eum
1410 865 1531 935 timore
1563 875 1740 959 correptas

275 986 362 1058 dixit
388 977 474 1070 'Qui
507 1008 561 1071 es,
595 985 759 1058 domine?
791 983 882 1054 Dixit
917 995 1030 1056 autem
1063 986 1106 1056 ilii
1138 981 1320 1057 Orationes
1346 995 1425 1056 tuae
1459 996 1494 1055 et
1518 977 1739 1080 'elemosynae

276 1119 356 1178 tuae
382 1105 610 1178 ascenderunt
634 1105 669 1174 in
694 1103 897 1176 memoriam
923 1104 957 1172 in
983 1116 1171 1198 conspectu
1197 1106 1264 1176 dei.
1315 1097 1387 1174 5Ει
1411 1125 1501 1176 nunc
1526 1106 1621 1176 mitte
1647 1107 1740 1178 viros

276 1227 311 1298 in
337 1227 465 1318 loppen
491 1235 527 1296 et
552 1219 704 1296 'arcessi
729 1224 904 1296 Simonem
932 1225 1105 1316 quendam
1132 1226 1188 1318 qni
1214 1225 1474 1318 cognominetur
1490 1224 1626 1297 Petms:
1660 1219 1740 1296 ⁶bic

277 1347 466 1439 hospitatur
499 1344 593 1438 apud
625 1345 799 1415 Simonem
833 1344 1005 1437 quendam
1041 1346 1236 1430 omimium,
1272 1345 1366 1416 ouius
1399 1355 1454 1416 est
1487 1343 1611 1417 domus
1646 1349 1739 1418 iuxta

276 1487 381 1538 mare.
432 1458 504 1536 'Et
536 1486 614 1536 cum
648 1464 865 1536 discessisset
897 1467 1040 1557 angelus
1070 1465 1127 1558 qui
1159 1465 1364 1556 loquebatur
1399 1463 1457 1549 illi,
1489 1467 1625 1536 vocavit
1650 1467 1739 1538 dnos

275 1586 486 1658 domesticos
520 1605 603 1656 suos
636 1595 671 1654 et
703 1585 842 1655 militem
873 1593 1081 1656 metuentem
1116 1586 1290 1656 dominum
1325 1605 1371 1654 ex
1404 1585 1456 1654 bis
1483 1585 1540 1677 qni
1566 1585 1610 1656 iiii
1636 1593 1737 1680 pare-

274 1707 374 1791 bant;
427 1697 582 1798 ⁸quibno
613 1725 691 1775 oum
730 1715 906 1776 narrasset
939 1706 1068 1791 omnia,
1104 1707 1193 1776 misit
1218 1705 1293 1776 ilios
1320 1705 1354 1774 in
1379 1705 1517 1798 loppen.
1568 1697 1738 1778 ⁹Postera

275 1836 389 1898 autem
415 1826 473 1898 die
498 1827 563 1912 iter
587 1824 650 1896 illis
675 1823 877 1896 iacientibus
902 1833 937 1894 et
962 1823 1313 1918 adpropinquantibus
1339 1825 1473 1909 civitati,
1501 1825 1656 1896 ascendit
1672 1827 1737 1897 Pe-

276 1957 348 2018 trus
374 1947 408 2017 in
433 1945 612 2039 superiora
637 1953 673 2016 ut
699 1955 814 2016 oraret
839 1943 929 2016 eirca
955 1943 1076 2016 horam
1102 1955 1251 2029 sextam,
1303 1936 1328 1982 ¹⁰
1340 1955 1377 2016 et
1392 1965 1469 2016 cum
1484 1945 1646 2030 esuriret,
1672 1967 1737 2018 vo-

276 2067 336 2138 luit
360 2075 506 2157 gustare.
559 2065 759 2136 Parentibus
791 2075 904 2136 autem
937 2065 988 2136 eis
1019 2065 1143 2136 cecidit
1173 2085 1278 2160 super
1310 2087 1388 2136 eum
1416 2065 1537 2136 mentis
1561 2087 1738 2152 excessus,

277 2179 299 2224 ¹¹
319 2196 354 2256 et
379 2185 465 2258 vidit
497 2187 629 2258 caelum
661 2195 816 2279 apertum
852 2195 888 2256 et
919 2183 1137 2257 descendens
1170 2207 1233 2256 vas
1266 2185 1442 2276 quoddam
1475 2187 1568 2258 velot
1601 2187 1736 2258 linteum

277 2329 437 2399 magnum
470 2313 631 2398 quattuor
662 2305 762 2376 initiis
794 2305 955 2376 summitti
987 2306 1033 2378 de
1066 2307 1163 2378 caelo
1189 2307 1225 2375 in
1251 2314 1394 2391 terram,
1445 2299 1470 2344 ¹²
1487 2306 1520 2376 in
1546 2327 1614 2398 quo
1642 2320 1739 2379 erant

277 2428 392 2498 omnia
418 2424 655 2518 quadrupedia
680 2435 716 2496 et
741 2425 914 2518 serpentia
939 2434 1051 2496 terrae
1078 2435 1113 2495 et
1137 2425 1284 2498 volatitia
1310 2423 1404 2496 caeli.
1459 2417 1483 2462 ¹³
1499 2427 1541 2496 Et
1572 2429 1660 2498 tacta
1686 2439 1739 2499 est

276 2569 348 2618 vox
374 2547 420 2618 ad
446 2569 524 2618 eum
551 2547 670 2638 Surge,
697 2545 808 2629 Petre,
835 2545 955 2616 occide
983 2556 1017 2616 et
1043 2545 1220 2617 manduca
1264 2537 1290 2582 ¹⁴
1306 2545 1362 2616 mr
1379 2555 1492 2617 autern
1520 2546 1640 2618 Petrus
1665 2547 1726 2619 Ab

276 2668 335 2752 sit,
363 2666 518 2750 domine,
546 2667 626 2758 quia
657 2687 843 2758 numquam
875 2665 1078 2738 manducavi
1111 2689 1214 2738 omne
1246 2686 1428 2736 commune
1462 2675 1499 2736 et
1530 2667 1737 2738 inmundum.

275 2779 302 2824 ’ὅ
317 2787 359 2856 Et
384 2809 456 2858 vox
481 2787 602 2856 iterum
629 2785 783 2858 secundo
810 2784 855 2856 ad
882 2807 961 2856 eum
989 2787 1087 2870 Quae
1113 2785 1201 2858 deus
1228 2783 1417 2879 purificavit
1442 2795 1477 2856 tu
1496 2807 1677 2858 commune
1695 2809 1739 2858 ne

275 2905 415 2976 dixeris.
468 2897 494 2942 ¹⁶
510 2907 583 2976 Hoc
613 2915 728 2976 autem
761 2906 886 2976 tactum
920 2915 975 2975 est
1007 2927 1070 2998 per
1102 2917 1168 2991 ter,
1196 2917 1232 2976 et
1256 2906 1368 2977 statim
1395 2915 1571 2999 receptum
1599 2917 1652 2978 est
1677 2929 1739 2979 vas

275 3025 308 3096 in
340 3027 482 3097 caelum.
535 3019 560 3061 ¹⁷
573 3025 614 3096 Et
646 3025 728 3096 dum
760 3025 847 3096 intra
887 3046 926 3095 se
957 3025 1121 3097 hesitaret
1153 3027 1287 3110 Petrus,
1331 3026 1493 3118 quidnam
1527 3037 1622 3097 esset
1653 3028 1738 3100 visio

276 3167 378 3238 quam
404 3146 556 3230 vidisset,
583 3167 666 3217 ecce
692 3144 755 3214 viri
781 3145 838 3237 qui
862 3145 958 3216 missi
984 3155 1082 3216 erant
1114 3167 1135 3216 a
1168 3146 1324 3216 Cornelio
1356 3147 1565 3237 inquirentes
1598 3146 1737 3218 domum

275 3266 423 3336 Simonis
458 3265 660 3350 adstiterunt
692 3264 737 3336 ad
770 3266 923 3349 ianuam,
975 3257 1002 3301 ¹⁸
1019 3275 1054 3336 et
1087 3287 1164 3336 oum
1194 3277 1394 3348 vocassent,
1427 3266 1737 3357 interrogabantsi

240 3377 254 3398 ⁴
276 3388 392 3458 Simon
419 3385 476 3476 qui
502 3385 762 3477 cognominatur
788 3385 909 3454 Petrus
934 3383 1000 3455 illio
1032 3385 1177 3456 haberet
1208 3387 1400 3479 hospitium.
1454 3377 1479 3422 ¹⁹
1497 3386 1597 3456 Petro
1624 3398 1737 3458 autem

275 3507 454 3598 cogitante
472 3505 518 3576 de
544 3505 686 3589 visione,
713 3503 800 3576 dixit
825 3505 962 3597 spiritus
987 3505 1020 3576 ei
1037 3505 1127 3576 Ecce
1145 3507 1208 3576 viri
1234 3517 1305 3576 tres
1323 3515 1491 3598 quaerunt
1507 3515 1557 3576 te:
1590 3499 1616 3544 ²⁰
1633 3529 1737 3600 surge

275 3627 391 3718 itaque
417 3635 453 3696 et
478 3625 654 3710 discendo,
682 3635 718 3696 et
741 3625 832 3695 vade
859 3647 935 3695 cum
963 3625 1015 3696 eis
1041 3625 1122 3696 nibil
1148 3627 1322 3711 dubitans,
1351 3625 1429 3718 quia
1456 3647 1525 3717 ego
1552 3627 1627 3696 misi
1653 3627 1737 3698 illos.

274 3740 545 3818 ”Descendens
572 3755 685 3818 autem
712 3745 832 3816 Petrus
858 3744 903 3818 ad
929 3744 1022 3816 viros
1048 3745 1134 3816 dixit
1157 3748 1248 3820 Eece
1275 3767 1343 3838 ego
1369 3767 1445 3817 sum
1471 3767 1575 3838 quem
1601 3749 1737 3840 quaeri-

275 3868 334 3938 tis:
368 3889 457 3960 quae
493 3887 598 3937 causa
630 3874 685 3936 est
715 3875 856 3959 propter
891 3886 994 3958 mam
1024 3867 1190 3938 venistis?
1240 3859 1267 3906 ¹²
1285 3867 1348 3952 Qui
1375 3866 1536 3938 dixemnt
1561 3867 1738 3939 Cornelius

275 3988 439 4073 centurio,
465 3987 517 4060 vir
542 3986 651 4058 iustus
678 3995 714 4056 et
734 3985 859 4056 timens
886 3985 990 4058 deum
1017 3997 1052 4058 et
1078 3987 1307 4059 testimonium
1341 3987 1471 4058 babens
1503 3988 1547 4058 ab
1579 3989 1737 4059 universa

272 4120 378 4200 gente
403 4108 617 4192 ludaeorum,
642 4127 847 4200 responsum
874 4107 1006 4201 accepit
1031 4109 1075 4179 ab
1102 4109 1226 4201 angelo
1253 4119 1385 4192 sancto,
1421 4101 1615 4179 'arcessire
1642 4119 1676 4180 te
1702 4110 1736 4179 in

235 4287 239 4292 .
275 4229 417 4301 domum
443 4251 541 4300 suam
567 4238 602 4299 et
628 4227 747 4298 audire
773 4227 881 4300 verba
907 4228 971 4298 abs
999 4237 1042 4299 te.
1094 4220 1359 4300 ”introducens
1390 4227 1490 4320 igitm
1521 4247 1585 4298 eos
1610 4227 1739 4320 recepit

275 4349 436 4441 hospitio.
488 4349 653 4440 Sequenti
680 4357 794 4420 antem
821 4347 879 4420 die
905 4369 1050 4440 surgens
1076 4349 1248 4442 protectas
1276 4357 1331 4419 est
1356 4369 1433 4420 oum
1460 4349 1521 4432 eis,
1549 4347 1737 4440 etquidem

276 4491 326 4553 ex
349 4467 507 4538 fratribus
534 4489 555 4539 a
580 4469 711 4561 loppen
737 4468 885 4540 comitati
918 4478 998 4539 sumt
1029 4489 1118 4538 eum.
1168 4461 1194 4506 ²
1210 4467 1325 4540 Altera
1358 4479 1471 4540 autem
1503 4467 1561 4540 die
1592 4448 1739 4538 introibit

275 4590 492 4661 Caesaream.
547 4587 723 4658 Cornelius
747 4609 832 4660 vero
859 4589 1069 4682 expectabat
1093 4590 1170 4660 iilos
1196 4589 1393 4660 convocatis
1427 4587 1582 4679 cognatis
1608 4587 1679 4656 suis
1704 4597 1739 4656 et

275 4707 481 4779 necessariis
514 4707 640 4778 amicis.
696 4699 723 4744 ²⁵
738 4708 779 4778 Et
811 4703 935 4779 iactum
968 4719 1022 4779 est
1053 4731 1129 4778 cum
1162 4707 1335 4778 introisset
1370 4709 1507 4792 Petrus,
1549 4707 1670 4778 obvius
1705 4708 1737 4778 ei

276 4829 453 4901 Cornelius
486 4837 521 4898 et
553 4827 738 4920 procidens
772 4827 817 4899 ad
850 4827 960 4920 pedes
994 4828 1068 4899 eins
1095 4827 1259 4898 adoravit.
1310 4819 1337 4864 ’ὓ
1354 4827 1475 4899 Petrus
1502 4848 1586 4897 vero
1613 4826 1739 4898 levavit
1849 4851 1852 4858 ¹

276 4971 355 5021 eum
381 4949 501 5022 dicens
528 4949 655 5040 Surge:
684 4957 719 5017 et
745 4969 812 5040 ego
838 4949 913 5042 ipse
940 4947 1045 5018 homo
1073 4971 1157 5018 sum.
1209 4939 1234 4984 ²⁷
1251 4947 1293 5018 Et
1323 4947 1470 5040 loquens
1497 4969 1573 5018 cum
1601 4947 1657 5020 ilio
1683 4947 1736 5016 in-

274 5071 382 5156 trarit,
411 5080 445 5142 et
472 5069 599 5140 invenit
624 5069 750 5140 multos
777 5069 834 5162 qni
861 5079 1110 5153 convenerant,
1153 5060 1180 5104 Ἢ
1196 5069 1351 5158 dixitque
1376 5067 1423 5138 ad
1447 5067 1522 5140 iilos
1541 5069 1618 5172 'vos
1645 5069 1736 5139 scitis

274 5189 452 5283 quomodo
479 5189 711 5264 abominatum
746 5189 790 5262 sit
823 5189 897 5260 viro
927 5187 1057 5260 ludaoo
1082 5189 1239 5281 coniungi
1266 5199 1324 5259 aut
1349 5189 1518 5260 accedere
1546 5189 1591 5260 ad
1617 5189 1735 5259 alieni·

878 5307 1143 5410 Χ,3-28.Ι

1258 5461 1262 5470 .
1355 5431 1401 5501 2ss
1416 5431 1432 5470 ἦ
