4146 6120
711 337 891 402 nrtsvutt
917 337 968 401 to
995 337 1194 401 smarnos
1616 328 1690 407 367
1822 295 1825 302 Δ

214 546 334 629 deum,
370 552 405 616 et
431 543 570 637 spiritus
595 543 761 614 iustorum
789 544 1036 636 perlectorum,
1083 535 1110 582 ²⁸
1128 552 1162 613 et
1190 543 1382 614 testamenti
1410 543 1492 618 novi
1518 540 1691 612 mediato-

212 687 288 738 rem
327 665 458 748 lesum,
499 673 535 734 et
572 663 745 756 sanguinis
787 663 1004 757 sparsionem
1047 663 1167 734 melius
1208 663 1409 755 loquentem
1450 683 1553 754 quam
1593 660 1690 732 Abel.

213 775 304 834 Μ)
317 784 437 858 Videte
464 805 509 855 nc
536 783 704 856 recusetis
729 785 944 876 loquentem:
972 783 1000 854 si
1027 783 1118 854 enim
1144 783 1187 854 illi
1214 803 1285 854 non
1311 783 1504 874 effugerunt
1528 803 1691 854 recusan·
1744 878 1747 884 ‚

216 916 268 976 tes
295 925 375 976 eum
402 904 460 997 qui
486 923 591 998 super
618 913 743 975 terram
776 903 996 996 loquebatur,
1030 905 1137 974 multo
1171 903 1281 996 magis
1315 923 1381 973 nos
1418 902 1475 993 qui
1510 901 1555 974 de
1587 904 1692 974 caelis

214 1027 411 1118 loquentem
436 1025 538 1096 nobis
565 1023 765 1109 avertimur;
807 1016 835 1062 ’ὓ
851 1024 947 1096 cuius
978 1043 1051 1095 vox
1084 1024 1191 1096 movit
1215 1034 1344 1094 terram
1371 1031 1467 1106 tunc,
1495 1022 1601 1094 modo
1628 1045 1673 1095 au
1726 1101 1729 1108 ,

214 1157 283 1218 tem
310 1145 512 1240 repromittit
540 1143 660 1217 dicens
685 1142 809 1216 Adhuc
835 1143 943 1216 semel
969 1166 1037 1237 ego
1064 1145 1216 1216 movebo
1242 1163 1313 1214 non
1340 1143 1455 1214 solum
1482 1151 1608 1216 terram
1627 1143 1692 1214 sed

215 1277 251 1338 et
276 1267 418 1338 caelum.
471 1257 497 1302 ²²
516 1263 619 1350 Quod
646 1275 760 1336 autem
785 1248 910 1336 Adhuc
935 1266 1043 1336 semel
1070 1265 1159 1350 dicit,
1187 1265 1341 1336 declaret
1374 1261 1552 1334 mobilium
1579 1273 1681 1334 trans·

215 1387 378 1460 lationem
406 1397 581 1478 tamquam
607 1387 784 1470 lectorum,
811 1395 848 1456 ut
873 1395 1037 1457 maneant
1062 1407 1103 1458 ea
1122 1407 1213 1478 quae
1231 1393 1310 1456 sunt
1326 1383 1509 1454 inmobilia.
1535 1375 1692 1474 28ltaque

215 1529 359 1600 regnum
385 1505 548 1578 inmobile
576 1505 801 1600 suscipientes
828 1503 996 1577 babemus
1014 1505 1169 1598 gratiam,
1196 1523 1383 1598 perquam
1402 1503 1591 1574 serviamus
1618 1503 1692 1596 pla-

216 1640 334 1700 centes
359 1627 428 1699 deo
455 1647 532 1696 cum
559 1635 714 1696 metuet
743 1625 951 1696 reverentia:
995 1617 1021 1662 ²⁹
1039 1625 1163 1696 etenim
1200 1625 1286 1696 deus
1320 1632 1438 1694 noster
1472 1623 1561 1716 ignis
1588 1618 1722 1694 'oon--

217 1769 357 1823 sumens
383 1757 445 1818 est.
1676 1745 1689 1768 ⁰

911 2021 989 2090 Xlll.

292 2220 452 2298 *caritas
478 2226 694 2298 fraternitatis
721 2235 866 2296 maneat.
919 2219 990 2297 *at
1015 2225 1279 2319 hospitalitatem
1307 2225 1411 2320 atrita
1430 2225 1602 2296 attrivisti:
1631 2245 1694 2317 pa
1726 2204 1732 2218 ’

216 2347 304 2417 banc
330 2347 421 2416 enim
456 2345 626 2415 latuemnt
662 2344 801 2437 quidam
838 2345 970 2436 angelis
1004 2343 1153 2448 hospitio
1180 2344 1337 2438 receptis.
1389 2335 1467 2392 Μ)
1485 2345 1694 2416 Mementote
1804 2379 1810 2394 .

214 2467 405 2538 vinctorum
432 2475 606 2557 tamquam
635 2465 733 2536 simul
759 2464 870 2549 vincti,
897 2475 931 2535 et
956 2463 1182 2536 laborantium
1210 2475 1384 2557 tamquam
1412 2476 1447 2536 ct
1472 2466 1536 2559 ipsi
1561 2465 1595 2534 in
1613 2485 1692 2536 cor-

215 2608 302 2680 pore
329 2595 514 2656 morantes.
566 2573 804 2656 *Honorabitc
830 2586 1014 2657 conubium
1041 2584 1075 2654 in
1103 2585 1262 2656 omnibus
1280 2593 1316 2656 et
1341 2595 1435 2657 torus
1454 2585 1692 2656 inmaculatus:

217 2707 440 2778 t'omicatores
467 2705 555 2775 enim
584 2715 618 2774 et
644 2705 819 2778 adulteros
845 2705 1008 2776 iudicabit
1034 2703 1131 2775 deus.
1184 2697 1287 2776 ⁵Sint
1319 2727 1436 2777 mores
1469 2705 1543 2776 sine
1578 2705 1691 2776 avari-

121 2853 124 2860 ·
216 2827 271 2910 tia,
299 2826 447 2897 contenti
474 2825 731 2918 praesentibus:
759 2828 834 2919 ipse
862 2826 951 2896 enim
979 2825 1065 2896 dixit
1090 2825 1166 2897 Non
1194 2836 1227 2897 te
1254 2825 1415 2898 deseram
1447 2846 1561 2918 neque
1588 2823 1693 2896 dere-

216 2946 385 3036 linquam;
427 2936 505 3016 6ita
531 2954 569 3014 ut
594 2945 807 3016 confidenter
833 2945 987 3016 dicamus
1012 2945 1179 3015 Dominus
1208 2945 1287 3015 mihi
1314 2945 1449 3017 adiutor
1466 2953 1535 3015 est:
1561 2967 1632 3016 non
1651 2946 1693 3015 ti-

217 3063 321 3134 mebo
349 3063 431 3154 quid
458 3063 560 3134 saciat
585 3063 665 3132 mibi
693 3065 807 3134 home.
841 3055 1075 3136 qMementote
1102 3064 1378 3158 praepositorum
1404 3074 1607 3146 vestrorum,
1636 3065 1694 3156 qui

216 3183 316 3254 vobis
351 3180 452 3253 locuti
486 3191 564 3253 sunt
595 3183 738 3252 verbum
774 3182 849 3267 dei,
884 3204 1030 3275 quorum
1062 3183 1232 3255 intuentes
1266 3185 1395 3256 exitum
1423 3183 1694 3256 conversationis

217 3303 389 3374 imitamini
431 3300 546 3372 fidem.
598 3293 724 3373 ⁸lesus
759 3302 910 3372 Christus
952 3301 1025 3372 heri
1059 3311 1095 3372 et
1127 3303 1249 3391 bodie,
1285 3305 1360 3400 ipse
1392 3315 1426 3376 et
1458 3299 1511 3374 'in
1543 3303 1691 3374 saecula.

215 3411 293 3468 Ἣ)
311 3422 481 3493 Doctrinis
507 3421 609 3492 variis
636 3431 670 3492 et
696 3421 885 3515 peregrinis
911 3422 1015 3493 nolite
1043 3421 1186 3494 abduci:
1215 3427 1379 3519 optimum
1413 3424 1503 3495 anim
1531 3433 1585 3494 est
1610 3445 1692 3515 gra-
1814 3499 1817 3506 ,

218 3542 262 3612 tia
291 3541 430 3612 stabilivi
457 3563 533 3626 cor,
561 3562 632 3612 non
659 3542 764 3626 escis,
799 3561 889 3634 quae
922 3564 992 3614 non
1023 3544 1222 3636 prosuerunt
1255 3545 1538 3618 inambulantibus
1572 3543 1605 3614 in
1632 3544 1691 3614 eis.

217 3653 242 3696 ¹⁰
254 3661 432 3733 Habemus
458 3663 573 3746 altare,
601 3662 646 3733 de
674 3683 743 3754 quo
770 3661 878 3733 edere
904 3683 973 3734 non
999 3663 1127 3733 habent
1152 3675 1358 3758 potestatem
1387 3666 1443 3760 qui
1470 3663 1692 3736 tabernaculo

219 3781 427 3853 deserviunt.
480 3776 672 3868 “Quorum
700 3783 791 3852 enim
818 3781 1011 3854 animalium
1038 3784 1177 3855 insertur
1210 3788 1350 3878 sanguis
1384 3807 1449 3879 pro
1481 3793 1627 3878 peccato
1659 3784 1693 3853 in

217 3912 335 3974 sancta
361 3923 425 3996 per
451 3903 656 3996 pontificem,
684 3903 806 3974 borum
833 3923 980 3998 corpora
1007 3914 1202 3976 cremantur
1228 3916 1328 3978 extra
1355 3915 1476 3977 castra.
1510 3896 1536 3940 ¹²
1549 3905 1693 3998 Propter

217 4022 311 4116 quod
339 4032 373 4093 et
398 4024 516 4108 lesus,
531 4035 567 4094 ut
593 4023 821 4095 sanctificaret
847 4044 910 4116 per
937 4045 1036 4094 suum
1064 4025 1263 4116 sanguinem
1288 4027 1462 4119 populum,
1490 4035 1588 4098 extra
1608 4049 1691 4120 por-

209 4151 285 4212 tam
321 4163 445 4234 passus
481 4154 542 4215 est.
596 4135 621 4181 ¹³
637 4145 813 4215 Exeamus
845 4143 945 4234 igitur
980 4143 1025 4215 ad
1058 4165 1137 4215 eum
1171 4155 1270 4216 extra
1305 4157 1432 4230 castra,
1459 4145 1693 4238 inproperium
1758 4171 1764 4180 ·

214 4261 290 4331 cius
316 4271 509 4354 portantes:
554 4253 659 4334 “non
686 4264 776 4334 enim
803 4261 971 4335 babemus
998 4264 1051 4335 hic
1077 4275 1272 4336 manentem
1299 4266 1485 4350 civitatem,
1514 4265 1578 4337 sed
1604 4267 1693 4337 lutu-

217 4401 289 4450 ram
325 4381 533 4473 inquirimus.
591 4376 695 4454 ¹⁵Pcr
735 4385 845 4475 ipsum
882 4403 967 4475 ergo
1006 4385 1190 4458 offeramus
1226 4385 1372 4458 hostiam
1407 4369 1517 4457 laudis
1554 4406 1693 4481 semper

217 4498 297 4584 deo,
324 4500 359 4572 id
386 4512 439 4572 est
465 4501 609 4572 fructum
636 4504 803 4574 labiorum
831 4501 1062 4578 confitentium
1088 4505 1216 4578 nomini
1252 4506 1334 4576 eins.
1388 4498 1693 4578 ⁴⁶Beneficientiae

217 4629 333 4690 autem
361 4631 396 4691 et
421 4623 671 4694 communionis
704 4621 807 4694 nolite
834 4623 1005 4695 oblivisci:
1040 4625 1164 4697 talibus
1198 4626 1288 4696 enim
1324 4627 1445 4699 hostiis
1477 4635 1694 4720 promeretur

216 4738 312 4811 deus.
366 4729 454 4787 'lm'
469 4741 640 4815 Oboedite
667 4742 876 4838 praepositis
903 4745 1026 4815 vestris
1053 4755 1088 4816 et
1113 4746 1290 4834 subiacete
1316 4746 1384 4818 eis:
1412 4748 1476 4841 ipsi
1503 4747 1593 4816 enim
1612 4721 1694 4841 per-

217 4860 358 4952 vigilant
384 4863 481 4954 quasi
515 4865 683 4935 rationem
716 4885 780 4958 pro
814 4862 993 4935 animabus
1028 4867 1150 4938 vestris
1183 4865 1364 4951 reddituri;
1400 4877 1436 4937 ut
1462 4889 1538 4937 cum
1566 4866 1694 4960 gaudio
1726 4879 1732 4896 ·

215 4979 283 5051 boc
309 4982 434 5053 iaciant
460 4993 495 5053 et
521 5005 587 5055 non
614 4993 808 5078 gementes:
836 4983 904 5054 hoc
930 4985 1020 5056 enim
1047 5009 1115 5058 non
1143 4985 1287 5080 expedit
1305 4986 1414 5058 vobis.
1458 4977 1484 5022 ¹⁸
1498 4987 1602 5058 Orate
1629 5009 1693 5081 pro

217 5086 332 5172 nobis:
368 5101 573 5175 confidimus
609 5109 698 5178 enim
731 5106 809 5199 quia
844 5105 972 5175 bonam
1007 5107 1251 5179 conscientiam
1279 5107 1448 5181 habemus
1476 5107 1508 5177 in
1536 5107 1694 5178 omnibus

746 5227 816 5312 ΧΠ,
842 5225 888 5300 24
918 5265 968 5277 ·-
994 5225 1073 5311 Xlll,
1105 5229 1161 5297 l8.
