4220 6124
700 411 882 476 arrarum
908 411 961 475 no
989 409 1215 474 comurmos
1241 407 1273 468 u.
1656 395 1731 476 287

244 629 372 700 minum
399 603 516 697 coram
544 621 625 696 deo.
669 608 746 666 ³⁰⁰)
761 617 865 703 Quod
893 618 923 688 si
948 617 1051 688 etiam
1079 623 1238 709 opertum
1257 618 1313 680 εει
1330 611 1551 704 evangelium
1568 621 1735 694 nostrum,

245 747 359 818 iubis
387 745 444 838 qui
469 751 617 836 pereunt
651 749 706 810 est
734 748 911 832 opertum,
954 731 1170 828 ‘inquibus
1204 733 1293 804 deus
1320 730 1422 803 huius
1450 733 1579 805 saeculi
1605 753 1736 803 excae-

248 867 337 939 cavit
363 873 496 936 mentes
523 859 721 942 infidelinm,
749 867 786 928 ut
802 879 873 930 non
892 859 1019 950 fulgeat
1036 853 1244 928 inluminatio
1262 852 1436 944 evangelii
1454 854 1586 946 gloriae
1605 845 1737 936 Christi,

249 987 307 1080 qui
340 995 394 1057 est
425 985 541 1076 imago
574 980 640 1053 dei.
693 971 801 1051 ⁵Nou
834 971 926 1049 enim
959 977 1219 1070 nosmetipsos
1246 969 1503 1066 praedicamus,
1531 975 1737 1046 sedlesum

248 1107 417 1179 Christum
450 1103 645 1186 dominum,
687 1120 753 1172 nos
786 1109 901 1170 autem
934 1119 1057 1170 servos
1089 1107 1228 1167 vestros
1263 1112 1329 1187 per
1364 1095 1494 1180 lesum;
1545 1087 1737 1186 ⁶quoniam

249 1227 338 1298 deus
364 1226 422 1318 qui
453 1224 539 1295 dixit
572 1223 618 1294 de
652 1220 804 1291 tenebris
838 1221 950 1309 lucem
984 1217 1245 1312 splendescere,
1280 1213 1338 1307 qui
1367 1215 1487 1288 inluxit
1511 1216 1546 1287 in
1573 1213 1737 1285 cordibus

249 1345 376 1418 nostris
410 1344 455 1416 ad
489 1342 781 1414 inluminationem
817 1340 981 1410 scientiae
1015 1339 1174 1410 claritatis
1208 1337 1264 1410 dci
1299 1333 1334 1406 iu
1371 1336 1459 1408 lacie
1494 1334 1616 1406 Christi
1647 1335 1735 1404 lesu.

246 1462 454 1538 ⁷Habemus
487 1474 602 1534 autem
635 1462 835 1532 thesaurum
868 1460 970 1531 istum
1002 1459 1036 1529 in
1068 1459 1162 1530 vasis
1195 1457 1369 1542 fictilibus,
1404 1466 1440 1528 ut
1472 1454 1664 1526 sublimitas
1690 1453 1737 1523 sit

248 1586 380 1658 virtutis
408 1584 476 1660 dei,
492 1594 527 1655 et
558 1605 628 1655 non
665 1603 711 1652 ex
744 1580 855 1651 nobis.
907 1572 974 1648 8ln
1000 1580 1160 1651 omuibus
1193 1578 1446 1650 tribulationem
1472 1576 1636 1670 patimur,
1669 1571 1736 1645 sed

249 1729 319 1778 nou
347 1705 596 1798 augustianam
625 1701 830 1794 aporiamur,
859 1699 924 1771 sed
950 1721 1021 1770 non
1038 1699 1270 1784 destituimur;
1314 1690 1642 1791 9’ρειεεειιιίεεειε
1668 1715 1736 1788 ρε-

250 1828 367 1910 timur,
403 1823 469 1896 sed
501 1844 580 1896 non·
604 1821 888 1913 derelinquimur;
922 1819 1104 1900 deicimur,
1141 1819 1206 1890 sed
1239 1841 1309 1890 non
1343 1817 1512 1912 perimus;
1556 1807 1582 1853 ¹⁰
1595 1837 1736 1908 semper

237 1943 549 2017 ¹mortificationem
575 1943 653 2014 Iesu
679 1942 713 2012 in
740 1962 889 2035 corpore
916 1935 1232 2024 'cucumlerentes
1267 1948 1304 2010 ut
1335 1947 1371 2008 ει
1396 1937 1465 2010 vita
1490 1937 1568 2010 lesu
1594 1937 1628 2007 in
1654 1956 1735 2006 cor-

251 2065 396 2160 poribus
422 2063 548 2136 nostris
574 2062 817 2134 manifestetur.
845 2053 867 2096 ¹⁴
883 2049 928 2106 ‘¹¹'
952 2061 1100 2153 Semper
1126 2060 1217 2130 enim
1242 2081 1309 2130 nos
1327 2059 1384 2151 qrri
1412 2045 1559 2130 iivimus
1587 2055 1621 2126 iu
1639 2077 1734 2128 mor-

250 2197 321 2256 tem
347 2185 514 2258 tradimur
539 2191 683 2277 propter
708 2183 831 2266 lesum,
858 2189 895 2252 ut
921 2189 957 2252 ει
982 2179 1051 2251 vita
1076 2179 1154 2252 lesu
1179 2179 1416 2251 manifestetur
1441 2179 1475 2250 in
1493 2197 1598 2250 carne
1616 2185 1735 2247 nostra

251 2305 395 2377 mortali.
439 2296 466 2342 ⁴²
481 2304 574 2396 Ergo
601 2324 695 2374 mors
722 2303 756 2372 in
782 2301 884 2372 uobis
910 2309 1082 2393 operatur,
1108 2301 1179 2372 vita
1197 2309 1312 2370 autem
1339 2299 1373 2370 iu
1398 2298 1510 2371 vobis.
1554 2289 1733 2368 ⁴³llaben-

150 2465 152 2470 ·
180 2407 183 2414 ’
251 2436 304 2497 ιεε
331 2435 447 2498 autem
473 2423 621 2496 eundem
648 2421 802 2518 spiritum
820 2420 911 2507 lidei,
939 2419 1025 2491 sicul
1049 2420 1213 2514 scripturn
1232 2428 1286 2490 est
1304 2418 1452 2504 Credidi,
1478 2414 1736 2512 propterquod

251 2547 385 2617 locutus
420 2565 514 2629 sum,
550 2554 586 2614 et
616 2565 682 2614 nos
717 2541 908 2624 credimus,
941 2549 1085 2634 propter
1116 2538 1212 2632 quod
1244 2549 1279 2610 ει
1309 2539 1497 2633 loquimur,
1541 2526 1567 2574 ¹*
1585 2536 1735 2609 scientes

252 2665 417 2758 quoniam
445 2664 503 2757 qui
536 2664 715 2736 suscitavit
747 2664 861 2735 lesum
896 2669 931 2730 ει
961 2682 1027 2732 nos
1055 2656 1251 2732 'suscitavit
1276 2681 1355 2732 cum
1380 2661 1458 2732 lesu
1492 2666 1527 2730 et
1553 2657 1736 2738 constituet

252 2786 443 2858 vobiscum.
496 2775 522 2822 ¹⁵
535 2784 658 2856 Omnia
690 2785 781 2855 enim
815 2791 959 2876 propter
992 2801 1073 2865 vos,
1107 2791 1145 2852 ut
1176 2781 1286 2873 gratia
1313 2779 1494 2854 abundans
1519 2778 1735 2873 permultos

252 2906 438 2998 gratiarum
465 2904 600 2976 actione
628 2903 781 2976 abundet
806 2901 1003 2994 ingloriam
1030 2897 1097 2971 dei.
1129 2892 1157 2938 ⁴⁶
1168 2900 1315 2994 Propter
1341 2901 1435 2995 quod
1454 2921 1526 2972 non
1542 2898 1734 2981 deficimus,

253 3026 318 3097 sed
344 3025 424 3095 licet
450 3025 479 3094 is
506 3023 562 3115 qui
597 3025 681 3095 loris
713 3035 768 3095 est
793 3031 913 3094 noster
945 3020 1051 3092 homo
1086 3020 1331 3112 corrumpitur,
1363 3031 1481 3092 tamen
1507 3019 1536 3088 is
1562 3019 1620 3110 qui
1645 3019 1734 3088 intus

254 3153 309 3214 est
333 3153 520 3214 renovatur
552 3141 598 3213 de
631 3142 689 3213 die
724 3143 758 3214 in
790 3141 893 3213 diem
946 3131 971 3174 ’Ἴ
987 3138 1026 3210 ld
1059 3139 1149 3210 euim
1184 3139 1280 3232 quod
1312 3139 1346 3210 iu
1372 3138 1548 3234 praesenti
1574 3147 1631 3208 εει
1656 3157 1732 3206 mo-

255 3271 475 3332 mentaneum
503 3269 538 3331 ει
562 3261 641 3332 ιενε
668 3261 892 3332 tribadationis
918 3267 1058 3329 nostrae
1084 3277 1189 3350 supra
1215 3256 1358 3330 modum
1384 3259 1418 3330 in
1440 3257 1646 3330 sublimitate
1671 3273 1734 3326 ae-

256 3394 390 3453 ternum
424 3379 553 3473 gloriae
584 3379 723 3472 pondus
756 3388 920 3472 operatur
956 3376 1072 3460 nobis,
1131 3367 1243 3448 18εοιι
1284 3369 1593 3472 contemplantibus
1632 3376 1735 3448 nobis

256 3523 346 3597 quae
375 3501 531 3574 videntur
566 3499 632 3572 sed
666 3521 756 3592 quae
790 3518 859 3568 non
891 3496 1069 3570 videntur:
1103 3516 1193 3588 quae
1229 3497 1319 3568 enim
1346 3498 1505 3570 videntur
1532 3495 1735 3590 temporalia

255 3633 341 3710 sunl„
370 3643 460 3714 quae
488 3629 602 3692 autem
629 3641 699 3692 uon
725 3618 893 3704 videntur,
922 3627 1063 3690 aeterua
1090 3625 1175 3687 snut.

974 3893 1010 3964 V.

331 4095 407 4152 ⁴0²)
425 4104 561 4176 Scimus
587 4103 677 4174 enim
714 4102 876 4194 quoniam
911 4101 940 4172 si
971 4099 1143 4171 terrestris
1175 4097 1301 4172 domus
1325 4110 1445 4172 nostra
1471 4099 1572 4170 huius
1599 4098 1733 4169 habita·

257 4226 358 4296 tionis
393 4224 617 4308 dissolvatur,
653 4223 748 4316 quod
784 4219 1059 4294 aedificationem
1092 4242 1137 4291 ex
1171 4220 1469 4306 declamemus,
1497 4219 1640 4291 domum
1665 4239 1735 4288 non

256 4344 508 4414 manufactam
537 4353 713 4414 aeternam
739 4343 774 4413 iu
802 4343 915 4414 caelis.
968 4336 1077 4414 'Nam
1105 4351 1140 4412 et
1170 4341 1204 4411 iu
1230 4341 1297 4412 hoc
1323 4341 1606 4435 ingemescimus,
1634 4319 1763 4410 habi-¹

258 4462 423 4532 tationem
454 4470 607 4534 nostram
643 4483 733 4556 quae
765 4461 811 4534 de
845 4463 942 4534 caelo
975 4473 1029 4533 εει
1063 4461 1260 4555 superindui
1295 4462 1490 4555 cupientes,
1539 4453 1594 4530 ³si
1620 4469 1736 4531 mmen

257 4579 373 4650 vestiti
398 4600 468 4650 uon
494 4580 576 4651 nudi
609 4581 830 4652 inveniamur.
882 4573 995 4654 ‘Nam
1023 4592 1058 4653 et
1092 4581 1149 4674 qui
1183 4603 1302 4654 sumus
1328 4581 1364 4651 iu
1390 4580 1611 4652 tabernaculo
1637 4580 1735 4672 inge-

258 4698 445 4770 mescimus
474 4693 637 4792 'gravati
665 4721 709 4772 eo
736 4701 832 4794 quod
857 4703 1016 4774 nolumus
1043 4702 1219 4795 expoliari,
1246 4701 1310 4774 sed
1337 4701 1577 4796 supervestiri,
1607 4711 1645 4772 ut
1671 4701 1735 4771 ab·
1782 4683 1787 4696 ⁸

259 4829 443 4890 sorveatur
468 4820 564 4912 quod
589 4821 734 4892 momale
761 4831 815 4892 est
841 4843 862 4893 a
889 4823 965 4894 vita.
1003 4814 1097 4907 ⁵Qui
1125 4831 1239 4894 autem
1266 4819 1370 4892 efficit
1386 4844 1451 4894 uos
1468 4823 1504 4892 in
1530 4823 1598 4894 hoc
1623 4822 1736 4915 ipsum

258 4938 364 5023 deus,
393 4939 449 5032 qui
483 4933 579 5011 dedit
609 4939 710 5010 nobis
742 4941 867 5034 pignus
894 4942 1040 5036 spiritus.
1092 4932 1168 4988 Μ’)
1193 4940 1370 5014 Audentes
1403 4943 1505 5034 igitur
1536 4962 1676 5034 semper
1702 4950 1738 5010 et

259 5058 409 5130 scientes
435 5061 596 5152 quoniam
624 5061 706 5132 dum
734 5081 854 5132 sumus
880 5063 914 5133 in
940 5083 1088 5154 corpore
1114 5063 1375 5156 peregrinamur
1401 5064 1599 5136 adomiuo:
1636 5029 1655 5096 '⁷
1672 5081 1736 5154 per

259 5180 364 5254 fidam
392 5180 482 5252 enim
510 5181 727 5254 ambulamus
745 5191 779 5252 et
805 5203 875 5252 non
902 5204 965 5275 per
983 5184 1151 5292 speciem:
1194 5174 1397 5262 ⁸audemus
1424 5193 1537 5256 autem
1557 5193 1592 5254 et
1608 5163 1735 5254 bonam

843 5301 894 5386 IV,
923 5305 944 5372 3
976 5343 1021 5354 -
1049 5303 1086 5387 V,
1115 5306 1147 5374 8.
