4254 6130
353 325 455 400 ‘234
801 327 1000 391 PROLOGUS
1027 327 1065 390 ΙΝ
1092 327 1220 390 OMNES
1246 325 1454 391 EPISTULAS

1689 433 1867 442 ...a-m

386 555 464 604 cum
491 529 683 603 Corinthios
711 540 746 601 et
772 531 855 602 alios
882 541 961 602 ante
987 531 1066 618 iam,
1093 541 1130 602 ut
1155 531 1378 603 ministerium
1405 528 1501 626 quod
1527 552 1647 602 secum
1664 541 1864 624 portaturus

280 630 284 642 ¹
387 661 461 724 erat
495 647 731 742 'colligerent‚
765 651 885 722 litteris
921 650 1123 724 adhortatus
1156 652 1210 724 sit.
1262 650 1361 724 Unde
1392 652 1542 745 intellegi
1575 651 1715 744 quidam
1746 653 1865 724 volunt

386 775 434 845 ita
465 791 587 844 omnes
621 771 784 864 epistulas
818 769 994 843 ordinatas
1007 767 1014 786 '
1027 781 1065 844 ιιι
1090 772 1185 866 prior
1217 780 1404 866 poneretur
1430 793 1521 864 quae
1546 772 1719 865 posterior
1744 773 1863 859 luerat,

387 893 557 964 destinata
591 897 628 959 ut
658 909 722 980 per
748 883 920 984 'singulas
954 891 1118 985 epistulas
1151 892 1317 985 gradibus
1355 890 1402 963 ad
1441 893 1648 985 perfectiora
1679 891 1863 963 veniretur.

386 1012 618 1083 Romanorum
650 1029 800 1101 namque
833 1011 989 1105 plerique
1023 1022 1092 1082 tam
1128 1011 1234 1084 rudes
1267 1021 1365 1083 erant
1388 1021 1426 1082 ut
1450 1032 1521 1084 non
1545 1011 1784 1104 intellegerent
1808 1011 1865 1083 dei

387 1153 427 1202 se
453 1128 563 1224 gratia
589 1137 719 1201 elnon
744 1130 815 1201 suis
841 1131 971 1202 meritis
997 1153 1075 1204 esse
1101 1132 1264 1217 salvatos,
1291 1140 1327 1202 et
1353 1131 1399 1202 oh
1425 1130 1494 1203 hoc
1519 1133 1589 1205 duo
1616 1133 1704 1202 inter
1732 1151 1772 1201 se
1797 1150 1864 1224 po-

387 1250 457 1346 puli
484 1247 722 1320 conflictarent.
773 1249 903 1322 Idcirco
937 1251 1014 1322 illos
1043 1250 1197 1345 indigere
1232 1249 1363 1323 adserit
1389 1243 1598 1337 confirmari,
1623 1251 1705 1324 vitia
1730 1251 1864 1342 gentili-

388 1369 465 1442 tatis
490 1370 608 1462 priora
633 1387 920 1440 commemorans.
973 1369 1152 1442 Corinthiis
1178 1380 1293 1442 antem
1320 1371 1388 1442 iam
1414 1370 1498 1442 dicit·
1529 1371 1692 1444 caenum
1718 1372 1864 1462 gratiam

389 1509 469 1562 esse
500 1509 719 1574 concessam,
754 1497 789 1559 et
819 1483 890 1560 n'on
925 1498 996 1560 tam
1031 1509 1152 1564 omncs
1186 1492 1341 1586 increpat
1366 1511 1469 1584 qnam
1497 1511 1558 1562 our
1582 1501 1769 1585 peccantes
1794 1512 1864 1564 non

388 1609 640 1704 increpaverint
665 1607 900 1701 reprehendit;
927 1610 1013 1680 siout
1039 1611 1086 1682 ait
1102 1611 1248 1683 Auditur
1265 1611 1352 1682 inter
1377 1631 1443 1682 vos
1459 1608 1653 1694 fornicatio3
1681 1611 1862 1682 etiterum

390 1729 616 1822 congregatis
650 1727 857 1800 vobiscum
890 1749 971 1801 meo
997 1731 1119 1824 spirita
1149 1731 1290 1804 tradere
1316 1729 1512 1802 huhsmodi
1539 1739 1689 1802 satanae.
1742 1731 1777 1801 ln
1804 1751 1861 1804 se·

389 1849 503 1922 cunda
527 1869 613 1920 vero
639 1847 821 1920 laudantur
846 1859 882 1920 et
905 1860 943 1922 ut
968 1852 1079 1944 magis
1106 1873 1148 1924 ac
1173 1852 1285 1945 magis
1310 1847 1493 1945 proficiant
1516 1850 1752 1922 admonentur.
1794 1851 1862 1922 Ga-

388 1971 478 2042 latae
502 1990 589 2042 vero
615 1969 686 2040 iam
710 1969 833 2040 rmllius
858 1969 1007 2042 criminis
1032 1983 1227 2065 arguuntur,
1255 1971 1320 2042 nisi
1345 1970 1440 2064 qnod
1466 1969 1693 2042 cedidissimis
1708 1971 1862 2064 pseudo-

389 2089 556 2184 apostolis
589 2087 818 2160 crediderunt
878 2089 1007 2184 Ephesi
1050 2113 1136 2164 sane
1173 2092 1264 2164 nulla
1303 2086 1613 2186 'repraehensione
1655 2089 1719 2164 sed
1759 2093 1862 2164 meda

388 2209 492 2283 laude
517 2219 595 2282 sunt
621 2209 725 2302 digni,
752 2207 833 2302 quia
858 2207 963 2282 fldem
990 2213 1215 2305 apostohcam
1233 2221 1467 2284 servaverunt.
1507 2211 1744 2306 Philippenses
1761 2211 1862 2282 etiam

389 2331 495 2402 muto
527 2330 639 2423 magis
670 2325 932 2415 comedantur,
968 2332 1025 2424 qm
1058 2354 1123 2404 nec
1149 2331 1268 2405 audire
1295 2331 1435 2425 quidem
1461 2331 1567 2402 lalsos
1594 2333 1773 2426 apostolos
1797 2353 1862 2403 vo-

387 2451 531 2523 luerunt.
576 2449 782 2522 colosenses
809 2458 923 2522 antem
950 2451 1036 2523 tales
1061 2464 1159 2526 erant
1185 2463 1221 2524 ut
1246 2469 1324 2524 cnm
1351 2452 1511 2546 apostolo
1543 2452 1608 2524 visi
1641 2452 1864 2546 corporaliter

388 2591 459 2642 non
483 2570 643 2650 hhsent,
676 2568 741 2640 hoo
766 2568 869 2642 laude
895 2569 987 2663 digni
1013 2571 1220 2647 haberentur
1245 2571 1316 2644 Etsi
1350 2593 1499 2665 corpore
1525 2573 1653 2652 absens
1679 2593 1772 2657 sum,
1799 2571 1863 2643 sed

390 2689 510 2784 sphitn
533 2688 714 2761 vobiscum
746 2709 822 2760 sum
848 2689 1005 2782 gaudens
1030 2701 1066 2762 et
1089 2691 1212 2762 videns
1244 2691 1401 2764 ordinem
1427 2700 1590 2764 vestrum.
1643 2691 1862 2764 Thessaloni·-

389 2830 515 2882 censcs
545 2808 762 2880 nihilominus
791 2809 827 2880 in
859 2809 994 2924 duabus
1020 2811 1172 2906 epistulis
1199 2813 1292 2884 omni
1325 2812 1428 2884 laude
1453 2812 1673 2906 prosequitur
1697 2833 1741 2884 eo
1768 2811 1863 2905 quod

387 2951 459 3001 non
483 2927 595 3001 solum
620 2927 726 3001 fidem
752 2930 992 3002 inconcussam
1029 2943 1254 3004 meaverunt
1278 2933 1446 3017 remmus,
1473 2931 1538 3003 sed
1564 2931 1597 3002 in
1622 2933 1864 3026 persecutione

390 3050 514 3122 civium
540 3047 662 3120 luerint
688 3057 885 3122 temtantes
912 3050 1047 3122 inueni
1099 3051 1152 3122 De
1177 3051 1344 3124 Hebraeis
1370 3071 1459 3124 vero
1483 3051 1566 3144 quid
1583 3051 1767 3124 dicendum
1785 3055 1862 3125 est?

389 3185 539 3264 quornm
564 3162 910 3242 ‘Thessalonicenses
936 3171 995 3265 qui
1019 3171 1201 3266 plurimum
1225 3171 1353 3245 laudati
1379 3181 1456 3243 sunt
1481 3171 1669 3244 imitatores
1688 3173 1768 3246 lecti
1784 3193 1865 3244 esse

390 3283 562 3375 denatum
595 3288 681 3360 sicut
712 3289 789 3384 ipse
821 3291 868 3362 ait
900 3291 942 3362 Et
971 3313 1038 3364 vos
1064 3293 1187 3364 tratres
1212 3291 1402 3364 imitatores
1426 3291 1508 3364 laeti
1531 3291 1614 3364 estis
1640 3292 1864 3364 eeclesiarum

243 3397 249 3405 ’
390 3409 448 3482 dei
473 3429 565 3503 qnae
589 3419 668 3480 sunt
692 3409 728 3480 in
752 3409 895 3484 iudaea:
922 3411 1047 3484 eadem
1073 3405 1163 3484 enim
1189 3412 1284 3505 passi
1310 3413 1393 3485 estis
1419 3422 1456 3484 et
1480 3433 1545 3484 vos
1572 3433 1593 3483 a
1618 3413 1864 3484 contribulibus

390 3531 516 3603 vestris
547 3549 637 3624 quae
673 3540 709 3602 et
740 3531 786 3601 illi
818 3552 840 3602 a
872 3531 1017 3604 Indaeis.
1078 3531 1181 3626 Apud
1215 3532 1313 3626 ipsos
1352 3514 1493 3627 auoque
1524 3532 1705 3606 ilchrueos
1737 3533 1863 3606 eadem

391 3661 641 3724 commemorat
665 3649 785 3722 dicens
810 3651 898 3723 Nam
924 3663 958 3726 ot
983 3652 1107 3725 vinctis
1134 3653 1297 3747 conpassi
1321 3655 1421 3741 estis,
1453 3663 1490 3725 et
1513 3653 1667 3748 rapinam
1693 3655 1864 3728 bonorum

391 3780 585 3844 vestrorum
611 3789 688 3842 cum
715 3769 843 3864 gando
869 3771 1075 3866 suscepistis,
1102 3783 1352 3866 cognoscentes
1376 3795 1441 3848 vos
1468 3773 1599 3846 trahere
1624 3775 1803 3846 meliorem
1828 3783 1865 3844 et

391 3897 587 3964 manentem
612 3889 847 3964 substantiam.

702 4037 874 4105 amaron
901 4039 1102 4106 menceus
1124 4043 1162 4110 nt
1184 4023 1313 4110 cnara
1334 4041 1550 4109 errsruras
