<?xml version="1.0" encoding="UTF-8"?>
<!DOCTYPE html PUBLIC "-//W3C//DTD XHTML 1.0 Transitional//EN"
    "http://www.w3.org/TR/xhtml1/DTD/xhtml1-transitional.dtd">
<html xmlns="http://www.w3.org/1999/xhtml" xml:lang="en" lang="en">
 <head>
  <title>
</title>
<meta http-equiv="Content-Type" content="text/html;charset=utf-8" />
  <meta name='ocr-system' content='tesseract 3.04.00' />
  <meta name='ocr-capabilities' content='ocr_page ocr_carea ocr_par ocr_line ocrx_word'/>
</head>
<body>
  <div class='ocr_page' id='page_1' title='image "./novumtestamentu02tiscgoog_0073.png"; bbox 0 0 4102 6128; ppageno 0'>
   <div class='ocr_carea' id='block_1_1' title="bbox 370 397 1454 474">
    <p class='ocr_par' dir='ltr' id='par_1_1' title="bbox 370 397 1454 474">
     <span class='ocr_line' id='line_1_1' title="bbox 370 397 1454 474; baseline -0.011 0"><span class='ocrx_word' id='word_1_1' title='bbox 370 401 418 474; x_wconf 75' lang='lat'><strong>22</strong></span> <span class='ocrx_word' id='word_1_2' title='bbox 757 397 998 464; x_wconf 81' lang='lat' dir='ltr'><strong>EVANGELlllld</strong></span> <span class='ocrx_word' id='word_1_3' title='bbox 1023 401 1224 467; x_wconf 79' lang='lat' dir='ltr'>SECUNDUM</span> <span class='ocrx_word' id='word_1_4' title='bbox 1249 398 1454 463; x_wconf 80' lang='lat' dir='ltr'><strong>llhTTllEUll</strong></span> 
     </span>
    </p>
   </div>
   <div class='ocr_carea' id='block_1_2' title="bbox 370 594 1838 820">
    <p class='ocr_par' dir='ltr' id='par_1_2' title="bbox 370 594 1838 820">
     <span class='ocr_line' id='line_1_2' title="bbox 371 594 1838 700; baseline 0.001 -24"><span class='ocrx_word' id='word_1_5' title='bbox 371 607 440 678; x_wconf 93' lang='lat' dir='ltr'><strong>hoc</strong></span> <span class='ocrx_word' id='word_1_6' title='bbox 464 605 611 678; x_wconf 86' lang='lat' dir='ltr'><strong>laciunt‘l</strong></span> <span class='ocrx_word' id='word_1_7' title='bbox 662 594 690 644; x_wconf 75' lang='lat'><strong>⁸⁸</strong></span> <span class='ocrx_word' id='word_1_8' title='bbox 705 607 824 677; x_wconf 89' lang='lat' dir='ltr'><strong>Estote</strong></span> <span class='ocrx_word' id='word_1_9' title='bbox 856 627 941 698; x_wconf 80' lang='lat' dir='ltr'><strong>ergo</strong></span> <span class='ocrx_word' id='word_1_10' title='bbox 968 626 1033 677; x_wconf 91' lang='lat' dir='ltr'><strong>vos</strong></span> <span class='ocrx_word' id='word_1_11' title='bbox 1057 605 1210 699; x_wconf 89' lang='lat' dir='ltr'><strong>perlecti,</strong></span> <span class='ocrx_word' id='word_1_12' title='bbox 1236 605 1323 676; x_wconf 94' lang='lat' dir='ltr'><strong>sicut</strong></span> <span class='ocrx_word' id='word_1_13' title='bbox 1357 615 1393 676; x_wconf 91' lang='lat' dir='ltr'><strong>et</strong></span> <span class='ocrx_word' id='word_1_14' title='bbox 1417 613 1517 700; x_wconf 85' lang='lat' dir='ltr'><strong>pater</strong></span> <span class='ocrx_word' id='word_1_15' title='bbox 1542 613 1658 675; x_wconf 89' lang='lat' dir='ltr'><strong>vester</strong></span> <span class='ocrx_word' id='word_1_16' title='bbox 1683 604 1838 677; x_wconf 90' lang='lat' dir='ltr'><strong>caelestis</strong></span> 
     </span>
     <span class='ocr_line' id='line_1_3' title="bbox 370 728 629 820; baseline 0.004 -22"><span class='ocrx_word' id='word_1_17' title='bbox 370 728 541 820; x_wconf 90' lang='lat' dir='ltr'><strong>perlectus</strong></span> <span class='ocrx_word' id='word_1_18' title='bbox 567 737 629 800; x_wconf 84' lang='lat' dir='ltr'><strong>est.</strong></span> 
     </span>
    </p>
   </div>
   <div class='ocr_carea' id='block_1_3' title="bbox 1076 1001 1128 1070">
    <p class='ocr_par' dir='ltr' id='par_1_3' title="bbox 1076 1001 1128 1070">
     <span class='ocr_line' id='line_1_4' title="bbox 1076 1001 1128 1070; baseline 0 0"><span class='ocrx_word' id='word_1_19' title='bbox 1076 1001 1128 1070; x_wconf 87' lang='lat' dir='ltr'><strong>vt.</strong></span> 
     </span>
    </p>
   </div>
   <div class='ocr_carea' id='block_1_4' title="bbox 369 1163 1840 1421">
    <p class='ocr_par' dir='ltr' id='par_1_4' title="bbox 369 1163 1840 1421">
     <span class='ocr_line' id='line_1_5' title="bbox 447 1163 1840 1288; baseline 0 -12"><span class='ocrx_word' id='word_1_20' title='bbox 447 1197 560 1255; x_wconf 54' lang='lat' dir='ltr'><strong>&#39;illm&#39;</strong></span> <span class='ocrx_word' id='word_1_21' title='bbox 578 1205 751 1278; x_wconf 86' lang='lat' dir='ltr'><strong>Attendite</strong></span> <span class='ocrx_word' id='word_1_22' title='bbox 790 1227 835 1277; x_wconf 88' lang='lat' dir='ltr'><strong>ne</strong></span> <span class='ocrx_word' id='word_1_23' title='bbox 865 1205 1023 1278; x_wconf 84' lang='lat' dir='ltr'><strong>iustitiam</strong></span> <span class='ocrx_word' id='word_1_24' title='bbox 1055 1163 1207 1277; x_wconf 84' lang='lat' dir='ltr'><strong>vestram</strong></span> <span class='ocrx_word' id='word_1_25' title='bbox 1241 1206 1371 1278; x_wconf 80' lang='lat' dir='ltr'><strong>faciatis</strong></span> <span class='ocrx_word' id='word_1_26' title='bbox 1409 1227 1527 1278; x_wconf 89' lang='lat' dir='ltr'><strong>coram</strong></span> <span class='ocrx_word' id='word_1_27' title='bbox 1562 1205 1771 1288; x_wconf 90' lang='lat' dir='ltr'><strong>hominihus,</strong></span> <span class='ocrx_word' id='word_1_28' title='bbox 1804 1213 1840 1276; x_wconf 91' lang='lat' dir='ltr'><strong>ut</strong></span> 
     </span>
     <span class='ocr_line' id='line_1_6' title="bbox 369 1325 1839 1421; baseline -0.004 -21"><span class='ocrx_word' id='word_1_29' title='bbox 369 1327 554 1400; x_wconf 85' lang='lat' dir='ltr'>videamini</span> <span class='ocrx_word' id='word_1_30' title='bbox 579 1327 624 1398; x_wconf 88' lang='lat' dir='ltr'><strong>ab</strong></span> <span class='ocrx_word' id='word_1_31' title='bbox 651 1327 716 1398; x_wconf 91' lang='lat' dir='ltr'><strong>eis:</strong></span> <span class='ocrx_word' id='word_1_32' title='bbox 744 1327 893 1421; x_wconf 84' lang='lat' dir='ltr'><strong>alioquin</strong></span> <span class='ocrx_word' id='word_1_33' title='bbox 905 1327 1105 1398; x_wconf 81' lang='lat' dir='ltr'><strong>mercedem</strong></span> <span class='ocrx_word' id='word_1_34' title='bbox 1123 1349 1194 1398; x_wconf 94' lang='lat' dir='ltr'><strong>non</strong></span> <span class='ocrx_word' id='word_1_35' title='bbox 1218 1325 1390 1398; x_wconf 89' lang='lat' dir='ltr'><strong>hahebitis</strong></span> <span class='ocrx_word' id='word_1_36' title='bbox 1416 1325 1509 1420; x_wconf 93' lang='lat' dir='ltr'><strong>apud</strong></span> <span class='ocrx_word' id='word_1_37' title='bbox 1527 1335 1661 1420; x_wconf 88' lang='lat' dir='ltr'><strong>petrem</strong></span> <span class='ocrx_word' id='word_1_38' title='bbox 1687 1333 1839 1396; x_wconf 91' lang='lat' dir='ltr'><strong>vestrum</strong></span> 
     </span>
    </p>
   </div>
   <div class='ocr_carea' id='block_1_5' title="bbox 240 1439 1840 1542">
    <p class='ocr_par' dir='ltr' id='par_1_5' title="bbox 240 1439 1840 1542">
     <span class='ocr_line' id='line_1_7' title="bbox 240 1439 1840 1542; baseline -0.005 -21"><span class='ocrx_word' id='word_1_39' title='bbox 240 1449 247 1462; x_wconf 90' lang='lat'>&#39;</span> <span class='ocrx_word' id='word_1_40' title='bbox 370 1449 428 1542; x_wconf 92' lang='lat' dir='ltr'><strong>qni</strong></span> <span class='ocrx_word' id='word_1_41' title='bbox 453 1449 487 1518; x_wconf 92' lang='lat' dir='ltr'><strong>in</strong></span> <span class='ocrx_word' id='word_1_42' title='bbox 512 1447 617 1520; x_wconf 87' lang='lat' dir='ltr'><strong>caelis</strong></span> <span class='ocrx_word' id='word_1_43' title='bbox 643 1457 705 1519; x_wconf 89' lang='lat' dir='ltr'><strong>est.</strong></span> <span class='ocrx_word' id='word_1_44' title='bbox 757 1439 868 1520; x_wconf 77' lang='lat' dir='ltr'><strong>2Curn</strong></span> <span class='ocrx_word' id='word_1_45' title='bbox 895 1469 981 1540; x_wconf 80' lang='lat' dir='ltr'><strong>ergo</strong></span> <span class='ocrx_word' id='word_1_46' title='bbox 1007 1448 1112 1519; x_wconf 86' lang='lat' dir='ltr'><strong>iacies</strong></span> <span class='ocrx_word' id='word_1_47' title='bbox 1139 1448 1385 1542; x_wconf 80' lang='lat' dir='ltr'><strong>elemosynam,</strong></span> <span class='ocrx_word' id='word_1_48' title='bbox 1412 1446 1481 1518; x_wconf 93' lang='lat' dir='ltr'><strong>noli</strong></span> <span class='ocrx_word' id='word_1_49' title='bbox 1506 1447 1590 1518; x_wconf 92' lang='lat' dir='ltr'><strong>tuha</strong></span> <span class='ocrx_word' id='word_1_50' title='bbox 1616 1453 1840 1518; x_wconf 85' lang='lat' dir='ltr'><strong>concreante</strong></span> 
     </span>
    </p>
   </div>
   <div class='ocr_carea' id='block_1_6' title="bbox 355 1565 1850 3346">
    <p class='ocr_par' dir='ltr' id='par_1_6' title="bbox 355 1565 1850 3346">
     <span class='ocr_line' id='line_1_8' title="bbox 370 1565 1840 1662; baseline -0.004 -22"><span class='ocrx_word' id='word_1_51' title='bbox 370 1579 414 1652; x_wconf 89' lang='lat' dir='ltr'><strong>te,</strong></span> <span class='ocrx_word' id='word_1_52' title='bbox 441 1569 527 1640; x_wconf 88' lang='lat' dir='ltr'><strong>sicut</strong></span> <span class='ocrx_word' id='word_1_53' title='bbox 552 1568 754 1662; x_wconf 80' lang='lat' dir='ltr'>hypocritae</span> <span class='ocrx_word' id='word_1_54' title='bbox 779 1567 904 1640; x_wconf 84' lang='lat' dir='ltr'><strong>iaciunt</strong></span> <span class='ocrx_word' id='word_1_55' title='bbox 928 1568 962 1638; x_wconf 94' lang='lat' dir='ltr'><strong>in</strong></span> <span class='ocrx_word' id='word_1_56' title='bbox 988 1567 1176 1662; x_wconf 75' lang='lat' dir='ltr'><strong>synagogis</strong></span> <span class='ocrx_word' id='word_1_57' title='bbox 1202 1580 1238 1639; x_wconf 92' lang='lat' dir='ltr'><strong>et</strong></span> <span class='ocrx_word' id='word_1_58' title='bbox 1262 1567 1297 1638; x_wconf 93' lang='lat' dir='ltr'><strong>in</strong></span> <span class='ocrx_word' id='word_1_59' title='bbox 1320 1568 1414 1654; x_wconf 87' lang='lat' dir='ltr'><strong>vicis,</strong></span> <span class='ocrx_word' id='word_1_60' title='bbox 1441 1577 1479 1638; x_wconf 94' lang='lat' dir='ltr'><strong>nt</strong></span> <span class='ocrx_word' id='word_1_61' title='bbox 1503 1565 1770 1638; x_wconf 86' lang='lat' dir='ltr'><strong>honorificentur</strong></span> <span class='ocrx_word' id='word_1_62' title='bbox 1796 1565 1840 1634; x_wconf 89' lang='lat' dir='ltr'><strong>ah</strong></span> 
     </span>
     <span class='ocr_line' id='line_1_9' title="bbox 369 1679 1838 1782; baseline -0.004 -22"><span class='ocrx_word' id='word_1_63' title='bbox 369 1689 572 1760; x_wconf 89' lang='lat' dir='ltr'><strong>hominibus.</strong></span> <span class='ocrx_word' id='word_1_64' title='bbox 625 1686 736 1760; x_wconf 79' lang='lat' dir='ltr'><strong>Amen</strong></span> <span class='ocrx_word' id='word_1_65' title='bbox 762 1687 841 1760; x_wconf 91' lang='lat' dir='ltr'><strong>dico</strong></span> <span class='ocrx_word' id='word_1_66' title='bbox 867 1689 977 1774; x_wconf 91' lang='lat' dir='ltr'><strong>vobis,</strong></span> <span class='ocrx_word' id='word_1_67' title='bbox 1003 1697 1209 1782; x_wconf 85' lang='lat' dir='ltr'><strong>recepenmt</strong></span> <span class='ocrx_word' id='word_1_68' title='bbox 1233 1688 1434 1759; x_wconf 80' lang='lat' dir='ltr'><strong>mercedem</strong></span> <span class='ocrx_word' id='word_1_69' title='bbox 1461 1708 1569 1759; x_wconf 92' lang='lat' dir='ltr'><strong>snam.</strong></span> <span class='ocrx_word' id='word_1_70' title='bbox 1621 1679 1696 1756; x_wconf 81' lang='lat' dir='ltr'><strong>³l&#39;e</strong></span> <span class='ocrx_word' id='word_1_71' title='bbox 1723 1695 1838 1756; x_wconf 87' lang='lat' dir='ltr'><strong>eutem</strong></span> 
     </span>
     <span class='ocr_line' id='line_1_10' title="bbox 368 1797 1841 1902; baseline -0.003 -22"><span class='ocrx_word' id='word_1_72' title='bbox 368 1809 514 1882; x_wconf 79' lang='lat' dir='ltr'><strong>faciente</strong></span> <span class='ocrx_word' id='word_1_73' title='bbox 540 1808 778 1902; x_wconf 79' lang='lat' dir='ltr'><strong>elemosynam</strong></span> <span class='ocrx_word' id='word_1_74' title='bbox 804 1829 849 1878; x_wconf 92' lang='lat' dir='ltr'><strong>ne</strong></span> <span class='ocrx_word' id='word_1_75' title='bbox 874 1807 959 1879; x_wconf 88' lang='lat' dir='ltr'><strong>sciat</strong></span> <span class='ocrx_word' id='word_1_76' title='bbox 985 1809 1117 1880; x_wconf 88' lang='lat' dir='ltr'><strong>sinistra</strong></span> <span class='ocrx_word' id='word_1_77' title='bbox 1145 1817 1201 1879; x_wconf 92' lang='lat' dir='ltr'><strong>tua</strong></span> <span class='ocrx_word' id='word_1_78' title='bbox 1221 1804 1302 1900; x_wconf 91' lang='lat' dir='ltr'><strong>quid</strong></span> <span class='ocrx_word' id='word_1_79' title='bbox 1321 1809 1422 1880; x_wconf 82' lang='lat' dir='ltr'><strong>saciat</strong></span> <span class='ocrx_word' id='word_1_80' title='bbox 1448 1807 1593 1880; x_wconf 86' lang='lat' dir='ltr'><strong>dextera</strong></span> <span class='ocrx_word' id='word_1_81' title='bbox 1611 1816 1678 1892; x_wconf 90' lang='lat' dir='ltr'><strong>tua,</strong></span> <span class='ocrx_word' id='word_1_82' title='bbox 1717 1797 1783 1876; x_wconf 77' lang='lat' dir='ltr'><strong>‘ut</strong></span> <span class='ocrx_word' id='word_1_83' title='bbox 1799 1805 1841 1876; x_wconf 91' lang='lat' dir='ltr'><strong>sit</strong></span> 
     </span>
     <span class='ocr_line' id='line_1_11' title="bbox 366 1924 1838 2023; baseline -0.003 -22"><span class='ocrx_word' id='word_1_84' title='bbox 366 1932 572 2023; x_wconf 83' lang='lat' dir='ltr'><strong>elemosyna</strong></span> <span class='ocrx_word' id='word_1_85' title='bbox 597 1938 659 2000; x_wconf 84' lang='lat' dir='ltr'><strong>tua</strong></span> <span class='ocrx_word' id='word_1_86' title='bbox 680 1928 715 1998; x_wconf 94' lang='lat' dir='ltr'><strong>in</strong></span> <span class='ocrx_word' id='word_1_87' title='bbox 741 1926 960 2000; x_wconf 91' lang='lat' dir='ltr'><strong>abscondito:</strong></span> <span class='ocrx_word' id='word_1_88' title='bbox 988 1937 1023 1998; x_wconf 88' lang='lat' dir='ltr'><strong>ct</strong></span> <span class='ocrx_word' id='word_1_89' title='bbox 1047 1938 1147 2022; x_wconf 88' lang='lat' dir='ltr'><strong>pater</strong></span> <span class='ocrx_word' id='word_1_90' title='bbox 1173 1937 1251 1999; x_wconf 90' lang='lat' dir='ltr'><strong>tuus</strong></span> <span class='ocrx_word' id='word_1_91' title='bbox 1278 1929 1335 2021; x_wconf 90' lang='lat' dir='ltr'><strong>qui</strong></span> <span class='ocrx_word' id='word_1_92' title='bbox 1359 1928 1455 2000; x_wconf 90' lang='lat' dir='ltr'><strong>videt</strong></span> <span class='ocrx_word' id='word_1_93' title='bbox 1480 1927 1513 1998; x_wconf 93' lang='lat' dir='ltr'><strong>in</strong></span> <span class='ocrx_word' id='word_1_94' title='bbox 1532 1925 1737 1998; x_wconf 89' lang='lat' dir='ltr'><strong>abscondito</strong></span> <span class='ocrx_word' id='word_1_95' title='bbox 1754 1924 1838 1996; x_wconf 88' lang='lat' dir='ltr'><strong>red-</strong></span> 
     </span>
     <span class='ocr_line' id='line_1_12' title="bbox 368 2041 1841 2145; baseline -0.007 -19"><span class='ocrx_word' id='word_1_96' title='bbox 368 2052 429 2126; x_wconf 87' lang='lat' dir='ltr'><strong>dat</strong></span> <span class='ocrx_word' id='word_1_97' title='bbox 459 2050 527 2122; x_wconf 91' lang='lat' dir='ltr'><strong>tibi.</strong></span> <span class='ocrx_word' id='word_1_98' title='bbox 578 2041 651 2120; x_wconf 81' lang='grc' dir='ltr'><strong>5Ει</strong></span> <span class='ocrx_word' id='word_1_99' title='bbox 683 2067 760 2119; x_wconf 92' lang='lat' dir='ltr'><strong>cum</strong></span> <span class='ocrx_word' id='word_1_100' title='bbox 796 2047 918 2134; x_wconf 85' lang='lat' dir='ltr'><strong>oratis,</strong></span> <span class='ocrx_word' id='word_1_101' title='bbox 951 2069 1020 2120; x_wconf 95' lang='lat' dir='ltr'><strong>non</strong></span> <span class='ocrx_word' id='word_1_102' title='bbox 1053 2049 1147 2120; x_wconf 90' lang='lat' dir='ltr'><strong>eritis</strong></span> <span class='ocrx_word' id='word_1_103' title='bbox 1161 2119 1163 2125; x_wconf 78' lang='grc'>,</span> <span class='ocrx_word' id='word_1_104' title='bbox 1178 2049 1265 2120; x_wconf 92' lang='lat' dir='ltr'><strong>sicut</strong></span> <span class='ocrx_word' id='word_1_105' title='bbox 1299 2049 1516 2145; x_wconf 83' lang='lat' dir='ltr'><strong>hypocritae,</strong></span> <span class='ocrx_word' id='word_1_106' title='bbox 1558 2047 1615 2140; x_wconf 93' lang='lat' dir='ltr'><strong>qui</strong></span> <span class='ocrx_word' id='word_1_107' title='bbox 1650 2055 1766 2118; x_wconf 89' lang='lat' dir='ltr'><strong>amant</strong></span> <span class='ocrx_word' id='word_1_108' title='bbox 1806 2045 1841 2116; x_wconf 93' lang='lat' dir='ltr'><strong>in</strong></span> 
     </span>
     <span class='ocr_line' id='line_1_13' title="bbox 368 2165 1841 2264; baseline -0.005 -22"><span class='ocrx_word' id='word_1_109' title='bbox 368 2169 558 2264; x_wconf 79' lang='lat' dir='ltr'><strong>synagogis</strong></span> <span class='ocrx_word' id='word_1_110' title='bbox 584 2169 679 2240; x_wconf 90' lang='lat' dir='ltr'><strong>etin</strong></span> <span class='ocrx_word' id='word_1_111' title='bbox 704 2169 836 2261; x_wconf 80' lang='lat' dir='ltr'><strong>angulis</strong></span> <span class='ocrx_word' id='word_1_112' title='bbox 862 2169 1051 2262; x_wconf 81' lang='lat' dir='ltr'><strong>platearum</strong></span> <span class='ocrx_word' id='word_1_113' title='bbox 1079 2178 1207 2240; x_wconf 85' lang='lat' dir='ltr'><strong>stames</strong></span> <span class='ocrx_word' id='word_1_114' title='bbox 1235 2191 1351 2254; x_wconf 87' lang='lat' dir='ltr'><strong>orare,</strong></span> <span class='ocrx_word' id='word_1_115' title='bbox 1386 2180 1423 2240; x_wconf 94' lang='grc' dir='ltr'><strong>ιιι</strong></span> <span class='ocrx_word' id='word_1_116' title='bbox 1447 2167 1629 2241; x_wconf 69' lang='lat' dir='ltr'><strong>rideantur</strong></span> <span class='ocrx_word' id='word_1_117' title='bbox 1655 2167 1699 2238; x_wconf 91' lang='lat' dir='ltr'><strong>ab</strong></span> <span class='ocrx_word' id='word_1_118' title='bbox 1726 2165 1841 2238; x_wconf 90' lang='lat' dir='ltr'><strong>homi-</strong></span> 
     </span>
     <span class='ocr_line' id='line_1_14' title="bbox 369 2280 1840 2382; baseline -0.002 -22"><span class='ocrx_word' id='word_1_119' title='bbox 369 2291 478 2362; x_wconf 90' lang='lat' dir='ltr'><strong>nihus.</strong></span> <span class='ocrx_word' id='word_1_120' title='bbox 529 2289 647 2362; x_wconf 84' lang='lat' dir='ltr'><strong>Amen</strong></span> <span class='ocrx_word' id='word_1_121' title='bbox 668 2288 747 2360; x_wconf 90' lang='lat' dir='ltr'><strong>dico</strong></span> <span class='ocrx_word' id='word_1_122' title='bbox 775 2287 883 2372; x_wconf 88' lang='lat' dir='ltr'><strong>vohis,</strong></span> <span class='ocrx_word' id='word_1_123' title='bbox 910 2298 1115 2382; x_wconf 89' lang='lat' dir='ltr'><strong>receperunt</strong></span> <span class='ocrx_word' id='word_1_124' title='bbox 1139 2289 1339 2362; x_wconf 89' lang='lat' dir='ltr'><strong>mercedem</strong></span> <span class='ocrx_word' id='word_1_125' title='bbox 1366 2311 1473 2362; x_wconf 88' lang='lat' dir='ltr'><strong>suam.</strong></span> <span class='ocrx_word' id='word_1_126' title='bbox 1517 2280 1594 2360; x_wconf 71' lang='lat' dir='ltr'><strong>⁶Tu</strong></span> <span class='ocrx_word' id='word_1_127' title='bbox 1619 2298 1734 2360; x_wconf 90' lang='lat' dir='ltr'><strong>autem</strong></span> <span class='ocrx_word' id='word_1_128' title='bbox 1761 2309 1840 2358; x_wconf 93' lang='lat' dir='ltr'><strong>cum</strong></span> 
     </span>
     <span class='ocr_line' id='line_1_15' title="bbox 369 2407 1841 2504; baseline -0.001 -24"><span class='ocrx_word' id='word_1_129' title='bbox 369 2411 495 2495; x_wconf 87' lang='lat' dir='ltr'><strong>orabis,</strong></span> <span class='ocrx_word' id='word_1_130' title='bbox 521 2411 608 2482; x_wconf 90' lang='lat' dir='ltr'><strong>intra</strong></span> <span class='ocrx_word' id='word_1_131' title='bbox 633 2409 667 2480; x_wconf 93' lang='lat' dir='ltr'><strong>in</strong></span> <span class='ocrx_word' id='word_1_132' title='bbox 694 2409 883 2480; x_wconf 86' lang='lat' dir='ltr'><strong>cubiculum</strong></span> <span class='ocrx_word' id='word_1_133' title='bbox 910 2419 1014 2493; x_wconf 93' lang='lat' dir='ltr'><strong>tunm,</strong></span> <span class='ocrx_word' id='word_1_134' title='bbox 1041 2419 1076 2480; x_wconf 90' lang='lat' dir='ltr'><strong>et</strong></span> <span class='ocrx_word' id='word_1_135' title='bbox 1101 2411 1218 2482; x_wconf 90' lang='lat' dir='ltr'><strong>clauso</strong></span> <span class='ocrx_word' id='word_1_136' title='bbox 1245 2411 1334 2482; x_wconf 92' lang='lat' dir='ltr'><strong>ostio</strong></span> <span class='ocrx_word' id='word_1_137' title='bbox 1361 2419 1420 2482; x_wconf 93' lang='lat' dir='ltr'><strong>tuo</strong></span> <span class='ocrx_word' id='word_1_138' title='bbox 1447 2431 1510 2481; x_wconf 89' lang='lat' dir='ltr'><strong>ora</strong></span> <span class='ocrx_word' id='word_1_139' title='bbox 1537 2419 1670 2504; x_wconf 85' lang='lat' dir='ltr'><strong>patrem</strong></span> <span class='ocrx_word' id='word_1_140' title='bbox 1689 2418 1786 2479; x_wconf 91' lang='lat' dir='ltr'><strong>tuum</strong></span> <span class='ocrx_word' id='word_1_141' title='bbox 1805 2407 1841 2478; x_wconf 91' lang='lat' dir='ltr'><strong>in</strong></span> 
     </span>
     <span class='ocr_line' id='line_1_16' title="bbox 369 2517 1841 2624; baseline -0.002 -22"><span class='ocrx_word' id='word_1_142' title='bbox 369 2529 590 2602; x_wconf 88' lang='lat' dir='ltr'><strong>abscondito:</strong></span> <span class='ocrx_word' id='word_1_143' title='bbox 618 2539 654 2601; x_wconf 91' lang='lat' dir='ltr'><strong>et</strong></span> <span class='ocrx_word' id='word_1_144' title='bbox 670 2539 769 2624; x_wconf 89' lang='lat' dir='ltr'><strong>pater</strong></span> <span class='ocrx_word' id='word_1_145' title='bbox 785 2539 866 2600; x_wconf 89' lang='lat' dir='ltr'><strong>tuns</strong></span> <span class='ocrx_word' id='word_1_146' title='bbox 876 2528 933 2622; x_wconf 87' lang='lat' dir='ltr'><strong>qui</strong></span> <span class='ocrx_word' id='word_1_147' title='bbox 949 2529 1091 2600; x_wconf 89' lang='lat' dir='ltr'><strong>videtin</strong></span> <span class='ocrx_word' id='word_1_148' title='bbox 1109 2531 1313 2603; x_wconf 88' lang='lat' dir='ltr'><strong>abscondito</strong></span> <span class='ocrx_word' id='word_1_149' title='bbox 1330 2530 1455 2603; x_wconf 86' lang='lat' dir='ltr'><strong>reddet</strong></span> <span class='ocrx_word' id='word_1_150' title='bbox 1467 2531 1536 2601; x_wconf 94' lang='lat' dir='ltr'><strong>tibi.</strong></span> <span class='ocrx_word' id='word_1_151' title='bbox 1575 2517 1677 2576; x_wconf 54' lang='lat' dir='ltr'><strong>&#39;iffi&#39;</strong></span> <span class='ocrx_word' id='word_1_152' title='bbox 1693 2529 1841 2600; x_wconf 88' lang='lat' dir='ltr'><strong>Orantes</strong></span> 
     </span>
     <span class='ocr_line' id='line_1_17' title="bbox 369 2649 1839 2746; baseline -0.003 -24"><span class='ocrx_word' id='word_1_153' title='bbox 369 2660 484 2722; x_wconf 89' lang='lat' dir='ltr'><strong>autem</strong></span> <span class='ocrx_word' id='word_1_154' title='bbox 510 2650 615 2720; x_wconf 92' lang='lat' dir='ltr'><strong>nolite</strong></span> <span class='ocrx_word' id='word_1_155' title='bbox 640 2651 780 2722; x_wconf 90' lang='lat' dir='ltr'><strong>multum</strong></span> <span class='ocrx_word' id='word_1_156' title='bbox 806 2649 899 2743; x_wconf 89' lang='lat' dir='ltr'><strong>loqui</strong></span> <span class='ocrx_word' id='word_1_157' title='bbox 926 2649 1012 2720; x_wconf 90' lang='lat' dir='ltr'><strong>sicut</strong></span> <span class='ocrx_word' id='word_1_158' title='bbox 1038 2649 1176 2734; x_wconf 89' lang='lat' dir='ltr'><strong>ethnici;</strong></span> <span class='ocrx_word' id='word_1_159' title='bbox 1203 2661 1324 2746; x_wconf 87' lang='lat' dir='ltr'><strong>putant</strong></span> <span class='ocrx_word' id='word_1_160' title='bbox 1349 2651 1438 2722; x_wconf 92' lang='lat' dir='ltr'><strong>enim</strong></span> <span class='ocrx_word' id='word_1_161' title='bbox 1465 2651 1543 2744; x_wconf 84' lang='lat' dir='ltr'><strong>quia</strong></span> <span class='ocrx_word' id='word_1_162' title='bbox 1571 2651 1605 2720; x_wconf 95' lang='lat' dir='ltr'><strong>in</strong></span> <span class='ocrx_word' id='word_1_163' title='bbox 1625 2649 1839 2742; x_wconf 85' lang='lat' dir='ltr'><strong>multiloquio</strong></span> 
     </span>
     <span class='ocr_line' id='line_1_18' title="bbox 369 2763 1842 2864; baseline -0.003 -20"><span class='ocrx_word' id='word_1_164' title='bbox 369 2793 433 2844; x_wconf 90' lang='lat' dir='ltr'><strong>suo</strong></span> <span class='ocrx_word' id='word_1_165' title='bbox 465 2769 701 2842; x_wconf 86' lang='lat' dir='ltr'><strong>exandiantur.</strong></span> <span class='ocrx_word' id='word_1_166' title='bbox 753 2763 889 2842; x_wconf 86' lang='lat' dir='ltr'><strong>⁸Nolite</strong></span> <span class='ocrx_word' id='word_1_167' title='bbox 931 2791 1016 2863; x_wconf 81' lang='lat' dir='ltr'><strong>ergo</strong></span> <span class='ocrx_word' id='word_1_168' title='bbox 1057 2771 1233 2842; x_wconf 88' lang='lat' dir='ltr'><strong>assimilari</strong></span> <span class='ocrx_word' id='word_1_169' title='bbox 1266 2772 1334 2842; x_wconf 92' lang='lat' dir='ltr'><strong>eis:</strong></span> <span class='ocrx_word' id='word_1_170' title='bbox 1373 2771 1436 2842; x_wconf 91' lang='lat' dir='ltr'><strong>scit</strong></span> <span class='ocrx_word' id='word_1_171' title='bbox 1469 2772 1559 2843; x_wconf 94' lang='lat' dir='ltr'><strong>enim</strong></span> <span class='ocrx_word' id='word_1_172' title='bbox 1590 2779 1690 2864; x_wconf 88' lang='lat' dir='ltr'><strong>pater</strong></span> <span class='ocrx_word' id='word_1_173' title='bbox 1720 2779 1842 2840; x_wconf 88' lang='lat' dir='ltr'><strong>vester</strong></span> 
     </span>
     <span class='ocr_line' id='line_1_19' title="bbox 367 2884 1842 2986; baseline -0.001 -24"><span class='ocrx_word' id='word_1_174' title='bbox 367 2891 491 2984; x_wconf 78' lang='lat' dir='ltr'><strong>quihus</strong></span> <span class='ocrx_word' id='word_1_175' title='bbox 528 2912 621 2984; x_wconf 90' lang='lat' dir='ltr'><strong>opus·</strong></span> <span class='ocrx_word' id='word_1_176' title='bbox 648 2891 690 2961; x_wconf 89' lang='lat' dir='ltr'><strong>sit</strong></span> <span class='ocrx_word' id='word_1_177' title='bbox 720 2889 822 2962; x_wconf 88' lang='lat' dir='ltr'><strong>vobis</strong></span> <span class='ocrx_word' id='word_1_178' title='bbox 848 2901 926 2962; x_wconf 89' lang='lat' dir='ltr'><strong>ante</strong></span> <span class='ocrx_word' id='word_1_179' title='bbox 949 2913 1053 2984; x_wconf 90' lang='lat' dir='ltr'><strong>quam</strong></span> <span class='ocrx_word' id='word_1_180' title='bbox 1080 2892 1205 2986; x_wconf 86' lang='lat' dir='ltr'><strong>petatis</strong></span> <span class='ocrx_word' id='word_1_181' title='bbox 1238 2914 1328 2963; x_wconf 90' lang='lat' dir='ltr'><strong>enm.</strong></span> <span class='ocrx_word' id='word_1_182' title='bbox 1379 2884 1467 2962; x_wconf 72' lang='lat' dir='ltr'><strong>⁹Sic</strong></span> <span class='ocrx_word' id='word_1_183' title='bbox 1493 2913 1579 2984; x_wconf 78' lang='lat' dir='ltr'><strong>ergo</strong></span> <span class='ocrx_word' id='word_1_184' title='bbox 1604 2911 1670 2962; x_wconf 86' lang='lat' dir='ltr'><strong>vos</strong></span> <span class='ocrx_word' id='word_1_185' title='bbox 1696 2889 1842 2961; x_wconf 91' lang='lat' dir='ltr'><strong>orabitis</strong></span> 
     </span>
     <span class='ocr_line' id='line_1_20' title="bbox 368 3003 1850 3104; baseline -0.001 -23"><span class='ocrx_word' id='word_1_186' title='bbox 368 3011 470 3082; x_wconf 86' lang='lat' dir='ltr'><strong>Pater</strong></span> <span class='ocrx_word' id='word_1_187' title='bbox 496 3021 614 3082; x_wconf 91' lang='lat' dir='ltr'><strong>noster</strong></span> <span class='ocrx_word' id='word_1_188' title='bbox 640 3011 695 3104; x_wconf 89' lang='lat' dir='ltr'><strong>qui</strong></span> <span class='ocrx_word' id='word_1_189' title='bbox 723 3031 762 3082; x_wconf 91' lang='lat' dir='ltr'><strong>es</strong></span> <span class='ocrx_word' id='word_1_190' title='bbox 787 3011 821 3080; x_wconf 95' lang='lat' dir='ltr'><strong>in</strong></span> <span class='ocrx_word' id='word_1_191' title='bbox 848 3011 961 3097; x_wconf 89' lang='lat' dir='ltr'><strong>caelis,</strong></span> <span class='ocrx_word' id='word_1_192' title='bbox 988 3011 1217 3084; x_wconf 86' lang='lat' dir='ltr'><strong>sanctificetur</strong></span> <span class='ocrx_word' id='word_1_193' title='bbox 1242 3035 1370 3084; x_wconf 90' lang='lat' dir='ltr'><strong>nornen</strong></span> <span class='ocrx_word' id='word_1_194' title='bbox 1396 3021 1500 3097; x_wconf 91' lang='lat' dir='ltr'><strong>tuum,</strong></span> <span class='ocrx_word' id='word_1_195' title='bbox 1552 3003 1578 3048; x_wconf 85' lang='lat'><strong>⁴⁰</strong></span> <span class='ocrx_word' id='word_1_196' title='bbox 1591 3010 1754 3082; x_wconf 82' lang='lat' dir='ltr'><strong>adveniat</strong></span> <span class='ocrx_word' id='word_1_197' title='bbox 1781 3031 1850 3080; x_wconf 83' lang='lat' dir='ltr'><strong>re·-</strong></span> 
     </span>
     <span class='ocr_line' id='line_1_21' title="bbox 355 3123 1841 3232; baseline 0 -30"><span class='ocrx_word' id='word_1_198' title='bbox 355 3153 474 3232; x_wconf 77' lang='lat' dir='ltr'><strong>¹gnum</strong></span> <span class='ocrx_word' id='word_1_199' title='bbox 499 3141 603 3216; x_wconf 91' lang='lat' dir='ltr'><strong>tunm,</strong></span> <span class='ocrx_word' id='word_1_200' title='bbox 630 3131 691 3203; x_wconf 87' lang='lat' dir='ltr'><strong>fiat</strong></span> <span class='ocrx_word' id='word_1_201' title='bbox 715 3132 874 3203; x_wconf 89' lang='lat' dir='ltr'><strong>voluntas</strong></span> <span class='ocrx_word' id='word_1_202' title='bbox 897 3141 957 3203; x_wconf 85' lang='lat' dir='ltr'><strong>tua</strong></span> <span class='ocrx_word' id='word_1_203' title='bbox 985 3131 1072 3203; x_wconf 91' lang='lat' dir='ltr'><strong>siout</strong></span> <span class='ocrx_word' id='word_1_204' title='bbox 1096 3133 1130 3203; x_wconf 93' lang='lat' dir='ltr'><strong>in</strong></span> <span class='ocrx_word' id='word_1_205' title='bbox 1156 3135 1253 3206; x_wconf 91' lang='lat' dir='ltr'><strong>caelo</strong></span> <span class='ocrx_word' id='word_1_206' title='bbox 1288 3141 1323 3204; x_wconf 93' lang='lat' dir='ltr'><strong>et</strong></span> <span class='ocrx_word' id='word_1_207' title='bbox 1355 3132 1389 3202; x_wconf 93' lang='lat' dir='ltr'><strong>in</strong></span> <span class='ocrx_word' id='word_1_208' title='bbox 1422 3142 1524 3218; x_wconf 92' lang='lat' dir='ltr'><strong>terra,</strong></span> <span class='ocrx_word' id='word_1_209' title='bbox 1575 3123 1744 3226; x_wconf 75' lang='lat' dir='ltr'><strong>“panem</strong></span> <span class='ocrx_word' id='word_1_210' title='bbox 1773 3153 1841 3202; x_wconf 92' lang='lat' dir='ltr'><strong>no-</strong></span> 
     </span>
     <span class='ocr_line' id='line_1_22' title="bbox 368 3245 1841 3346; baseline -0.002 -20"><span class='ocrx_word' id='word_1_211' title='bbox 368 3261 476 3326; x_wconf 85' lang='lat' dir='ltr'><strong>strum</strong></span> <span class='ocrx_word' id='word_1_212' title='bbox 502 3251 863 3346; x_wconf 82' lang='lat' dir='ltr'><strong>supersubstantialem</strong></span> <span class='ocrx_word' id='word_1_213' title='bbox 890 3251 1061 3325; x_wconf 89' lang='lat' dir='ltr'><strong>danobis</strong></span> <span class='ocrx_word' id='word_1_214' title='bbox 1087 3253 1201 3338; x_wconf 92' lang='lat' dir='ltr'><strong>hodie,</strong></span> <span class='ocrx_word' id='word_1_215' title='bbox 1240 3245 1266 3292; x_wconf 74' lang='lat'><strong>¹²</strong></span> <span class='ocrx_word' id='word_1_216' title='bbox 1283 3261 1319 3324; x_wconf 90' lang='lat' dir='ltr'><strong>et</strong></span> <span class='ocrx_word' id='word_1_217' title='bbox 1344 3251 1475 3324; x_wconf 82' lang='lat' dir='ltr'><strong>dimitte</strong></span> <span class='ocrx_word' id='word_1_218' title='bbox 1500 3251 1601 3322; x_wconf 89' lang='lat' dir='ltr'><strong>nobis</strong></span> <span class='ocrx_word' id='word_1_219' title='bbox 1628 3251 1744 3323; x_wconf 91' lang='lat' dir='ltr'><strong>debita</strong></span> <span class='ocrx_word' id='word_1_220' title='bbox 1772 3273 1841 3323; x_wconf 95' lang='lat' dir='ltr'><strong>no-</strong></span> 
     </span>
    </p>
   </div>
   <div class='ocr_carea' id='block_1_7' title="bbox 251 3363 1842 3458">
    <p class='ocr_par' dir='ltr' id='par_1_7' title="bbox 251 3363 1842 3458">
     <span class='ocr_line' id='line_1_23' title="bbox 251 3363 1842 3458; baseline -0.001 -14"><span class='ocrx_word' id='word_1_221' title='bbox 251 3391 256 3404; x_wconf 83' lang='grc'><strong><em>’</em></strong></span> <span class='ocrx_word' id='word_1_222' title='bbox 367 3381 439 3444; x_wconf 88' lang='lat' dir='ltr'><strong>stra</strong></span> <span class='ocrx_word' id='word_1_223' title='bbox 464 3372 551 3444; x_wconf 92' lang='lat' dir='ltr'><strong>siout</strong></span> <span class='ocrx_word' id='word_1_224' title='bbox 575 3381 610 3443; x_wconf 89' lang='lat' dir='ltr'><strong>ct</strong></span> <span class='ocrx_word' id='word_1_225' title='bbox 634 3395 700 3444; x_wconf 92' lang='lat' dir='ltr'><strong>nos</strong></span> <span class='ocrx_word' id='word_1_226' title='bbox 725 3373 922 3446; x_wconf 92' lang='lat' dir='ltr'><strong>dimittimus</strong></span> <span class='ocrx_word' id='word_1_227' title='bbox 948 3372 1162 3448; x_wconf 88' lang='lat' dir='ltr'><strong>debitoribus</strong></span> <span class='ocrx_word' id='word_1_228' title='bbox 1188 3373 1323 3458; x_wconf 89' lang='lat' dir='ltr'><strong>nostris,</strong></span> <span class='ocrx_word' id='word_1_229' title='bbox 1366 3363 1441 3443; x_wconf 76' lang='lat' dir='ltr'><strong>¹³et</strong></span> <span class='ocrx_word' id='word_1_230' title='bbox 1465 3393 1510 3443; x_wconf 90' lang='lat' dir='ltr'><strong>ne</strong></span> <span class='ocrx_word' id='word_1_231' title='bbox 1535 3371 1678 3444; x_wconf 89' lang='lat' dir='ltr'><strong>inducas</strong></span> <span class='ocrx_word' id='word_1_232' title='bbox 1710 3393 1779 3444; x_wconf 91' lang='lat' dir='ltr'><strong>nos</strong></span> <span class='ocrx_word' id='word_1_233' title='bbox 1806 3373 1842 3442; x_wconf 93' lang='lat' dir='ltr'><strong>in</strong></span> 
     </span>
    </p>
   </div>
   <div class='ocr_carea' id='block_1_8' title="bbox 308 3481 1845 5033">
    <p class='ocr_par' dir='ltr' id='par_1_8' title="bbox 308 3481 1845 5033">
     <span class='ocr_line' id='line_1_24' title="bbox 367 3481 1842 3578; baseline 0.001 -15"><span class='ocrx_word' id='word_1_234' title='bbox 367 3493 612 3578; x_wconf 89' lang='lat' dir='ltr'><strong>temtationem,</strong></span> <span class='ocrx_word' id='word_1_235' title='bbox 639 3493 705 3564; x_wconf 90' lang='lat' dir='ltr'><strong>sed</strong></span> <span class='ocrx_word' id='word_1_236' title='bbox 729 3493 838 3566; x_wconf 88' lang='lat' dir='ltr'><strong>libera</strong></span> <span class='ocrx_word' id='word_1_237' title='bbox 862 3515 927 3564; x_wconf 91' lang='lat' dir='ltr'><strong>nos</strong></span> <span class='ocrx_word' id='word_1_238' title='bbox 954 3515 976 3564; x_wconf 90' lang='lat' dir='ltr'><strong>a</strong></span> <span class='ocrx_word' id='word_1_239' title='bbox 1003 3494 1104 3566; x_wconf 86' lang='lat' dir='ltr'><strong>malo.</strong></span> <span class='ocrx_word' id='word_1_240' title='bbox 1156 3485 1182 3531; x_wconf 71' lang='lat'><strong>⁴*</strong></span> <span class='ocrx_word' id='word_1_241' title='bbox 1195 3481 1271 3539; x_wconf 54' lang='grc' dir='ltr'><strong>(Μ)</strong></span> <span class='ocrx_word' id='word_1_242' title='bbox 1285 3492 1319 3563; x_wconf 92' lang='lat' dir='ltr'><strong>Si</strong></span> <span class='ocrx_word' id='word_1_243' title='bbox 1352 3491 1441 3564; x_wconf 93' lang='lat' dir='ltr'><strong>enim</strong></span> <span class='ocrx_word' id='word_1_244' title='bbox 1469 3491 1663 3564; x_wconf 90' lang='lat' dir='ltr'><strong>dimiseritis</strong></span> <span class='ocrx_word' id='word_1_245' title='bbox 1688 3491 1842 3564; x_wconf 92' lang='lat' dir='ltr'><strong>homini-</strong></span> 
     </span>
     <span class='ocr_line' id='line_1_25' title="bbox 367 3612 1841 3708; baseline 0 -24"><span class='ocrx_word' id='word_1_246' title='bbox 367 3613 433 3684; x_wconf 92' lang='lat' dir='ltr'><strong>hus</strong></span> <span class='ocrx_word' id='word_1_247' title='bbox 458 3624 604 3708; x_wconf 90' lang='lat' dir='ltr'><strong>peccata</strong></span> <span class='ocrx_word' id='word_1_248' title='bbox 630 3636 766 3700; x_wconf 89' lang='lat' dir='ltr'><strong>eorum,</strong></span> <span class='ocrx_word' id='word_1_249' title='bbox 794 3613 939 3686; x_wconf 89' lang='lat' dir='ltr'><strong>dimittet</strong></span> <span class='ocrx_word' id='word_1_250' title='bbox 965 3623 1001 3684; x_wconf 91' lang='lat' dir='ltr'><strong>et</strong></span> <span class='ocrx_word' id='word_1_251' title='bbox 1024 3614 1126 3685; x_wconf 87' lang='lat' dir='ltr'><strong>vobis</strong></span> <span class='ocrx_word' id='word_1_252' title='bbox 1160 3621 1259 3708; x_wconf 85' lang='lat' dir='ltr'><strong>pater</strong></span> <span class='ocrx_word' id='word_1_253' title='bbox 1291 3623 1407 3686; x_wconf 87' lang='lat' dir='ltr'><strong>vester</strong></span> <span class='ocrx_word' id='word_1_254' title='bbox 1438 3612 1596 3684; x_wconf 89' lang='lat' dir='ltr'><strong>caelestis</strong></span> <span class='ocrx_word' id='word_1_255' title='bbox 1622 3612 1746 3684; x_wconf 89' lang='lat' dir='ltr'><strong>delicta</strong></span> <span class='ocrx_word' id='word_1_256' title='bbox 1773 3635 1841 3684; x_wconf 90' lang='lat' dir='ltr'><strong>ve-</strong></span> 
     </span>
     <span class='ocr_line' id='line_1_26' title="bbox 367 3726 1845 3826; baseline 0.001 -22"><span class='ocrx_word' id='word_1_257' title='bbox 367 3743 454 3818; x_wconf 90' lang='lat' dir='ltr'><strong>stra;</strong></span> <span class='ocrx_word' id='word_1_258' title='bbox 506 3726 532 3780; x_wconf 72' lang='lat'><strong>¹⁶</strong></span> <span class='ocrx_word' id='word_1_259' title='bbox 549 3733 577 3804; x_wconf 89' lang='lat' dir='ltr'><strong>si</strong></span> <span class='ocrx_word' id='word_1_260' title='bbox 603 3744 717 3806; x_wconf 91' lang='lat' dir='ltr'><strong>antem</strong></span> <span class='ocrx_word' id='word_1_261' title='bbox 742 3757 813 3807; x_wconf 94' lang='lat' dir='ltr'><strong>non</strong></span> <span class='ocrx_word' id='word_1_262' title='bbox 846 3733 1039 3806; x_wconf 87' lang='lat' dir='ltr'><strong>dimiseritis</strong></span> <span class='ocrx_word' id='word_1_263' title='bbox 1072 3733 1281 3818; x_wconf 86' lang='lat' dir='ltr'><strong>hominibus,</strong></span> <span class='ocrx_word' id='word_1_264' title='bbox 1315 3755 1381 3806; x_wconf 90' lang='lat' dir='ltr'><strong>neo</strong></span> <span class='ocrx_word' id='word_1_265' title='bbox 1414 3743 1513 3826; x_wconf 88' lang='lat' dir='ltr'><strong>pater</strong></span> <span class='ocrx_word' id='word_1_266' title='bbox 1542 3742 1659 3805; x_wconf 85' lang='lat' dir='ltr'><strong>vester</strong></span> <span class='ocrx_word' id='word_1_267' title='bbox 1691 3733 1845 3806; x_wconf 88' lang='lat' dir='ltr'><strong>dimittet</strong></span> 
     </span>
     <span class='ocr_line' id='line_1_27' title="bbox 366 3844 1843 3949; baseline 0.001 -25"><span class='ocrx_word' id='word_1_268' title='bbox 366 3863 510 3946; x_wconf 87' lang='lat' dir='ltr'><strong>peccata</strong></span> <span class='ocrx_word' id='word_1_269' title='bbox 535 3865 659 3929; x_wconf 84' lang='lat' dir='ltr'><strong>vestra.</strong></span> <span class='ocrx_word' id='word_1_270' title='bbox 711 3844 838 3902; x_wconf 69' lang='lat' dir='ltr'><strong>¹⁶&lt;⁴⁵=¹⁰i</strong></span> <span class='ocrx_word' id='word_1_271' title='bbox 857 3855 940 3926; x_wconf 89' lang='lat' dir='ltr'><strong>Cum</strong></span> <span class='ocrx_word' id='word_1_272' title='bbox 967 3863 1082 3925; x_wconf 87' lang='lat' dir='ltr'><strong>autem</strong></span> <span class='ocrx_word' id='word_1_273' title='bbox 1108 3854 1272 3939; x_wconf 91' lang='lat' dir='ltr'><strong>ieiunatis,</strong></span> <span class='ocrx_word' id='word_1_274' title='bbox 1299 3853 1404 3925; x_wconf 92' lang='lat' dir='ltr'><strong>nolite</strong></span> <span class='ocrx_word' id='word_1_275' title='bbox 1429 3853 1504 3924; x_wconf 87' lang='lat' dir='ltr'><strong>fieri</strong></span> <span class='ocrx_word' id='word_1_276' title='bbox 1530 3854 1616 3924; x_wconf 88' lang='lat' dir='ltr'><strong>sient</strong></span> <span class='ocrx_word' id='word_1_277' title='bbox 1632 3854 1843 3949; x_wconf 79' lang='lat' dir='ltr'><strong>hypocritae</strong></span> 
     </span>
     <span class='ocr_line' id='line_1_28' title="bbox 368 3973 1842 4070; baseline 0.001 -27"><span class='ocrx_word' id='word_1_278' title='bbox 368 3974 496 4056; x_wconf 88' lang='lat' dir='ltr'><strong>tristes;</strong></span> <span class='ocrx_word' id='word_1_279' title='bbox 530 3977 758 4048; x_wconf 81' lang='lat' dir='ltr'><strong>exterminant</strong></span> <span class='ocrx_word' id='word_1_280' title='bbox 788 3975 879 4046; x_wconf 86' lang='lat' dir='ltr'><strong>enim</strong></span> <span class='ocrx_word' id='word_1_281' title='bbox 914 3974 1020 4046; x_wconf 83' lang='lat' dir='ltr'><strong>facies</strong></span> <span class='ocrx_word' id='word_1_282' title='bbox 1053 3997 1134 4048; x_wconf 91' lang='lat' dir='ltr'><strong>suas</strong></span> <span class='ocrx_word' id='word_1_283' title='bbox 1166 3985 1204 4046; x_wconf 92' lang='lat' dir='ltr'><strong>nt</strong></span> <span class='ocrx_word' id='word_1_284' title='bbox 1233 3985 1379 4070; x_wconf 91' lang='lat' dir='ltr'><strong>pareant</strong></span> <span class='ocrx_word' id='word_1_285' title='bbox 1410 3973 1614 4046; x_wconf 83' lang='lat' dir='ltr'><strong>hominihus</strong></span> <span class='ocrx_word' id='word_1_286' title='bbox 1636 3974 1842 4049; x_wconf 75' lang='lat' dir='ltr'><strong>ieiunantes</strong></span> 
     </span>
     <span class='ocr_line' id='line_1_29' title="bbox 366 4087 1843 4190; baseline 0.003 -26"><span class='ocrx_word' id='word_1_287' title='bbox 366 4093 477 4165; x_wconf 82' lang='lat' dir='ltr'><strong>Arnen</strong></span> <span class='ocrx_word' id='word_1_288' title='bbox 503 4095 581 4166; x_wconf 91' lang='lat' dir='ltr'><strong>dico</strong></span> <span class='ocrx_word' id='word_1_289' title='bbox 612 4097 721 4168; x_wconf 85' lang='lat' dir='ltr'><strong>vohis</strong></span> <span class='ocrx_word' id='word_1_290' title='bbox 745 4096 825 4190; x_wconf 89' lang='lat' dir='ltr'><strong>quia</strong></span> <span class='ocrx_word' id='word_1_291' title='bbox 858 4105 1065 4189; x_wconf 88' lang='lat' dir='ltr'><strong>receperunt</strong></span> <span class='ocrx_word' id='word_1_292' title='bbox 1095 4089 1294 4168; x_wconf 83' lang='lat' dir='ltr'><strong>mercedem</strong></span> <span class='ocrx_word' id='word_1_293' title='bbox 1327 4117 1434 4167; x_wconf 91' lang='lat' dir='ltr'><strong>suam.</strong></span> <span class='ocrx_word' id='word_1_294' title='bbox 1487 4087 1514 4130; x_wconf 72' lang='lat'><strong>⁴⁷</strong></span> <span class='ocrx_word' id='word_1_295' title='bbox 1530 4095 1581 4165; x_wconf 91' lang='lat' dir='ltr'><strong>Tu</strong></span> <span class='ocrx_word' id='word_1_296' title='bbox 1614 4103 1730 4166; x_wconf 88' lang='lat' dir='ltr'><strong>autem</strong></span> <span class='ocrx_word' id='word_1_297' title='bbox 1758 4117 1843 4168; x_wconf 88' lang='lat' dir='ltr'><strong>num</strong></span> 
     </span>
     <span class='ocr_line' id='line_1_30' title="bbox 367 4207 1843 4312; baseline 0.001 -26"><span class='ocrx_word' id='word_1_298' title='bbox 367 4215 507 4302; x_wconf 87' lang='lat' dir='ltr'><strong>ieiunas,</strong></span> <span class='ocrx_word' id='word_1_299' title='bbox 535 4238 626 4309; x_wconf 83' lang='lat' dir='ltr'><strong>unge</strong></span> <span class='ocrx_word' id='word_1_300' title='bbox 651 4209 757 4312; x_wconf 87' lang='lat' dir='ltr'><strong>caput</strong></span> <span class='ocrx_word' id='word_1_301' title='bbox 779 4226 875 4288; x_wconf 91' lang='lat' dir='ltr'><strong>tuum</strong></span> <span class='ocrx_word' id='word_1_302' title='bbox 902 4217 1084 4288; x_wconf 78' lang='lat' dir='ltr'><strong>etfaciam</strong></span> <span class='ocrx_word' id='word_1_303' title='bbox 1109 4226 1203 4288; x_wconf 89' lang='lat' dir='ltr'><strong>tuam</strong></span> <span class='ocrx_word' id='word_1_304' title='bbox 1230 4217 1317 4301; x_wconf 89' lang='lat' dir='ltr'><strong>lava,</strong></span> <span class='ocrx_word' id='word_1_305' title='bbox 1369 4207 1395 4256; x_wconf 80' lang='lat'><strong>⁴⁸</strong></span> <span class='ocrx_word' id='word_1_306' title='bbox 1411 4237 1456 4286; x_wconf 90' lang='lat' dir='ltr'><strong>ne</strong></span> <span class='ocrx_word' id='word_1_307' title='bbox 1473 4215 1623 4287; x_wconf 89' lang='lat' dir='ltr'><strong>videaris</strong></span> <span class='ocrx_word' id='word_1_308' title='bbox 1641 4216 1843 4288; x_wconf 88' lang='lat' dir='ltr'><strong>hominihus</strong></span> 
     </span>
     <span class='ocr_line' id='line_1_31' title="bbox 365 4335 1843 4430; baseline -0.001 -23"><span class='ocrx_word' id='word_1_309' title='bbox 365 4337 519 4410; x_wconf 90' lang='lat' dir='ltr'><strong>ieiunans</strong></span> <span class='ocrx_word' id='word_1_310' title='bbox 544 4336 608 4408; x_wconf 90' lang='lat' dir='ltr'><strong>sed</strong></span> <span class='ocrx_word' id='word_1_311' title='bbox 634 4338 722 4430; x_wconf 82' lang='lat' dir='ltr'><strong>petri</strong></span> <span class='ocrx_word' id='word_1_312' title='bbox 748 4347 807 4408; x_wconf 90' lang='lat' dir='ltr'><strong>tuo</strong></span> <span class='ocrx_word' id='word_1_313' title='bbox 834 4337 891 4430; x_wconf 90' lang='lat' dir='ltr'><strong>qui</strong></span> <span class='ocrx_word' id='word_1_314' title='bbox 917 4346 970 4408; x_wconf 88' lang='lat' dir='ltr'><strong>est</strong></span> <span class='ocrx_word' id='word_1_315' title='bbox 995 4337 1029 4408; x_wconf 91' lang='lat' dir='ltr'><strong>in</strong></span> <span class='ocrx_word' id='word_1_316' title='bbox 1054 4337 1275 4410; x_wconf 90' lang='lat' dir='ltr'><strong>abscondito:</strong></span> <span class='ocrx_word' id='word_1_317' title='bbox 1303 4347 1338 4408; x_wconf 93' lang='lat' dir='ltr'><strong>et</strong></span> <span class='ocrx_word' id='word_1_318' title='bbox 1363 4345 1462 4430; x_wconf 89' lang='lat' dir='ltr'><strong>pater</strong></span> <span class='ocrx_word' id='word_1_319' title='bbox 1486 4345 1565 4407; x_wconf 91' lang='lat' dir='ltr'><strong>tuns</strong></span> <span class='ocrx_word' id='word_1_320' title='bbox 1598 4335 1655 4429; x_wconf 90' lang='lat' dir='ltr'><strong>qni</strong></span> <span class='ocrx_word' id='word_1_321' title='bbox 1680 4335 1778 4408; x_wconf 89' lang='lat' dir='ltr'><strong>videt</strong></span> <span class='ocrx_word' id='word_1_322' title='bbox 1806 4337 1843 4406; x_wconf 92' lang='lat' dir='ltr'><strong>in</strong></span> 
     </span>
     <span class='ocr_line' id='line_1_32' title="bbox 308 4448 1844 4540; baseline -0.001 -11"><span class='ocrx_word' id='word_1_323' title='bbox 308 4448 311 4462; x_wconf 74' lang='lat'>&#39;</span> <span class='ocrx_word' id='word_1_324' title='bbox 366 4459 572 4530; x_wconf 88' lang='lat' dir='ltr'><strong>abscondito</strong></span> <span class='ocrx_word' id='word_1_325' title='bbox 598 4457 725 4528; x_wconf 87' lang='lat' dir='ltr'><strong>reddet</strong></span> <span class='ocrx_word' id='word_1_326' title='bbox 749 4457 817 4529; x_wconf 94' lang='lat' dir='ltr'><strong>tihi.</strong></span> <span class='ocrx_word' id='word_1_327' title='bbox 871 4448 1020 4530; x_wconf 80' lang='lat' dir='ltr'><strong>¹⁹·Nolite</strong></span> <span class='ocrx_word' id='word_1_328' title='bbox 1051 4459 1285 4531; x_wconf 89' lang='lat' dir='ltr'><strong>thesaurizare</strong></span> <span class='ocrx_word' id='word_1_329' title='bbox 1320 4457 1421 4528; x_wconf 90' lang='lat' dir='ltr'><strong>vohis</strong></span> <span class='ocrx_word' id='word_1_330' title='bbox 1452 4457 1635 4528; x_wconf 90' lang='lat' dir='ltr'><strong>thesauros</strong></span> <span class='ocrx_word' id='word_1_331' title='bbox 1666 4457 1701 4526; x_wconf 88' lang='lat' dir='ltr'><strong>in</strong></span> <span class='ocrx_word' id='word_1_332' title='bbox 1734 4467 1844 4540; x_wconf 90' lang='lat' dir='ltr'><strong>terra,</strong></span> 
     </span>
     <span class='ocr_line' id='line_1_33' title="bbox 364 4563 1843 4670; baseline 0 -22"><span class='ocrx_word' id='word_1_333' title='bbox 364 4577 424 4648; x_wconf 92' lang='lat' dir='ltr'><strong>uhi</strong></span> <span class='ocrx_word' id='word_1_334' title='bbox 450 4599 559 4670; x_wconf 80' lang='lat' dir='ltr'><strong>erugo</strong></span> <span class='ocrx_word' id='word_1_335' title='bbox 586 4587 621 4648; x_wconf 89' lang='lat' dir='ltr'><strong>et</strong></span> <span class='ocrx_word' id='word_1_336' title='bbox 645 4563 736 4648; x_wconf 78' lang='lat' dir='ltr'><strong>tinea</strong></span> <span class='ocrx_word' id='word_1_337' title='bbox 763 4577 953 4661; x_wconf 87' lang='lat' dir='ltr'><strong>demolitur,</strong></span> <span class='ocrx_word' id='word_1_338' title='bbox 981 4577 1039 4649; x_wconf 90' lang='lat' dir='ltr'><strong>uhi</strong></span> <span class='ocrx_word' id='word_1_339' title='bbox 1064 4579 1158 4650; x_wconf 82' lang='lat' dir='ltr'><strong>iures</strong></span> <span class='ocrx_word' id='word_1_340' title='bbox 1183 4577 1348 4650; x_wconf 83' lang='lat' dir='ltr'><strong>effodiunt</strong></span> <span class='ocrx_word' id='word_1_341' title='bbox 1373 4587 1409 4648; x_wconf 92' lang='lat' dir='ltr'><strong>et</strong></span> <span class='ocrx_word' id='word_1_342' title='bbox 1434 4579 1602 4662; x_wconf 82' lang='lat' dir='ltr'><strong>lnrantur3</strong></span> <span class='ocrx_word' id='word_1_343' title='bbox 1628 4565 1843 4648; x_wconf 55' lang='lat' dir='ltr'><strong>”mithe-</strong></span> 
     </span>
     <span class='ocr_line' id='line_1_34' title="bbox 365 4681 1843 4790; baseline 0.001 -21"><span class='ocrx_word' id='word_1_344' title='bbox 365 4681 533 4770; x_wconf 79' lang='lat' dir='ltr'><strong>saurizate</strong></span> <span class='ocrx_word' id='word_1_345' title='bbox 560 4707 675 4770; x_wconf 89' lang='lat' dir='ltr'><strong>autem</strong></span> <span class='ocrx_word' id='word_1_346' title='bbox 700 4699 802 4772; x_wconf 85' lang='lat' dir='ltr'><strong>vohis</strong></span> <span class='ocrx_word' id='word_1_347' title='bbox 826 4700 1010 4771; x_wconf 88' lang='lat' dir='ltr'><strong>thesauros</strong></span> <span class='ocrx_word' id='word_1_348' title='bbox 1035 4697 1068 4768; x_wconf 95' lang='lat' dir='ltr'><strong>in</strong></span> <span class='ocrx_word' id='word_1_349' title='bbox 1094 4697 1202 4782; x_wconf 88' lang='lat' dir='ltr'><strong>caelo,</strong></span> <span class='ocrx_word' id='word_1_350' title='bbox 1229 4697 1287 4768; x_wconf 92' lang='lat' dir='ltr'><strong>uhi</strong></span> <span class='ocrx_word' id='word_1_351' title='bbox 1314 4719 1427 4790; x_wconf 88' lang='lat' dir='ltr'><strong>neque</strong></span> <span class='ocrx_word' id='word_1_352' title='bbox 1460 4719 1569 4790; x_wconf 79' lang='lat' dir='ltr'><strong>erugo</strong></span> <span class='ocrx_word' id='word_1_353' title='bbox 1602 4717 1717 4790; x_wconf 88' lang='lat' dir='ltr'><strong>neque</strong></span> <span class='ocrx_word' id='word_1_354' title='bbox 1743 4696 1843 4770; x_wconf 90' lang='lat' dir='ltr'><strong>tinea</strong></span> 
     </span>
     <span class='ocr_line' id='line_1_35' title="bbox 364 4809 1838 4904; baseline -0.001 -16"><span class='ocrx_word' id='word_1_355' title='bbox 364 4817 556 4904; x_wconf 89' lang='lat' dir='ltr'><strong>demolitur,</strong></span> <span class='ocrx_word' id='word_1_356' title='bbox 583 4829 619 4890; x_wconf 91' lang='lat' dir='ltr'><strong>et</strong></span> <span class='ocrx_word' id='word_1_357' title='bbox 644 4819 702 4890; x_wconf 91' lang='lat' dir='ltr'><strong>ubi</strong></span> <span class='ocrx_word' id='word_1_358' title='bbox 729 4821 820 4892; x_wconf 81' lang='lat' dir='ltr'><strong>tures</strong></span> <span class='ocrx_word' id='word_1_359' title='bbox 846 4843 915 4891; x_wconf 91' lang='lat' dir='ltr'><strong>non</strong></span> <span class='ocrx_word' id='word_1_360' title='bbox 942 4817 1107 4890; x_wconf 85' lang='lat' dir='ltr'><strong>effodiunt</strong></span> <span class='ocrx_word' id='word_1_361' title='bbox 1132 4839 1197 4890; x_wconf 90' lang='lat' dir='ltr'><strong>nec</strong></span> <span class='ocrx_word' id='word_1_362' title='bbox 1222 4821 1383 4890; x_wconf 78' lang='lat' dir='ltr'><strong>durantur.</strong></span> <span class='ocrx_word' id='word_1_363' title='bbox 1426 4809 1533 4891; x_wconf 68' lang='lat' dir='ltr'><strong>²⁴Uhi</strong></span> <span class='ocrx_word' id='word_1_364' title='bbox 1560 4819 1648 4890; x_wconf 89' lang='lat' dir='ltr'><strong>enim</strong></span> <span class='ocrx_word' id='word_1_365' title='bbox 1677 4827 1730 4889; x_wconf 90' lang='lat' dir='ltr'><strong>est</strong></span> <span class='ocrx_word' id='word_1_366' title='bbox 1755 4817 1838 4888; x_wconf 89' lang='lat' dir='ltr'><strong>the·</strong></span> 
     </span>
     <span class='ocr_line' id='line_1_36' title="bbox 364 4926 1843 5033; baseline 0.001 -26"><span class='ocrx_word' id='word_1_367' title='bbox 364 4957 485 5010; x_wconf 79' lang='lat' dir='ltr'><strong>saturus</strong></span> <span class='ocrx_word' id='word_1_368' title='bbox 509 4947 599 5024; x_wconf 89' lang='lat' dir='ltr'><strong>tuus,</strong></span> <span class='ocrx_word' id='word_1_369' title='bbox 633 4940 678 5012; x_wconf 92' lang='lat' dir='ltr'><strong>ihi</strong></span> <span class='ocrx_word' id='word_1_370' title='bbox 712 4951 766 5012; x_wconf 88' lang='lat' dir='ltr'><strong>est</strong></span> <span class='ocrx_word' id='word_1_371' title='bbox 797 4949 833 5012; x_wconf 90' lang='lat' dir='ltr'><strong>et</strong></span> <span class='ocrx_word' id='word_1_372' title='bbox 864 4963 926 5012; x_wconf 93' lang='lat' dir='ltr'><strong>cor</strong></span> <span class='ocrx_word' id='word_1_373' title='bbox 958 4949 1062 5010; x_wconf 91' lang='lat' dir='ltr'><strong>tunm.</strong></span> <span class='ocrx_word' id='word_1_374' title='bbox 1113 4926 1226 4985; x_wconf 53' lang='lat' dir='ltr'><strong>”imi</strong></span> <span class='ocrx_word' id='word_1_375' title='bbox 1244 4940 1397 5010; x_wconf 88' lang='lat' dir='ltr'><strong>Lucerna</strong></span> <span class='ocrx_word' id='word_1_376' title='bbox 1431 4939 1587 5033; x_wconf 91' lang='lat' dir='ltr'><strong>corporis</strong></span> <span class='ocrx_word' id='word_1_377' title='bbox 1618 4947 1673 5010; x_wconf 91' lang='lat' dir='ltr'><strong>est</strong></span> <span class='ocrx_word' id='word_1_378' title='bbox 1705 4939 1843 5010; x_wconf 91' lang='lat' dir='ltr'><strong>oculus.</strong></span> 
     </span>
    </p>
   </div>
   <div class='ocr_carea' id='block_1_9' title="bbox 364 5051 1960 5160">
    <p class='ocr_par' dir='ltr' id='par_1_9' title="bbox 364 5051 1960 5160">
     <span class='ocr_line' id='line_1_37' title="bbox 364 5051 1960 5160; baseline 0.004 -32"><span class='ocrx_word' id='word_1_379' title='bbox 364 5055 398 5128; x_wconf 93' lang='lat' dir='ltr'><strong>Si</strong></span> <span class='ocrx_word' id='word_1_380' title='bbox 425 5057 524 5127; x_wconf 87' lang='lat' dir='ltr'><strong>luerit</strong></span> <span class='ocrx_word' id='word_1_381' title='bbox 549 5061 668 5134; x_wconf 91' lang='lat' dir='ltr'><strong>oculus</strong></span> <span class='ocrx_word' id='word_1_382' title='bbox 694 5069 771 5134; x_wconf 90' lang='lat' dir='ltr'><strong>tuus</strong></span> <span class='ocrx_word' id='word_1_383' title='bbox 797 5061 954 5156; x_wconf 86' lang='lat' dir='ltr'><strong>simplex,</strong></span> <span class='ocrx_word' id='word_1_384' title='bbox 980 5069 1089 5132; x_wconf 90' lang='lat' dir='ltr'><strong>totum</strong></span> <span class='ocrx_word' id='word_1_385' title='bbox 1116 5081 1243 5152; x_wconf 89' lang='lat' dir='ltr'><strong>corpus</strong></span> <span class='ocrx_word' id='word_1_386' title='bbox 1269 5068 1364 5131; x_wconf 92' lang='lat' dir='ltr'><strong>tuum</strong></span> <span class='ocrx_word' id='word_1_387' title='bbox 1389 5059 1538 5132; x_wconf 93' lang='lat' dir='ltr'><strong>lucidum</strong></span> <span class='ocrx_word' id='word_1_388' title='bbox 1566 5061 1647 5144; x_wconf 90' lang='lat' dir='ltr'><strong>erit;</strong></span> <span class='ocrx_word' id='word_1_389' title='bbox 1683 5051 1711 5098; x_wconf 67' lang='lat'><strong>²³</strong></span> <span class='ocrx_word' id='word_1_390' title='bbox 1728 5058 1755 5130; x_wconf 89' lang='lat' dir='ltr'><strong>si</strong></span> <span class='ocrx_word' id='word_1_391' title='bbox 1771 5081 1845 5134; x_wconf 87' lang='lat' dir='ltr'><strong>au·</strong></span> <span class='ocrx_word' id='word_1_392' title='bbox 1953 5153 1960 5160; x_wconf 35' lang='grc'><strong>,</strong></span> 
     </span>
    </p>
   </div>
   <div class='ocr_carea' id='block_1_10' title="bbox 364 5179 1846 5388">
    <p class='ocr_par' dir='ltr' id='par_1_10' title="bbox 364 5179 1846 5388">
     <span class='ocr_line' id='line_1_38' title="bbox 364 5179 1846 5292; baseline 0.002 -45"><span class='ocrx_word' id='word_1_393' title='bbox 364 5185 433 5248; x_wconf 91' lang='lat' dir='ltr'><strong>tem</strong></span> <span class='ocrx_word' id='word_1_394' title='bbox 461 5179 579 5252; x_wconf 80' lang='lat' dir='ltr'><strong>nardus</strong></span> <span class='ocrx_word' id='word_1_395' title='bbox 605 5191 682 5252; x_wconf 92' lang='lat' dir='ltr'><strong>tuus</strong></span> <span class='ocrx_word' id='word_1_396' title='bbox 707 5203 856 5275; x_wconf 88' lang='lat' dir='ltr'><strong>nequam</strong></span> <span class='ocrx_word' id='word_1_397' title='bbox 882 5181 989 5266; x_wconf 82' lang='lat' dir='ltr'><strong>inerit,</strong></span> <span class='ocrx_word' id='word_1_398' title='bbox 1016 5190 1124 5292; x_wconf 81' lang='lat' dir='ltr'><strong>totum</strong></span> <span class='ocrx_word' id='word_1_399' title='bbox 1151 5201 1277 5274; x_wconf 91' lang='lat' dir='ltr'><strong>corpus</strong></span> <span class='ocrx_word' id='word_1_400' title='bbox 1304 5191 1398 5254; x_wconf 91' lang='lat' dir='ltr'><strong>tuum</strong></span> <span class='ocrx_word' id='word_1_401' title='bbox 1425 5180 1647 5253; x_wconf 86' lang='lat' dir='ltr'><strong>tenebrosum</strong></span> <span class='ocrx_word' id='word_1_402' title='bbox 1675 5181 1745 5251; x_wconf 92' lang='lat' dir='ltr'><strong>erit.</strong></span> <span class='ocrx_word' id='word_1_403' title='bbox 1804 5179 1846 5250; x_wconf 88' lang='lat' dir='ltr'><strong>Si</strong></span> 
     </span>
     <span class='ocr_line' id='line_1_39' title="bbox 891 5299 1295 5388; baseline 0 -15"><span class='ocrx_word' id='word_1_404' title='bbox 891 5303 928 5388; x_wconf 89' lang='lat' dir='ltr'><strong>V,</strong></span> <span class='ocrx_word' id='word_1_405' title='bbox 958 5299 1004 5374; x_wconf 87' lang='lat' dir='ltr'><strong>l8</strong></span> <span class='ocrx_word' id='word_1_406' title='bbox 1060 5341 1105 5354; x_wconf 91' lang='lat'>—</span> <span class='ocrx_word' id='word_1_407' title='bbox 1158 5301 1209 5386; x_wconf 85' lang='lat' dir='ltr'><strong>Vl,</strong></span> <span class='ocrx_word' id='word_1_408' title='bbox 1237 5304 1295 5376; x_wconf 78' lang='lat'><strong>23.</strong></span> 
     </span>
    </p>
   </div>
   <div class='ocr_carea' id='block_1_11' title="bbox 0 0 2056 6128">
    <p class='ocr_par' dir='ltr' id='par_1_11' title="bbox 0 0 2056 6128">
     <span class='ocr_line' id='line_1_40' title="bbox 0 0 2056 6128; baseline 0 1"><span class='ocrx_word' id='word_1_409' title='bbox 0 0 2056 6128; x_wconf 95' lang='lat' dir='ltr'><strong> </strong></span> 
     </span>
    </p>
   </div>
  </div>
 </body>
</html>
