4102 6128
830 409 1111 474 PROLEGOllENA
1622 431 1708 481 xxttt

226 518 367 530 -n————

221 619 266 692 ad
292 621 320 692 '2
348 609 431 686 Tim.
462 633 527 708 pro
564 613 619 684 De
657 613 884 686 claritateac
916 635 1016 708 prae,
1050 633 1141 708 quae
1173 633 1320 706 prorsus
1355 611 1483 684 eadem
1518 615 1552 686 in
1583 617 1705 692 codlce

222 737 392 812 Thomasii
417 742 502 838 sunt,
530 743 726 826 praeeunte
753 733 942 806 Thomosio
960 735 1175 806 correximus
1201 734 1255 804 De
1272 731 1419 804 caritate
1438 755 1481 805 ac
1498 757 1603 828 pare:
1630 761 1705 835 cap.

220 861 245 930 L
271 858 315 931 ad
340 857 435 928 Rom.
463 853 668 947 scripsimus
699 875 782 926 esea
815 874 879 926 sua
912 877 977 948 pro
1014 875 1173 928 excasuz.
1198 873 1275 945 cap.
1308 852 1390 922 LXl.
1425 854 1472 926 ad
1506 867 1569 930 act.
1596 871 1705 955 apost.

221 977 423 1052 restituimus
448 973 643 1046 secundum
669 996 734 1070 pro
751 975 870 1069 inepto
896 976 1057 1048 lecenmt.
1103 975 1203 1058 Quae
1229 971 1375 1064 quidem
1394 976 1521 1062 omnia,
1549 987 1708 1077 utsupra

219 1095 345 1167 dictum
377 1103 448 1180 est,
483 1104 649 1166 accurate
683 1105 827 1168 tractata
859 1105 939 1166 sunt
970 1095 1004 1166 in
1029 1095 1141 1168 indice
1165 1091 1353 1164 lectionum
1385 1093 1452 1165 suh
1478 1096 1563 1170 XlX.
1601 1101 1707 1176 Multo

218 1237 304 1287 vero
330 1214 466 1308 saepius
492 1236 513 1285 a
540 1214 710 1294 mutando
736 1214 839 1286 nohis
865 1215 1143 1308 temperavimus
1171 1213 1377 1306 praesertim
1411 1215 1473 1286 uhi
1500 1221 1625 1294 eadem
1650 1226 1707 1296 vel

219 1335 337 1408 similia
363 1357 409 1406 ex
435 1333 508 1408 aliis
535 1335 717 1408 codicibus
745 1334 838 1429 apud
865 1335 1086 1408 Thomasium
1104 1334 1209 1404 allata
1226 1331 1442 1421 videbamus,
1471 1341 1537 1410 etsi
1552 1343 1706 1435 plerum-

218 1477 287 1549 que
318 1477 387 1526 non
422 1454 570 1528 deerant
603 1455 729 1550 quihus
764 1456 850 1527 falsa
890 1457 948 1528 vel
982 1463 1144 1550 suspecta
1181 1453 1446 1546 corrigerentur.
1507 1461 1707 1537 Cuiusmodi

219 1585 296 1647 sunt
321 1596 393 1668 cap.
419 1577 490 1648 XX.
519 1577 566 1649 ad
592 1577 690 1648 Rom.
716 1577 770 1647 De
797 1575 988 1648 differentia
1013 1575 1221 1670 passionum
1248 1583 1284 1645 et
1308 1579 1529 1669 praesentiae
1556 1593 1591 1654 et
1612 1585 1704 1656 lutu-
1809 1673 1812 1682 Ι

219 1717 294 1768 rae:
334 1717 354 1767 a
393 1697 559 1768 servitute
594 1697 824 1790 corruptionis
857 1697 995 1768 liberari
1028 1696 1220 1790 cupientes.
1281 1695 1378 1779 Quae
1411 1699 1636 1790 probabiliter
1670 1707 1704 1776 in

218 1817 308 1888 hunc
333 1815 474 1888 modum
501 1815 687 1888 scribenda
714 1826 793 1887 sunt
817 1817 870 1888 De
897 1803 1087 1888 differentia
1113 1813 1320 1908 passionum
1336 1820 1570 1910 praesentium
1597 1833 1633 1894 et
1649 1826 1705 1896 iu-

218 1947 316 2008 turae
348 1935 495 2030 gloriae:
530 1945 567 2006 et
599 1935 645 2008 de
681 1945 840 2008 creatura
872 1958 893 2007 a
928 1935 1094 2007 servitute
1125 1933 1269 2005 liberari
1302 1935 1468 2030 cupiente.
1511 1941 1590 2035 Cap.
1625 1945 1704 2016 Vlll.

218 2057 385 2150 epistulae
411 2059 445 2131 2.
472 2053 520 2128 cd
547 2057 624 2128 Cor.
653 2065 851 2150 corruptum
878 2057 928 2128 sic
954 2065 1008 2127 est
1031 2055 1066 2126 in
1093 2052 1221 2127 codice
1246 2054 1299 2126 De
1326 2055 1464 2132 dachus
1490 2066 1705 2138 testamentis

219 2187 255 2248 et
279 2177 411 2270 utrique
447 2175 646 2262 distantiae;
680 2177 886 2250 Thomasius
911 2175 1017 2248 habet
1048 2177 1101 2247 De
1128 2173 1237 2247 duob.
1263 2183 1340 2248 test
1367 2179 1546 2274 utriusque
1570 2183 1705 2258 distan-

218 2297 303 2368 tiae:
335 2297 456 2368 nescio
483 2319 528 2368 an
554 2307 709 2390 praestet
740 2299 793 2369 De
820 2297 927 2368 duob.
953 2305 1030 2368 test.
1065 2305 1102 2368 et
1128 2296 1306 2390 utriusque
1333 2297 1502 2372 distantia.
1530 2302 1637 2398 Capiti
1661 2307 1703 2378 X.

218 2415 374 2488 {ohannis
408 2417 536 2488 deesse
568 2417 706 2490 videtur
736 2418 935 2490 habentem.
971 2417 1051 2511 Cap.
1078 2418 1196 2489 Lucae
1222 2418 1330 2490 XLIX
1358 2419 1417 2490 ubi
1444 2430 1499 2492 est
1525 2443 1595 2494 non
1621 2445 1704 2499 esse

218 2537 284 2608 suh
310 2536 429 2608 modio
454 2538 547 2630 poni,
573 2537 634 2610 vix
661 2539 873 2632 alatinitate
899 2537 1077 2624 incultiore
1104 2539 1270 2610 excusari
1294 2541 1428 2634 poterit.
1448 2541 1529 2634 Cap.
1547 2543 1628 2616 Xlll
1656 2549 1703 2620 ad

217 2657 321 2729 Hehr.
347 2679 416 2730 non
441 2667 537 2730 recte
564 2657 670 2731 hahet
694 2659 825 2744 Christi,
853 2657 918 2730 etsi
944 2657 1036 2730 idem
1062 2657 1097 2727 in
1124 2658 1200 2731 aliis
1226 2660 1321 2732 libris
1347 2670 1408 2732 est
1452 2661 1620 2757 Exempla
1645 2667 1701 2739 lo-

218 2799 337 2850 corum
373 2787 613 2872 corruptorum
647 2780 712 2852 aha
745 2779 827 2852 vide
862 2778 908 2850 ad
940 2779 1043 2850 Hebr.
1078 2799 1155 2873 cap.
1189 2781 1225 2852 ll.
1257 2782 1294 2852 V.
1327 2781 1394 2852 Xll.
1429 2781 1529 2852 XXV.
1560 2783 1715 2858 Xxvttt·

217 2899 320 2971 XXX.
347 2897 490 2969 XXXVl.
518 2903 541 2973 2
569 2899 658 2971 Petr.
684 2901 724 2971 X.
754 2903 775 2972 3
803 2899 872 2972 loh.
899 2899 948 2970 Ill.

310 3019 423 3112 Atque
450 3021 536 3090 haec
571 3019 709 3113 quidem
744 3021 791 3093 ad
822 3028 1004 3114 corruptos
1029 3019 1130 3093 locos
1163 3025 1343 3117 pertinent.
1396 3022 1580 3096 Praeterea
1614 3048 1699 3100 vero

217 3141 292 3235 ipsa
319 3140 464 3212 latinitas
490 3141 524 3210 in
551 3139 603 3212 his
629 3141 784 3234 capitulis
802 3139 1029 3234 negligentior
1053 3151 1229 3236 notaeque
1245 3143 1413 3216 inferioris
1439 3151 1510 3215 est:
1536 3141 1573 3218 id
1603 3147 1698 3242 quod
1816 3161 1818 3170 ’

219 3270 430 3337 momentum
456 3259 570 3346 habet,
597 3261 626 3330 si
652 3260 729 3353 quis
755 3261 801 3332 de
828 3261 959 3354 origine
986 3281 1107 3332 eorum
1133 3263 1268 3336 viderit

908 3533 1002 3608 XVll.

311 3741 433 3814 Codex
462 3741 654 3813 Amiatinus
686 3763 756 3814 non
789 3741 907 3815 ultimo
942 3743 1021 3814 loco
1054 3745 1239 3836 ponendus
1275 3751 1329 3814 est
1358 3743 1444 3816 inter
1470 3745 1693 3822 instrumenta

218 3864 264 3936 ad
289 3863 572 3956 cognoscendam
606 3863 681 3934 eius
707 3861 799 3934 latini
824 3863 997 3936 sermonis
1028 3865 1177 3936 sormam
1203 3885 1302 3957 quae,
1329 3873 1367 3935 ut
1391 3864 1458 3937 iam
1483 3869 1578 3959 opud
1605 3871 1692 3943 Gre-

217 3985 352 4078 gorium
379 3985 614 4056 Turonensem
641 3992 704 4069 est,
730 3983 899 4054 rusticitas
925 3986 1113 4079 nuncupari
1139 3987 1229 4059 solet
1253 3993 1357 4077 atque
1388 3986 1482 4078 apud
1507 3989 1692 4083 scriptores

217 4103 375 4198 antiquos
410 4103 664 4176 ecclesiasticos
696 4103 898 4176 celebratur.
959 4105 1019 4178 Cui
1050 4105 1228 4200 proprium
1262 4105 1330 4176 hoc
1364 4116 1418 4178 est
1450 4108 1546 4198 quod
1578 4112 1691 4182 multis

216 4225 330 4298 modis
369 4247 390 4296 a
425 4225 559 4317 legibus
593 4223 756 4296 desciscit
787 4245 874 4317 quas
900 4225 1087 4318 scriptores
1111 4224 1255 4297 Romani
1282 4209 1414 4296 classici
1444 4235 1514 4297 tum
1541 4227 1690 4302 dicendo

217 4355 287 4418 tum
315 4344 500 4418 scribendo
528 4345 770 4430 observarunt,
797 4345 844 4416 ita
870 4354 907 4416 ut
932 4346 998 4418 alia
1024 4345 1148 4439 quihus
1175 4345 1219 4418 ah
1246 4345 1300 4417 his
1326 4345 1473 4418 discedit
1498 4347 1544 4420 ad
1560 4349 1689 4422 forma-

216 4467 318 4538 tionis
344 4465 533 4539 doctrinam
560 4475 595 4536 et
620 4466 666 4539 ad
692 4465 861 4560 syntaxis,
888 4465 953 4538 aha
980 4465 1026 4538 ad
1052 4465 1332 4558 orthographiam
1357 4466 1556 4560 pertineant.
1590 4470 1690 4554 Quae

216 4609 273 4658 res
309 4587 397 4658 hanc
428 4585 659 4658 difficultatem
696 4585 801 4656 habet
841 4587 936 4679 quod
968 4587 1114 4679 plurima
1147 4585 1320 4680 prioribus
1356 4609 1389 4680 p.
1424 4585 1499 4658 Chr.
1543 4589 1689 4661 saeculis

215 4709 318 4780 latine
343 4707 469 4800 scripta
496 4706 542 4779 ad
567 4727 632 4778 nos
665 4727 735 4777 non
766 4716 996 4800 pervenerunt
1028 4706 1091 4778 nisi
1118 4707 1295 4779 codicibus
1330 4706 1454 4778 tradita
1479 4709 1557 4780 aevi
1583 4711 1689 4782 multo

215 4827 399 4921 sequioris,
434 4847 523 4920 quos
557 4828 616 4920 qui
650 4827 930 4920 conscripserunt
955 4827 1060 4899 multa
1092 4827 1220 4921 puriori
1247 4827 1491 4918 grammaticae
1516 4832 1689 4904 contraria

215 4949 428 5042 expulerunt.
482 4946 567 5018 Hinc
592 4947 681 5017 enim
709 4948 830 5020 aetat-is
857 4949 1024 5041 eiusque
1050 4928 1220 5018 rusticitas
1245 4946 1381 5039 linguae
1407 4946 1476 5020 iam
1502 4950 1689 5024 invaluerat

214 5049 375 5141 auctores
400 5067 496 5139 multi
521 5088 590 5138 non
617 5089 694 5138 cunr
721 5089 784 5140 sua
809 5067 968 5140 videntur
994 5076 1106 5139 aetate
1132 5067 1258 5138 iecisse
1275 5065 1487 5162 modumque
1505 5069 1688 5144 adamasse
1786 5169 1788 5174 Ι
1831 5108 1834 5116 ν

214 5189 408 5274 cultiorem
440 5209 629 5282 rursusque
662 5187 813 5282 siquod
848 5187 1117 5284 antiquissimum
1143 5188 1329 5260 litterarum
1356 5202 1613 5264 monumentum
1640 5214 1686 5263 ex

215 5311 366 5382 tenebris
393 5308 615 5405 protrahitur,
644 5308 679 5380 id
705 5331 788 5403 prae
816 5310 939 5382 ceteris
966 5309 1158 5382 obsoletum
1177 5317 1444 5406 corruptumque
1462 5313 1684 5386 existimatur.

1325 5435 1345 5496 d
1360 5431 1381 5476 it
