4146 6120
770 1233 919 1304 rucrrrr
948 1232 1154 1303 uersuum
1183 1231 1307 1304 esum
1333 1213 1612 1304 ,teosroure

1156 1505 1178 1574 l.

502 1725 657 1834 ¹Petrus
686 1761 867 1856 apostolus
893 1723 969 1832 lesu
997 1759 1119 1831 Christi
1147 1760 1273 1831 electis.
1292 1757 1437 1830 advenis
1464 1759 1692 1854 dispersionis
1718 1761 1812 1832 Ponti
1838 1761 1897 1829 Ga-

425 1883 523 1954 latiae
559 1881 806 1977 Cappadociae
840 1879 946 1952 dsiae
982 1891 1017 1950 et
1049 1879 1251 1974 bythiniae,
1291 1873 1512 1951 'secundum
1553 1881 1811 1974 praescientiam
1849 1879 1896 1950 dei

423 2003 548 2095 patric,
577 2003 609 2072 in
637 2001 941 2074 sanctificationem
969 1999 1120 2093 spiritus,
1153 2001 1187 2070 in
1215 1998 1474 2071 oboedientiam
1501 2013 1535 2072 et
1564 2003 1800 2095 aspersionem
1825 2019 1896 2068 san-

424 2121 537 2212 guinis
571 2123 650 2195 lesu
683 2123 815 2194 Christi.
870 2119 984 2190 Gratia
1019 2119 1121 2191 vobis
1155 2129 1190 2190 et
1223 2141 1294 2212 pax
1328 2120 1577 2214 multiplicetur.
1630 2114 1688 2168 Μ)
1708 2117 1897 2192 Benedictus

425 2241 574 2312 denset
602 2253 701 2336 pater
727 2241 859 2314 domini
885 2239 993 2310 nostri
1019 2239 1098 2309 lesu
1124 2239 1256 2324 Christi,
1284 2239 1341 2330 qui
1369 2241 1561 2313 secundum
1589 2263 1751 2334 magnam
1777 2237 1896 2309 miseri-

424 2361 580 2432 cordiam
609 2383 706 2432 suam
734 2359 955 2452 regeneravit
980 2379 1046 2428 nos
1071 2357 1106 2427 in
1138 2377 1238 2450 spem
1272 2355 1386 2428 vivam
1421 2381 1486 2453 per
1518 2361 1805 2432 resurrectionem
1829 2357 1896 2426 lesu

423 2479 548 2550 Christi
581 2499 628 2548 ex
661 2480 822 2562 mortuis,
862 2466 928 2546 ‘in
960 2477 1190 2549 hereditatem
1224 2475 1518 2571 incorruptibilem
1552 2489 1588 2552 et
1613 2477 1896 2552 incontaminatam

423 2609 458 2669 et
485 2598 813 2682 inmarcescibilem,
840 2607 1082 2668 conservatam
1109 2597 1143 2665 in
1170 2593 1276 2665 caelis
1301 2597 1404 2668 vobis
1442 2591 1530 2693 ⁵qui
1558 2602 1592 2670 in
1617 2600 1742 2672 virtute
1767 2595 1820 2669 dei
1844 2617 1896 2664 cu-

423 2716 599 2788 stodimini
631 2739 695 2811 per
728 2717 833 2789 iide'm
868 2717 902 2786 in
935 2715 1081 2787 salutem
1115 2723 1271 2808 paratam
1305 2717 1450 2787 revelari
1477 2718 1510 2788 in
1537 2728 1699 2814 tempore
1715 2713 1896 2789 novissimo,

420 2828 483 2906 ⁶ln
510 2857 581 2928 quo
609 2837 781 2921 exultatis,
808 2835 985 2908 modicum
1011 2855 1103 2905 nuno
1130 2833 1159 2904 si
1187 2844 1326 2927 oportet
1351 2837 1545 2908 contristari
1570 2839 1604 2908 in
1631 2839 1738 2910 variis
1764 2843 1897 2928 tempta-

423 2955 592 3042 tionibus,
631 2948 695 3027 ⁷nt
720 2955 881 3049 probatio
907 2965 1048 3026 vestrae
1074 2953 1156 3026 fidei
1184 2955 1292 3025 multo
1318 2957 1527 3048 praetiosior
1553 2957 1597 3028 sit
1623 2979 1710 3030 auro
1737 2953 1827 3050 quod
1844 2971 1896 3046 per

423 3078 539 3169 ignem
571 3075 756 3170 probator,
797 3067 1037 3146 ‘²linveniatur
1071 3074 1105 3144 in
1131 3074 1271 3145 laudem
1299 3083 1335 3145 et
1360 3076 1506 3167 glorium
1534 3087 1570 3148 et
1596 3077 1767 3150 honorem
1793 3077 1825 3146 in
1848 3091 1895 3141 re·

421 3195 631 3268 velationem
665 3195 742 3266 lesu
776 3193 920 3279 Christi;
963 3185 1098 3286 ⁸quem
1135 3215 1214 3265 oum
1250 3213 1320 3265 non
1354 3196 1509 3267 videritis
1544 3195 1700 3289 diligam,
1743 3197 1777 3266 in
1807 3211 1896 3286 quem

422 3335 680 3408 huncquoque
707 3336 776 3386 non
802 3315 962 3386 videntes
988 3311 1143 3398 creditis;
1171 3333 1276 3406 quem
1303 3335 1381 3384 cum
1409 3309 1591 3401 ‘videritis
1620 3314 1814 3390 exultabitis
1833 3313 1895 3381 lae-

423 3435 493 3506 titia
521 3433 739 3506 inenarrabili
766 3444 801 3504 et
827 3433 1035 3526 glorificata,
1070 3426 1316 3526 ⁹reportantes
1343 3432 1448 3505 finem
1474 3433 1557 3506 fidei
1581 3446 1738 3522 vestrae,
1766 3434 1894 3506 salntem

424 3555 615 3626 animarum
650 3564 855 3624 vestrarum.
909 3543 934 3588 ⁴⁰
951 3553 1003 3623 De
1038 3575 1106 3645 qua
1132 3554 1244 3624 salute
1272 3553 1508 3646 exquisierunt
1534 3564 1639 3648 atque
1666 3554 1806 3627 scrutati
1830 3557 1894 3622 sunt

422 3673 617 3767 prophetae
644 3674 701 3767 qui
728 3672 775 3744 de
801 3674 912 3744 lutura
939 3672 973 3741 in
1000 3671 1103 3743 vobis
1128 3672 1238 3763 grath
1266 3673 1578 3766 prophetaverunt,
1618 3667 1642 3711 ⁴¹
1661 3683 1848 3748 scrutantes
1869 3667 1894 3736 in

422 3793 520 3886 quod
552 3793 609 3864 vel
642 3793 743 3886 quale
776 3803 914 3884 tempus
951 3789 1160 3884 significaret
1192 3792 1227 3861 in
1259 3791 1310 3862 eis
1343 3793 1482 3886 spiritus
1515 3793 1637 3866 Christi
1669 3791 1895 3890 praenuntians

422 3934 484 3982 eas
511 3913 663 4004 quaein
690 3912 826 3982 Christo
852 3919 932 3981 sunt
957 3911 1141 4004 passiones
1166 3919 1202 3980 et
1228 3911 1445 4004 posteriores
1472 3914 1618 4005 glorias;
1662 3907 1824 4008 ¹³quibos
1847 3927 1894 3976 re·

421 4033 574 4102 velatum
601 4041 656 4102 est
682 4030 858 4123 quianon
886 4029 951 4100 sibi
977 4030 1072 4125 ipsis,
1099 4029 1201 4101 vobis
1228 4039 1353 4116 autem,
1381 4033 1622 4106 ministrabant
1648 4055 1691 4106 ea
1714 4053 1802 4128 quae
1819 4045 1894 4100 nunc

422 4151 623 4223 adnuntiata
649 4161 729 4222 sunt
753 4149 856 4221 vobis
882 4171 946 4244 per
971 4169 1036 4221 eos
1064 4150 1122 4243 qui
1147 4150 1474 4242 evangelizaverunt
1499 4155 1601 4225 vobis
1636 4155 1758 4248 spiritu
1791 4157 1895 4222 sancto

420 4273 528 4343 misso
556 4269 603 4340 de
631 4271 740 4355 caelo,
767 4269 801 4340 in
828 4291 932 4361 quem
960 4269 1161 4342 desiderant
1179 4269 1292 4362 angeli
1309 4273 1523 4365 prospicere.
1563 4265 1590 4312 ¹³
1604 4263 1640 4320 Ψ)
1653 4273 1799 4366 Propter
1814 4259 1895 4360 quod

421 4389 584 4464 succincti
610 4391 749 4462 lumbos
775 4389 901 4460 mentis
932 4399 1090 4474 vestrae,
1125 4389 1249 4476 sobrii,
1282 4389 1439 4484 periente
1472 4401 1612 4486 sperate
1644 4393 1678 4462 in
1710 4413 1788 4464 eam
1819 4401 1895 4479 qnae

422 4512 566 4584 oll'ertur
598 4510 699 4583 vobis
734 4509 881 4603 gratiam
916 4509 950 4580 in
984 4509 1197 4581 revelatione
1232 4509 1309 4581 lesu
1336 4511 1469 4583 Christi.
1521 4501 1549 4550 ’ὅ
1566 4512 1675 4597 Quasi
1709 4511 1765 4582 lilii
1797 4507 1895 4580 oboe-

421 4631 589 4715 dientiae,
625 4652 695 4701 non
729 4629 932 4722 configurati
958 4629 1133 4724 prioribus
1158 4628 1372 4721 ignorantiae
1397 4641 1537 4704 vestrae
1563 4629 1763 4715 desideriis,
1803 4619 1827 4662 ¹⁵
1842 4617 1895 4692 sed

422 4750 613 4822 secundum
641 4771 722 4823 enm
748 4751 806 4843 qui
831 4748 971 4822 vocavit
996 4771 1062 4820 vos
1089 4759 1243 4820 sanctum
1272 4760 1308 4820 et
1333 4749 1399 4844 ipsi
1425 4751 1533 4822 sancti
1565 4751 1600 4820 in
1633 4751 1726 4821 omni
1761 4761 1894 4818 conver-

421 4871 555 4944 satione
588 4869 678 4956 sitis,
729 4861 756 4906 ⁴⁶
772 4870 936 4964 quoniam
970 4870 1135 4963 scriptum
1164 4879 1219 4940 est
1245 4869 1360 4941 Sancti
1387 4880 1518 4954 estote,
1553 4871 1633 4963 quia
1666 4879 1701 4940 et
1732 4887 1798 4960 ego
1825 4880 1894 4933 san·

421 5001 496 5062 ctus
515 5011 600 5061 sum.
641 4982 667 5025 ⁴⁷
680 4991 721 5061 Et
745 4991 772 5060 si
801 5001 935 5084 patrem
963 4989 1130 5061 invocatis
1158 5010 1237 5061 eum
1266 4989 1425 5082 quisine
1453 4991 1656 5083 acceptione
1683 4997 1893 5081 personarum

420 5110 548 5183 iudicat
575 5109 764 5182 secundum
793 5108 1061 5202 uniuscuiusque
1089 5131 1186 5203 opus,
1214 5109 1248 5180 in
1275 5110 1398 5181 timore
1425 5112 1594 5182 incolatus
1621 5108 1727 5180 vestri
1753 5115 1895 5196 tempore

1043 5229 1065 5312 l,
1097 5231 1110 5297 l
1144 5268 1195 5280 -
1226 5223 1281 5301 tt.
