4102 6128
306 443 310 446 .
350 377 397 446 20
738 379 977 442 ssvANGELlUM
1005 377 1205 442 SECUNDUM
1231 377 1435 444 damnauit

350 591 457 654 totam
485 581 685 666 collacum,
720 583 851 654 docens
884 582 919 654 in
949 582 1139 675 synagogis
1166 605 1287 656 eorum
1314 591 1349 654 et
1374 581 1582 675 praedicans
1608 583 1823 674 evangelium

311 723 313 728 ·
351 702 448 794 regni
480 711 516 772 et
550 724 676 774 sanans
707 723 845 775 omnem
879 703 1080 793 languorem
1115 713 1150 774 et
1186 724 1323 776 omnem
1355 701 1585 776 infirmitatem
1618 703 1652 774 in
1684 703 1823 796 populo.

350 812 435 896 2*Et
461 821 545 894 abiit
577 822 692 915 opinio
728 822 801 893 cius
834 823 867 894 in
901 831 1008 894 toturn
1042 822 1193 914 Syriam,
1230 833 1264 892 et
1295 823 1490 896 obtulerunt
1522 823 1554 893 ei
1587 845 1709 896 omnes
1735 824 1824 896 male

353 943 531 1027 habentes,
559 943 662 1012 variis
688 941 909 1032 languoribus
936 951 972 1014 et
997 943 1175 1014 tormentis
1202 943 1493 1037 comprehensos,
1527 954 1561 1016 et
1591 944 1650 1036 qui
1677 943 1824 1016 daemo-

356 1064 411 1136 nia
439 1063 624 1145 habebant,
652 1071 687 1168 et
713 1061 881 1134 lunaticos
908 1071 943 1132 et
969 1063 1187 1156 paralyticos,
1217 1074 1252 1136 et
1282 1065 1413 1136 curavit
1445 1086 1533 1165 eos.v
1570 1057 1651 1136 ²5Et
1684 1076 1825 1136 secutae

355 1193 431 1254 sunl.
457 1205 535 1253 eum
563 1183 685 1253 turbae
712 1183 839 1256 multae
874 1181 920 1254 de
954 1183 1105 1258 Galilaea
1140 1193 1174 1255 et
1207 1185 1407 1278 Decapolim
1443 1195 1478 1254 et
1511 1184 1759 1278 Hierosolymis
1792 1195 1827 1254 et

355 1305 400 1373 de
426 1302 553 1373 Iudaea
581 1312 614 1370 ot
641 1302 685 1371 de
713 1311 807 1372 trans
833 1301 1012 1373 Iordanen.

1072 1580 1108 1649 t.

432 1771 681 1856 1ιῇ’“’·)ιιίι1ειιε
700 1793 814 1856 autem
842 1755 961 1854 turbas
987 1783 1143 1858 ascendit
1168 1786 1202 1856 in
1227 1796 1396 1872 moutem;
1424 1796 1458 1858 et
1484 1809 1562 1860 curn
1580 1785 1737 1870 sedisset,
1765 1806 1824 1855 ao-

304 1952 309 1962 1
356 1915 535 1978 cesserunt
565 1904 612 1976 ad
644 1925 723 1976 curn
756 1902 912 1998 discipuli
944 1903 1027 1976 eius.
1079 1895 1184 1952 'lm'
1200 1905 1257 1978 Ει-
1276 1907 1436 1998 aperiens
1471 1930 1512 1980 os
1544 1929 1641 1980 suum
1677 1905 1826 1978 docebat

357 2049 421 2100 eos
447 2026 566 2096 dicens
609 2017 726 2096 ³Beati
752 2045 926 2117 pauperes
952 2025 1080 2118 spiritu,
1108 2024 1269 2116 quoniam
1296 2026 1448 2119 ipsorum
1476 2038 1530 2100 est
1547 2049 1691 2120 ragnum
1709 2025 1825 2098 caelo-

357 2170 442 2218 rum.
481 2136 596 2229 siml
611 2144 708 2218 Beati
726 2143 835 2230 mites,
863 2145 1025 2236 quoniam
1044 2144 1109 2238 ipsi
1127 2143 1353 2238 possidebunt
1370 2157 1507 2220 terram.
1546 2139 1753 2220 “stimant
1771 2146 1825 2238 qui

306 2315 309 2332 .
357 2270 490 2360 lugent,
526 2264 689 2357 quoniam
716 2263 780 2358 ipsi
813 2265 1091 2338 consolabuntur.
1143 2255 1244 2309 ΝΜ)
1262 2266 1359 2338 Beati
1386 2267 1443 2359 qui
1474 2267 1626 2340 esuriunt
1656 2277 1692 2340 et
1717 2266 1828 2340 sitiunt

224 2375 232 2384 ’
357 2388 526 2471 iustitiam,
554 2385 716 2477 quoniam
742 2384 807 2478 ipsi
833 2385 1082 2456 saturabuntur.
1135 2376 1360 2458 '‘²⁹2⁴0'Baati
1386 2386 1638 2471 misericordes,
1666 2387 1827 2480 quoniam

358 2508 423 2602 ipsi
462 2505 731 2578 misericordium
772 2514 1033 2598 consequentur.
1084 2498 1211 2578 8Beati
1245 2507 1374 2580 mundo
1409 2508 1533 2592 corde,
1570 2507 1731 2600 quoniam
1765 2507 1828 2602 ipsi

358 2629 462 2702 deum
489 2625 663 2698 videbunt.
705 2615 833 2698 9Βεειί
858 2625 1000 2718 pacifici,
1027 2626 1189 2719 quoniam
1207 2626 1271 2720 ipsi
1289 2627 1345 2702 filii
1363 2627 1420 2700 dei
1433 2628 1657 2702 vocabuntur.
1697 2619 1830 2702 ¹⁰Bcati

277 2825 287 2846 ‚
359 2749 417 2840 qui
443 2744 719 2841 persecutionem
753 2746 923 2839 patiuntur
949 2757 1092 2842 propter
1116 2747 1292 2830 iustitiam,
1327 2748 1488 2840 quoniam
1513 2749 1666 2841 ipsorum
1693 2759 1747 2822 cst
1772 2770 1829 2820 re-

358 2891 464 2960 gnum
491 2867 677 2940 caelorum.
730 2855 751 2899 ⁴⁴
768 2857 843 2910 Μ)
860 2865 957 2938 Beati
988 2867 1070 2940 estis
1097 2890 1174 2940 curn
1202 2867 1442 2942 maledixerint
1473 2869 1573 2942 vobis
1600 2879 1635 2940 et
1659 2870 1831 2963 persecuti

359 3010 426 3062 vos
451 2988 574 3060 luerint
600 2996 635 3056 et
660 2985 809 3058 dixerint
843 3005 946 3058 omno
981 2983 1108 3060 melum
1141 2989 1325 3062 adversum
1359 3010 1425 3060 vos
1459 2989 1662 3062 mentientes
1687 2999 1830 3083 propter

360 3130 434 3180 me:
479 3100 504 3144 ⁴²
521 3106 672 3200 gaudete
699 3117 734 3178 et
760 3107 920 3192 exultate,
947 3109 1109 3200 quomam
1136 3119 1413 3184 mercesveatm
1440 3110 1584 3203 copiosa
1610 3110 1722 3181 estin
1749 3131 1830 3182 one-
1937 3155 1939 3164 ι

361 3230 419 3314 lis;
445 3229 494 3302 sio
521 3228 610 3300 anim
638 3227 810 3320 persecuti
837 3239 915 3300 suot
940 3229 1129 3322 prophetas
1156 3229 1213 3322 qui
1238 3231 1372 3302 luemot
1398 3240 1477 3304 ante
1502 3252 1578 3302 vos.
1630 3220 1745 3274 ΨΜ)
1761 3231 1832 3302 llos

360 3349 444 3422 estis
469 3350 520 3422 sal
546 3359 675 3420 terrae:
704 3347 853 3440 quodsi
880 3350 928 3420 sal
956 3349 1143 3434 evanuerit,
1170 3349 1203 3422 in
1230 3371 1299 3442 quo
1318 3349 1494 3422 sallietur?
1522 3350 1569 3422 ad
1585 3349 1724 3422 nihilum
1741 3350 1833 3422 valet

358 3472 447 3544 ultra
472 3469 536 3542 nisi
562 3479 599 3540 ut
625 3469 775 3540 mittamr
792 3469 886 3542 laras
905 3479 939 3542 et
957 3470 1176 3542 conculcetur
1199 3471 1244 3544 ab
1269 3470 1471 3544 hominibus.
1524 3460 1639 3516 ΜΗ)
1653 3469 1724 3542 Vos
1750 3469 1832 3544 estis

359 3592 419 3666 lux
447 3575 572 3664 mundi.
615 3591 692 3661 Non
718 3599 833 3683 potest
859 3589 977 3662 civitas
1004 3589 1171 3664 abscondi
1197 3611 1302 3684 supra
1328 3600 1481 3664 montem
1507 3589 1637 3683 posita;
1675 3581 1703 3628 ¹⁵
1719 3611 1832 3683 neque

361 3711 555 3786 accendunt
580 3711 754 3782 lucernum
781 3719 818 3780 et
843 3719 973 3802 ponunt
999 3731 1079 3782 eam
1105 3711 1169 3782 suh
1196 3711 1325 3795 modio,
1353 3710 1419 3782 sed
1444 3731 1550 3804 super
1576 3709 1831 3794 candelabrum,

361 3842 399 3904 ut
423 3832 536 3902 lucent
563 3829 721 3902 omnibus
747 3828 805 3920 qni
830 3828 864 3898 in
889 3829 996 3902 domo
1022 3840 1109 3902 sunt.
1153 3821 1179 3868 ⁴⁶
1194 3831 1252 3902 Sic
1277 3832 1390 3904 luceat
1411 3831 1471 3902 lux
1495 3839 1613 3902 vestra
1630 3850 1749 3902 eoram
1767 3829 1833 3900 ho-

363 3951 517 4034 minibus,
546 3959 581 4022 ut
607 3949 749 4022 rideant
773 3957 890 4020 vestra
915 3949 1010 4022 bonu
1036 3971 1144 4042 opera
1171 3961 1207 4024 et
1232 3950 1424 4044 glorificent
1448 3959 1582 4044 patrem
1601 3959 1752 4022 vestrum
1778 3949 1834 4043 qui

362 4071 397 4144 in
423 4070 528 4142 caelis
554 4081 617 4141 est.
670 4059 923 4142 ⁴⁷‘³³²¹⁰·'Nolite
949 4079 1070 4163 putare
1097 4072 1258 4164 quoniam
1283 4071 1363 4144 veni
1389 4071 1526 4144 solvere
1543 4072 1656 4164 legem
1674 4079 1733 4140 aut
1750 4091 1834 4163 pro·

363 4190 503 4284 phetas:
530 4211 600 4264 nou
626 4189 704 4262 veni
731 4189 867 4262 solvere
893 4189 957 4262 sed
984 4190 1183 4285 adimplere.
1235 4181 1478 4264 18ωὸ·’5·)Αιιιειι
1511 4191 1638 4284 quippe
1663 4189 1742 4262 dico
1768 4213 1834 4262 vo-

362 4311 425 4396 bis,
454 4310 568 4384 donec
596 4319 748 4384 transeat
773 4310 905 4382 caelum
931 4322 967 4382 et
993 4321 1094 4396 terra,
1121 4312 1191 4384 iota
1217 4335 1320 4384 unum
1348 4322 1406 4386 aut
1423 4333 1510 4385 unua
1528 4331 1621 4404 apex
1637 4331 1706 4382 non
1731 4331 1834 4403 prae-

267 4525 270 4536 ·
364 4431 477 4504 teribit
509 4453 530 4504 a
563 4431 660 4524 lege,
696 4429 810 4502 donec
844 4432 958 4504 omnia
991 4430 1083 4504 fiunt.
1136 4423 1263 4476 'wilm’
1283 4432 1347 4516 Qui
1379 4453 1465 4523 ergo
1492 4431 1633 4504 solverit
1659 4453 1763 4502 unum
1790 4429 1835 4502 de

363 4551 533 4624 mandatis
561 4550 633 4624 istis
660 4549 805 4621 minimis
823 4561 858 4622 et
875 4551 1032 4624 docuerit
1049 4554 1098 4624 sic
1115 4553 1281 4636 homines,
1308 4551 1466 4626 minimus
1483 4551 1663 4624 vocabitur
1675 4551 1709 4622 in
1726 4571 1834 4644 regno

365 4673 554 4756 caelorum;
582 4669 640 4763 qui
666 4679 780 4742 autem
808 4672 929 4744 lecerit
952 4683 988 4746 et
1013 4672 1184 4758 docuerit,
1210 4672 1265 4746 hic
1291 4694 1436 4764 magnus
1462 4672 1643 4746 vocabitur
1668 4671 1702 4742 in
1728 4693 1835 4764 regno

363 4793 548 4866 caelorum.
601 4783 628 4830 ²⁰
643 4790 727 4864 Dico
763 4792 853 4866 euim
880 4793 981 4866 voltis
1014 4793 1093 4885 quia
1125 4793 1189 4863 nisi
1215 4793 1442 4866 abundaverit
1467 4792 1591 4864 iustitia
1618 4802 1734 4864 vestra
1760 4792 1836 4885 plus

365 4933 468 5002 quam
503 4913 692 4986 scribarum
729 4921 764 4982 et
797 4911 1079 4999 Pharisaeorum,
1111 4934 1180 4986 non
1214 4912 1379 4986 intrabitis
1412 4913 1446 4986 in
1475 4934 1619 5005 regnum
1652 4913 1835 4985 caelorum.

268 5081 273 5098 .
338 5021 388 5068 *²⁴
402 5030 555 5104 nudatis
586 5031 665 5124 quia
701 5031 828 5104 dictum
863 5045 918 5106 est
951 5033 1097 5126 antiquis
1131 5033 1207 5106 Non
1243 5033 1397 5106 occides:
1430 5033 1487 5126 qui
1521 5044 1636 5106 autem
1663 5031 1836 5114 occiderit

363 5171 445 5222 reus
472 5151 535 5224 erit
561 5152 693 5226 iudicio.
746 5145 772 5189 ²²
785 5155 860 5244 Ego
888 5164 1001 5226 autem
1029 5153 1107 5226 dico
1134 5153 1233 5226 vobis
1261 5155 1338 5246 quia
1362 5154 1472 5226 omnis
1499 5155 1556 5245 qui
1573 5153 1729 5226 irascitur
1746 5151 1837 5224 fratri

899 5277 947 5360 lV,
978 5273 1023 5348 at
1078 5313 1128 5324 —
1180 5276 1217 5356 ll,
1246 5277 1304 5348 Ἠ.
