4254 6130
700 204 806 266 LIBER
832 203 983 268 acutam
1010 201 1295 267 APOSTOLOHUH
1671 206 1737 278 201

264 311 567 322 —..—-—-—

903 413 1059 513 .1X·”

338 649 489 724 'Saulus
517 661 628 723 autem
656 647 770 721 adhuc
797 649 956 741 aspirans
983 648 1159 718 minarum
1197 659 1231 717 et
1258 649 1379 721 caedis
1409 650 1442 720 in
1469 654 1657 752 discipulos
1684 663 1751 736 do-

263 775 344 848 mini
370 773 515 846 accessit
539 771 584 844 ad
611 768 796 864 principem
831 768 1063 838 sacerdotum
1106 759 1174 837 ἐι
1206 771 1306 860 petiit
1339 769 1384 839 ab
1417 793 1461 844 eo
1492 779 1656 871 epistulas
1682 776 1756 858 ‘ad

264 899 471 968 Damascum
498 891 544 964 ad
569 911 775 984 synagogas,
804 899 839 958 ut
865 887 896 957 si
927 909 1019 980 quos
1050 886 1238 956 invenisset
1255 889 1363 960 huius
1387 893 1474 980 viae,
1500 899 1595 972 viros
1621 925 1662 977 ao
1678 931 1757 980 mu-

208 1038 212 1052 ·
265 1019 374 1102 lieres,
401 1015 533 1086 uinctos
559 1010 766 1106 perduceret
791 1007 824 1078 in
850 1007 1089 1079 Hierusalem.
1141 998 1213 1074 ³Et
1238 1028 1326 1078 oum
1353 1011 1587 1110 mariaeerat,
1621 1032 1762 1126 contigit
1866 991 1876 1018 ’

266 1147 302 1209 ιιι
335 1133 624 1229 adpropinquaret
653 1132 840 1212 Damasco,
873 1135 915 1198 et
950 1130 1068 1202 subito
1107 1127 1338 1200 eircumlblsit
1369 1155 1447 1207 eum
1481 1140 1540 1214 lux
1573 1145 1618 1218 de
1653 1155 1762 1242 caelo,

264 1247 331 1327 ἐι
356 1255 485 1326 cadens
511 1255 545 1322 in
570 1261 697 1322 terram
724 1249 851 1322 audivit
874 1270 1007 1326 vocem
1037 1249 1211 1322 dicentem
1239 1247 1315 1320 sibi
1341 1255 1441 1326 Saule
1460 1260 1569 1350 Saule,
1598 1271 1678 1361 qnid
1706 1299 1763 1348 me

266 1366 533 1472 persequeris‘l’
583 1364 680 1456 tQui
706 1368 791 1443 dixit
817 1369 903 1456 Quis
932 1393 981 1458 es,
1010 1371 1178 1444 domine?
1204 1368 1247 1440 Ει
1274 1371 1337 1442 ille
1354 1375 1430 1466 llgo
1449 1399 1524 1451 sum
1542 1385 1638 1460 lasus
1657 1415 1761 1485 quem

266 1505 302 1569 tu
328 1494 558 1592 persequeris.
610 1483 708 1562 ⁶Sed
735 1511 837 1584 surge
864 1500 900 1562 ει
927 1493 1114 1585 ingredere
1141 1491 1338 1576 civitatem,
1366 1503 1402 1566 ει
1428 1497 1562 1572 dicetur
1588 1505 1656 1578 tibi'
1675 1503 1758 1604 quid

267 1629 301 1690 te
334 1625 471 1711 oportet
502 1615 626 1684 lacere.
683 1603 778 1680 qViri
814 1621 930 1683 autem
964 1613 1008 1684 illi
1043 1615 1101 1706 qui
1136 1611 1392 1684 comitabantur
1412 1639 1502 1715 ¹curn
1538 1643 1583 1695 eo
1618 1631 1757 1704 stabant

268 1737 455 1832 stupelacti‚
483 1735 662 1807 audientes
689 1730 827 1824 quidem
853 1753 989 1818 vocem,
1016 1733 1190 1804 neminem
1218 1741 1336 1804 autem
1363 1736 1530 1810 videntes.
1570 1737 1753 1822 ⁰Surrexit

269 1867 382 1930 autem
410 1855 530 1926 Saulus
557 1853 603 1925 de
629 1863 730 1937 terra,
758 1851 956 1945 apertisque
983 1853 1091 1923 oculis
1117 1853 1198 1922 nihil
1224 1852 1384 1925 videbat:
1411 1858 1457 1930 ad
1485 1883 1608 1934 manus
1635 1877 1750 1942 autem

268 1979 359 2048 illum
392 1975 565 2047 trabentes
597 1972 860 2044 introduxerunt
891 1973 1111 2045 Damascum.
1164 1964 1237 2044 Ἐι
1270 1985 1346 2046 erat
1380 1979 1488 2051 tribus
1521 1981 1645 2055 diebus
1678 2009 1749 2061 non

267 2098 399 2178 videns,
427 2105 462 2167 ει
486 2115 556 2165 non
583 2092 802 2165 manducavit
828 2112 942 2185 neque
968 2093 1062 2163 bibit
1114 2085 1141 2130 ⁴⁰
1153 2095 1235 2165 Erat
1261 2105 1375 2168 autem
1401 2100 1541 2192 quidam
1559 2103 1747 2199 discipulus

267 2217 428 2291 Damasci
461 2214 600 2286 nomine
633 2212 822 2297 Annanias,
857 2221 892 2282 ει
925 2212 1012 2284 dixit
1043 2213 1089 2284 ad
1114 2214 1206 2284 illum
1233 2215 1267 2284 in
1293 2217 1369 2288 visu
1395 2220 1554 2293 dominus
1580 2223 1744 2300 annania.

268 2339 312 2410 At
337 2338 392 2408 ille
418 2336 465 2409 ait
490 2337 580 2406 Ecce
608 2355 684 2426 ego,
712 2332 860 2404 domine.
913 2325 937 2370 ”
957 2335 999 2404 Et
1024 2332 1198 2405 dominus
1217 2335 1262 2406 ad
1296 2337 1386 2408 illum
1414 2341 1566 2434 Surgens
1592 2345 1684 2416 vade
1710 2348 1744 2418 in

268 2460 381 2530 vicum
414 2457 470 2550 qui
504 2462 648 2526 vocatur
682 2463 810 2538 rectus,
852 2463 886 2523 et
921 2475 1051 2546 quaere
1089 2455 1123 2524 in
1154 2455 1261 2528 domo
1293 2457 1398 2529 ludae
1434 2461 1571 2532 Saulum
1605 2457 1743 2536 nomine
1808 2489 1831 2500 ⁴¹

269 2581 515 2651 Tharsensem:
550 2595 633 2647 eece
666 2575 756 2644 enim
788 2583 881 2658 orat,
931 2565 958 2612 ¹¹
971 2583 1006 2644 ει
1036 2573 1121 2644 vidit
1151 2577 1262 2647 virum
1296 2577 1485 2652 Annaniam
1519 2580 1657 2652 nomine
1689 2583 1742 2652 in-

264 2709 462 2772 troeuntem
495 2707 530 2768 et
567 2697 786 2789 inponentem
819 2694 884 2764 sibi
922 2715 1044 2766 manus
1077 2704 1115 2765 ut
1155 2697 1266 2767 visum
1304 2699 1455 2793 recipiat.
1512 2692 1538 2738 ⁴³
1554 2701 1742 2794 Respondit

271 2831 385 2892 autem
411 2817 584 2890 Annanias
609 2815 764 2899 Domine,
792 2814 906 2886 audivi
934 2837 953 2886 a
982 2815 1093 2886 multis
1120 2815 1165 2886 de
1191 2817 1267 2889 viro
1294 2819 1370 2904 boo,
1398 2828 1523 2912 quanta
1542 2821 1632 2892 mala
1659 2843 1740 2891 san-

273 2941 335 3010 ctis
360 2940 427 3010 tuis
453 2937 572 3010 lecerit
597 2935 630 3004 in
655 2935 884 3022 Hierusalem,
929 2927 956 2972 ”
972 2945 1007 3006 ει
1032 2935 1087 3006 hic
1112 2934 1220 3008 babet
1245 2947 1451 3030 potestatem
1485 2959 1505 3009 a
1531 2940 1740 3034 principibus

273 3059 490 3132 sacerdotum
524 3055 683 3147 alligandi
717 3077 839 3128 omnes
873 3057 930 3149 qui
965 3057 1126 3127 invocant
1150 3076 1277 3128 nomen
1310 3069 1413 3128 tuum.
1466 3049 1493 3094 ”
1509 3059 1602 3130 Dixit
1626 3069 1740 3130 autem

274 3180 424 3252 adeum
451 3175 611 3248 dominus
643 3174 756 3260 Vade,
791 3177 952 3269 quoniam
984 3197 1047 3248 vas
1074 3175 1250 3247 electionis
1277 3187 1332 3248 εει
1356 3177 1437 3248 mibi
1463 3177 1537 3262 iste,
1565 3189 1601 3249 ut
1627 3187 1740 3272 portet

273 3320 400 3370 nomen
425 3318 541 3368 meum
567 3301 684 3366 coram
711 3297 869 3389 gentibus
895 3307 930 3368 et
956 3295 1097 3388 regibus
1124 3305 1159 3365 et
1201 3294 1278 3368 liliis
1311 3297 1455 3369 lsrabel:
1505 3289 1612 3391 ⁴⁰ego
1648 3299 1738 3369 enim

274 3417 454 3491 ostendam
487 3415 532 3485 illi
566 3425 691 3509 quanta
722 3426 879 3510 oporteat
913 3437 992 3488 eum
1025 3436 1089 3509 pro
1121 3417 1260 3488 nomine
1293 3439 1373 3488 meo
1406 3417 1484 3512 pati.
1545 3410 1569 3456 ”
1585 3419 1627 3489 Ει
1659 3417 1741 3489 abiit

273 3539 446 3610 Annanias
473 3545 508 3608 et
532 3536 681 3608 introivit
705 3537 738 3607 in
765 3537 916 3623 domum,
943 3545 978 3608 et
1003 3537 1171 3630 inponens
1198 3538 1229 3607 ei
1256 3559 1377 3610 manus
1403 3537 1490 3610 dixit
1506 3539 1609 3610 Saule
1627 3540 1737 3624 trater,

273 3646 433 3732 dominus
467 3658 563 3728 lesus
597 3657 686 3728 misit
716 3679 787 3744 me,
821 3659 877 3752 qui
911 3657 1068 3752 apparuit
1093 3657 1153 3728 tibi
1183 3659 1216 3728 in
1241 3659 1297 3730 via
1323 3679 1391 3750 qua
1416 3655 1597 3744 veniebas,
1624 3670 1661 3730 ut
1684 3659 1738 3731 vi-

273 3781 359 3853 deas
392 3787 427 3850 et
458 3778 632 3871 implearis
664 3777 780 3872 spiritu
814 3787 944 3850 sancto.
998 3767 1024 3814 ⁴⁸
1041 3778 1083 3847 Et
1115 3779 1293 3849 confestim
1327 3775 1524 3848 ceciderunt
1554 3779 1599 3850 ab
1632 3781 1738 3852 oculis

274 3902 348 3972 eius
383 3908 558 3990 tamquam
592 3919 774 3990 squamae,
813 3909 848 3970 et
878 3898 989 3969 visum
1022 3898 1169 3991 recepit,
1205 3908 1240 3968 ει
1273 3919 1418 3992 surgens
1449 3897 1641 3990 baptizatus
1675 3909 1736 3983 est,

273 4011 299 4056 ”’
315 4029 350 4090 ει
375 4041 452 4089 cum
480 4017 674 4111 accepisset
698 4019 827 4104 cibum,
861 4019 1069 4089 confortatus
1102 4029 1164 4089 εει.
1215 4019 1290 4088 Fuit
1322 4027 1435 4088 autem
1462 4037 1540 4088 cum
1566 4018 1739 4112 discipulis

275 4140 332 4232 qui
359 4149 455 4209 erant
480 4137 639 4210 Damasci
664 4161 727 4232 per
752 4138 827 4210 dies
858 4140 1000 4233 aliquos.
1051 4131 1078 4177 '⁰
1093 4139 1135 4210 llt
1169 4139 1328 4210 corrtinuo
1360 4137 1394 4206 in
1420 4139 1609 4231 synagogis
1634 4161 1738 4233 prae-

275 4258 413 4330 dicabat
450 4260 564 4329 lesum
597 4259 757 4351 quoniam
790 4259 845 4330 hie
878 4269 932 4331 est
965 4259 1052 4330 lilius
1090 4259 1157 4332 dei.
1208 4251 1230 4296 ²¹
1247 4257 1438 4351 Stupebant
1470 4267 1584 4330 autem
1619 4281 1739 4330 omnes

274 4380 332 4472 qui
359 4377 554 4464 audiebant,
582 4387 618 4450 ει
643 4377 804 4451 dicebant
828 4381 951 4452 Nonne
978 4380 1032 4452 bic
1059 4380 1194 4474 estqui
1221 4378 1445 4471 expugnabat
1469 4378 1503 4448 in
1528 4379 1738 4450 Hierusalem

274 4521 337 4570 eos
364 4500 422 4593 qui
447 4501 609 4572 invocant
634 4520 759 4570 nornen
785 4501 900 4574 istud‘?
928 4511 963 4572 et
988 4501 1055 4571 buc
1080 4500 1125 4572 ad
1151 4501 1219 4571 hoc
1243 4497 1337 4568 venit
1362 4507 1398 4568 ut
1422 4497 1556 4570 vindos
1581 4497 1656 4568 illos
1674 4497 1739 4568 du-

274 4631 369 4691 ceret
403 4619 448 4692 ad
481 4620 651 4714 principes
685 4618 930 4692 sacerdotum?
982 4611 1008 4658 Ἠ
1021 4621 1141 4691 Saulus
1168 4627 1281 4690 autem
1307 4619 1413 4688 multo
1440 4618 1550 4710 magis
1577 4621 1739 4690 convale-

274 4741 396 4813 scebat
422 4750 457 4812 ει
483 4737 711 4810 contundebat
743 4739 888 4811 ludaeos
923 4741 980 4834 qui
1014 4739 1212 4810 babitabant
1236 4738 1411 4822 Damasci,
1439 4737 1624 4809 adtirmans
1651 4762 1739 4832 quo-

273 4861 365 4932 niam
390 4860 446 4930 bic
472 4868 526 4930 est
551 4858 710 4930 Christus.
761 4851 788 4896 '³
801 4859 884 4930 Cum
917 4861 1139 4953 implerentur
1172 4867 1288 4940 autern
1321 4855 1397 4935 dies
1429 4857 1532 4942 mrdti‚
1565 4859 1740 4930 consilinm

274 4983 426 5052 lecerunt
456 4979 572 5051 ludaei
609 4987 644 5050 ut
678 5001 757 5050 eum
790 4979 1033 5052 interficerent:
1082 4967 1108 5016 ”
1121 4989 1224 5053 notae
1256 5003 1379 5084 angam
1407 4980 1515 5050 laetae
1541 4989 1617 5048 sunt
1642 4979 1743 5048 Saulo

195 5091 200 5104 ³
878 5101 929 5186 lX,
960 5105 973 5172 l
1010 5139 1059 5153 -
1087 5099 1144 5173 Sl.

1428 5221 1472 5289 ‘lb
