4220 6124
731 1203 881 1274 INCIPIT
907 1203 1206 1287 ARGUMENTUM
1232 1205 1292 1276 ΑΙ)
1321 1205 1528 1278 GALATAS.

355 1523 362 1531 -
498 1445 644 1552 Galatae
671 1490 748 1551 sunt
766 1479 898 1552 Graeci.
950 1479 990 1550 lli
1016 1482 1162 1552 verbum
1189 1483 1341 1554 veritatis
1368 1479 1480 1576 'prius
1507 1481 1551 1552 ab
1579 1481 1739 1574 apostolo
1767 1501 1868 1552 aoce-

393 1604 531 1700 pcrunt,
568 1599 631 1672 sed
650 1611 739 1694 post
765 1601 958 1672 discessum
985 1599 1058 1672 eius
1084 1603 1240 1696 temptati
1272 1613 1349 1674 sunt
1376 1625 1397 1674 a
1422 1603 1513 1675 salsis
1549 1601 1732 1696 apostolis,
1768 1613 1804 1672 ut
1837 1603 1869 1672 in

300 1709 304 1719 ’
393 1726 506 1817 legem
539 1731 574 1792 et
607 1721 900 1793 circumcisionem
927 1729 1150 1793 verterentur.
1203 1725 1276 1795 llos
1309 1726 1486 1818 apostolus
1519 1732 1660 1794 revocat
1694 1719 1739 1792 ad
1766 1719 1867 1792 fidem

364 1880 366 1888 ·
391 1843 561 1926 veritatis,
590 1842 745 1912 scribens
773 1843 823 1912 eis
850 1841 894 1912 ab
921 1841 1070 1934 Epheso.

885 1977 1071 2041 ‘EXPLICIT
1093 1977 1364 2042 ARGUMENTUII.

923 2235 1131 2306 incorum
1160 2237 1333 2332 anavus.

492 2429 513 2496 l.
540 2427 592 2494 De
619 2423 871 2494 resurreetione
900 2423 1039 2494 domini.

479 2547 515 2616 Il.
541 2546 593 2614 De
620 2543 780 2636 apostolo
807 2549 831 2613 a'
854 2544 1112 2616 circumcisione
1140 2545 1278 2615 Galatas
1305 2543 1498 2614 refrenante
1525 2555 1559 2614 et
1594 2565 1702 2614 novas
1738 2543 1866 2615 doctri-

543 2685 605 2734 nas
633 2661 949 2734 anathematizante.

339 2771 341 2776 ’
466 2787 514 2856 ΠΙ.
540 2786 593 2854 De
621 2783 779 2876 apostolo
805 2781 1001 2854 homiuibus
1028 2781 1238 2876 dispIIcente.
1333 2853 1336 2859 .

426 2907 513 2978 IIII.
539 2905 591 2974 Ile
617 2902 779 2996 apostolo
814 2903 1030 2995 evangelium
1060 2925 1130 2974 nou
1162 2903 1205 2974 ab
1238 2903 1432 2974 hominibus
1465 2883 1529 2975 sed
1556 2925 1577 2974 a
1603 2903 1673 2976 deo
1706 2904 1866 2976 divinitus

542 3031 739 3094 consecuto.

479 3146 514 3216 V.
540 3145 593 3216 Dc
620 3135 780 3236 apostolo
807 3141 912 3212 vitam
939 3165 1036 3214 suam
1063 3143 1213 3237 priorem
1248 3143 1282 3214 iu
1315 3144 1485 3216 iudaismo
1519 3153 1553 3215 et
1585 3153 1709 3239 postea
1743 3165 1864 3235 segre-

539 3263 712 3354 gationem
739 3260 784 3332 ad
811 3265 1042 3354 apostolatum
1070 3273 1105 3333 et
1131 3262 1297 3358 deinceps
1323 3263 1387 3337 iter
1420 3286 1523 3336 omne
1557 3266 1614 3336 vel
1649 3285 1785 3334 cursum
1819 3263 1863 3337 ad

540 3381 677 3454 Galatas
703 3392 946 3476 prosequente.

458 3503 509 3574 Vl.
535 3504 587 3572 De
614 3503 706 3573 salsis
732 3501 907 3572 fratribus:
942 3513 977 3572 et
1003 3503 1048 3575 de
1075 3503 1177 3574 Petro
1204 3504 1238 3573 in
1264 3505 1538 3591 circumcisione,
1574 3505 1679 3576 Paulo
1712 3527 1796 3575 uero
1830 3505 1864 3573 in

539 3623 698 3714 gentihus
729 3621 902 3692 ordinatis.

444 3744 508 3815 VII.
535 3745 587 3813 De
614 3743 716 3813 Petro
743 3741 923 3813 Antiochia
950 3765 1028 3813 cum
1055 3745 1216 3836 gentihus
1242 3745 1463 3829 convivante,
1499 3754 1533 3813 et
1567 3741 1613 3814 de
1639 3743 1744 3815 Paulo
1778 3737 1863 3814 'hoo

537 3862 570 3933 in
598 3873 788 3956 conspectu
815 3864 966 3934 omnium
992 3863 1279 3956 reprehendente.

433 3981 509 4051 VIII.
536 3983 588 4052 De
615 3985 774 4076 apostolo
801 3985 915 4076 Iegem
942 3983 1069 4054 veteris
1101 3977 1296 4056 testamenti
1330 4005 1393 4078 per
1425 4005 1562 4055 crucem
1597 3995 1632 4054 et
1664 3985 1861 4077 passionem

537 4101 668 4172 domiui
695 4101 960 4176 'destruentem

450 4222 504 4292 IX.
531 4223 583 4291 De
611 4226 771 4316 apostolo
791 4223 986 4295 Galatarum
1014 4223 1184 4294 stultitiam
1211 4223 1424 4307 inclamante,
1453 4223 1548 4316 quod
1575 4245 1652 4293 cum
1681 4245 1727 4293 ex
1746 4221 1861 4294 auditu

535 4341 617 4412 fidei
650 4344 804 4437 spiritum
839 4344 1072 4436 accepissent,
1108 4343 1176 4434 legi
1211 4365 1250 4413 se
1285 4352 1320 4412 et
1353 4343 1601 4416 circumcIsIoni
1636 4341 1859 4437 postmodum

537 4462 786 4555 subiugassent.
1691 4529 1695 4534 .

466 4583 507 4652 X.
533 4583 585 4652 De
613 4585 772 4656 omnibus
800 4585 856 4676 qui
884 4605 930 4654 ex
959 4583 1122 4677 operibus
1148 4583 1235 4674 legis
1262 4592 1354 4667 sunt,
1388 4583 1482 4675 quod
1509 4583 1653 4654 subiecti
1681 4593 1758 4654 sunt
1785 4603 1859 4653 ma-

536 4703 671 4774 ledicto.

451 4823 506 4893 XI.
532 4825 585 4893 De
613 4824 665 4894 his
691 4825 749 4917 qui
775 4825 809 4894 in
835 4827 913 4918 lege
942 4833 1034 4908 sunt,
1063 4821 1158 4915 quod
1184 4844 1253 4893 non
1280 4822 1502 4894 iustificantur
1530 4823 1575 4893 ad
1602 4823 1715 4893 deum.

437 4943 504 5013 ΧΠ.
531 4945 583 5014 De
611 4945 751 5017 domino
777 4947 969 5018 redimente
996 4937 1081 5015 ’uos
1113 4966 1159 5014 ex
1192 4943 1376 5016 maledicto
1410 4945 1512 5036 legis,
1549 4965 1627 5012 curn
1662 4965 1726 5037 pro
1758 4943 1858 5013 nohis

532 5063 608 5158 ipse
634 5066 744 5137 Iactus
771 5067 814 5136 sit
840 5065 1068 5138 maledictum.

423 5183 500 5253 XIII.
527 5185 580 5254 De
622 5187 879 5280 comparatione
921 5185 1134 5256 testamentis
1172 5185 1319 5255 hominis
1353 5184 1398 5255 ad
1433 5182 1699 5277 promissionem
1735 5181 1792 5252 dei
1825 5182 1858 5251 in

532 5305 663 5374 semiue
689 5303 868 5392 Abrahae,
896 5305 990 5398 quod
1019 5315 1073 5374 est
1099 5305 1260 5380 dominus
1287 5303 1448 5375 ChriStus.
