4254 6130
375 347 444 418 l58
763 345 1002 412 EVANGELIUM
1029 345 1229 410 SECUNDUM
1254 347 1450 412 lounnnuu

370 562 521 626 montem
549 553 624 647 ipse
649 551 753 622 solus.
804 543 831 587 ⁴⁶
848 550 889 623 Ut
915 559 1029 624 autem
1057 573 1136 626 sero
1164 553 1383 634 factumest,
1411 549 1665 624 descenderunt
1690 550 1845 645 discipuli

371 672 517 746 eiusad
550 691 662 754 mare,
712 663 738 706 ’Ἴ
752 679 786 740 et
819 693 896 744 cum
929 672 1165 746 ascendissent
1198 692 1337 756 navem,
1369 679 1538 743 venerunt
1568 679 1662 742 trans
1688 693 1785 743 mare
1812 673 1845 743 in

371 794 617 890 Caphamaum.
660 791 703 862 Et
727 787 893 860 tenebrae
920 788 987 859 iam
1014 795 1123 865 iactae
1150 802 1262 894 erant,
1296 799 1331 864 ct
1357 811 1427 862 non
1457 799 1601 862 venerat
1627 789 1672 862 ad
1699 813 1762 864 eos
1788 794 1843 863 le-

371 935 445 1000 sus,
489 905 515 952 ¹⁸
531 932 628 983 mare
655 919 769 981 autem
795 915 899 980 vento
927 929 1052 1003 magno
1079 911 1181 984 llante
1208 909 1429 1006 exsurgebat.
1467 902 1494 948 ⁴⁹
1507 909 1589 982 Cum
1617 911 1844 1004 remigassent

370 1055 456 1126 ergo
484 1031 580 1126 quasi
607 1029 718 1102 stadia
744 1029 860 1122 viginti
888 1027 1037 1124 quinque
1063 1041 1121 1103 aut
1146 1031 1296 1124 triginta,
1323 1031 1441 1104 vident
1466 1030 1577 1101 lesum
1613 1031 1841 1104 ambulantem

372 1175 475 1247 super
502 1173 597 1223 mare
623 1159 659 1221 et
684 1149 879 1246 proximum
905 1150 984 1221 navi
1011 1149 1093 1238 fieri,
1122 1161 1157 1224 et
1182 1152 1373 1222 timuerunt.
1416 1141 1443 1188 ¹⁰
1459 1149 1517 1220 llle
1544 1159 1657 1220 autem
1685 1150 1767 1222 dicit
1792 1151 1843 1222 cis

369 1275 443 1366 Ego
471 1296 562 1358 sum,
596 1270 699 1342 nolite
731 1269 862 1340 timere.
913 1261 936 1306 ²⁴
956 1271 1142 1343 Voluerunt
1172 1291 1256 1364 ergo
1283 1270 1440 1364 accipere
1473 1291 1552 1341 eum
1579 1270 1613 1340 in
1638 1293 1780 1355 navem,
1808 1281 1843 1342 et

370 1385 482 1464 statim
514 1391 573 1462 luit
605 1391 702 1462 navis
735 1389 779 1461 ad
812 1399 938 1461 terram
971 1413 1074 1484 quam
1110 1391 1189 1462 ibat.
1241 1381 1374 1439 ”Ml
1391 1390 1507 1460 Altera
1537 1388 1594 1463 die
1626 1391 1841 1484 turba-quae

370 1513 482 1584 stabat
508 1521 600 1584 trans
626 1531 722 1582 mare
749 1509 831 1582 vidit
857 1511 937 1603 quia
962 1511 1117 1582 navicula
1143 1511 1207 1582 alia
1232 1532 1303 1583 non
1328 1519 1402 1581 erat
1428 1509 1473 1581 ibi
1498 1509 1562 1580 nisi
1588 1531 1672 1594 una,
1700 1517 1736 1582 et
1761 1510 1841 1603 quia
1923 1534 1926 1542 ’

369 1653 439 1703 non
465 1631 639 1703 introisset
666 1652 742 1701 cum
769 1629 942 1724 discipulis
969 1631 1041 1702 suis
1066 1631 1160 1702 lesus
1187 1629 1221 1701 in
1245 1651 1371 1702 navem
1398 1629 1461 1702 sed
1496 1630 1559 1702 soli
1587 1628 1742 1722 discipuli
1767 1629 1840 1701 eius

370 1752 539 1837 abissent,
582 1743 610 1788 ²³
627 1751 714 1822 aliae
740 1771 825 1822 vero
852 1759 1125 1844 supervenerunt
1149 1771 1259 1824 naves
1286 1771 1307 1822 a
1333 1747 1515 1821 Tiberiade
1533 1750 1627 1820 iuxta
1650 1749 1765 1821 locum
1782 1749 1839 1821 ubi

369 1871 661 1943 manducaverant
686 1891 812 1965 panem
830 1871 956 1963 gratias
982 1879 1127 1963 agentes
1146 1869 1303 1943 domino:
1346 1861 1373 1906 '⁸
1385 1891 1463 1941 oum
1481 1891 1565 1962 ergo
1583 1869 1727 1943 vidisset
1743 1869 1841 1940 turba

369 1993 450 2086 quia
475 1993 570 2063 lesus
602 2013 672 2062 non
699 1999 796 2062 esset
828 1990 875 2061 ibi
907 2011 1021 2084 neque
1053 1990 1211 2085 discipuli
1237 1990 1326 2078 eius,
1353 1989 1583 2062 ascenderunt
1607 1991 1781 2062 annonas
1806 1999 1841 2061 et

371 2120 538 2182 venerunt
563 2111 799 2205 Caphamaum
826 2119 1033 2204 quaerentes
1059 2111 1180 2182 lesum.
1231 2101 1259 2148 ¹⁵
1271 2109 1313 2181 Et
1330 2131 1407 2181 cum
1424 2111 1633 2183 invenissent
1650 2133 1731 2182 eum
1749 2121 1840 2182 trans

369 2252 474 2318 mare,
502 2230 661 2303 dixerunt
686 2230 717 2301 ei
743 2229 862 2315 sanni,
890 2228 1029 2323 quando
1055 2229 1122 2302 huc
1148 2229 1299 2302 venisti?
1350 2221 1377 2267 ¹⁶
1392 2230 1582 2325 Respondit
1608 2231 1659 2303 eis
1685 2232 1779 2303 lesus
1806 2239 1841 2302 ct

370 2351 457 2423 dixit
481 2350 593 2422 Amen
619 2371 721 2422 amen
746 2348 826 2422 dico
852 2349 969 2434 vobis,
1005 2351 1167 2444 quaeritis
1193 2372 1250 2422 me
1276 2371 1346 2422 non
1373 2351 1453 2444 quia
1478 2351 1609 2424 vidistis
1636 2353 1746 2444 signa,
1774 2349 1838 2424 sed

371 2473 451 2566 quia
477 2469 708 2543 manducastis
741 2490 787 2540 ex
812 2469 958 2563 panibus
993 2479 1029 2542 et
1054 2471 1194 2544 saturati
1221 2471 1313 2543 estis.
1364 2462 1603 2566 ”operamini
1629 2494 1699 2544 non
1726 2471 1837 2542 cibum

369 2593 427 2686 qui
452 2591 549 2686 perit,
577 2590 641 2662 sed
668 2589 725 2684 qui
750 2599 931 2684 permanet
956 2589 991 2660 in
1017 2591 1121 2662 vitam
1148 2601 1336 2676 aeternam,
1363 2573 1468 2684 quem
1494 2591 1582 2664 filius
1608 2591 1754 2665 bominis
1771 2613 1837 2663 vo·

368 2712 423 2783 bis
458 2709 569 2784 dabit:
602 2711 693 2783 bunc
727 2708 817 2780 enim
853 2719 953 2803 pater
986 2709 1133 2804 signavit
1168 2711 1267 2784 deus.
1318 2702 1347 2748 ¹⁸
1362 2713 1529 2783 Dixerunt
1560 2731 1645 2806 ergo
1680 2711 1726 2782 ad
1759 2732 1838 2783 eum

370 2832 460 2917 Quid
486 2831 650 2902 iaciemus
676 2840 714 2901 ut
740 2849 924 2923 operemur
958 2851 1065 2924 opera
1097 2831 1179 2904 dei‘?
1229 2822 1462 2924 ”Respondit
1492 2833 1589 2904 lesus
1615 2841 1651 2904 et
1675 2831 1762 2902 dixit
1787 2831 1838 2903 eis

368 2951 522 3023 licceat
547 2971 636 3045 opus
669 2949 726 3022 dei
752 2959 788 3021 ut
819 2948 967 3020 credatis
992 2949 1026 3020 in
1052 2971 1131 3022 eum
1164 2971 1267 3045 quem
1300 2951 1392 3022 misit
1423 2951 1489 3022 ille.
1538 2942 1654 3000 ΜΝ)
1671 2952 1838 3023 Dixerunt

369 3093 454 3164 ergo
482 3071 514 3142 ei
540 3069 647 3155 Quod
669 3091 754 3163 ergo
781 3077 816 3140 tu
842 3069 925 3140 iacis
951 3069 1085 3162 signum
1112 3081 1148 3142 ut
1172 3071 1353 3144 videamus
1380 3081 1416 3143 et
1432 3069 1615 3144 credamus
1643 3071 1728 3142 tibi‘?
1755 3069 1837 3165 quid

369 3192 552 3285 operaris?
594 3179 618 3226 ³¹
634 3177 723 3234 ‘W’
740 3190 859 3262 Patres
885 3190 992 3262 nosui
1017 3213 1177 3262 mannam
1204 3191 1497 3264 manducaverunt
1522 3191 1556 3262 in
1574 3191 1723 3277 deserto,
1751 3191 1837 3262 sieut

368 3311 530 3406 scriptum
565 3318 620 3381 est
651 3307 780 3381 Panem
815 3310 861 3383 de
889 3311 986 3382 caelo
1020 3309 1117 3383 dedit
1149 3311 1201 3383 eis
1236 3310 1456 3384 manducare.
1508 3303 1535 3350 ³
1550 3311 1641 3382 Dixit
1672 3333 1757 3405 ergo
1785 3311 1836 3382 eis

367 3433 461 3503 lesus
487 3431 597 3502 Amen
623 3451 723 3504 amen
756 3431 835 3504 dico
867 3431 984 3516 vobis,
1011 3453 1081 3502 non
1105 3431 1222 3504 Moses
1249 3432 1345 3506 dedit
1369 3433 1471 3504 vobis
1502 3453 1629 3526 panem
1655 3430 1702 3503 de
1728 3433 1835 3516 caelo,

368 3552 434 3624 sed
460 3560 558 3645 pater
573 3540 682 3623 ¹meus
709 3551 769 3624 dat
799 3551 900 3624 vobis
926 3573 1052 3645 panem
1087 3551 1133 3623 de
1163 3553 1261 3625 caelo
1294 3573 1425 3624 verum.
1477 3544 1504 3590 ’ὦ
1520 3552 1621 3623 Panis
1653 3551 1745 3623 enim
1778 3552 1835 3624 dei

368 3681 422 3743 est
448 3671 505 3764 qui
531 3669 711 3743 descendit
743 3669 788 3744 de
815 3672 912 3743 caelo
945 3680 981 3742 ct
1013 3671 1072 3742 dat
1103 3672 1207 3744 vitam
1241 3672 1380 3744 mundo.
1431 3660 1458 3709 ³*
1473 3673 1639 3744 Dixerunt
1671 3695 1757 3766 ergo
1790 3671 1835 3744 ad

368 3813 448 3863 eum
474 3791 636 3876 Domine,
671 3813 811 3886 semper
844 3790 890 3863 da
922 3790 1023 3862 nobis
1056 3813 1182 3885 panem
1214 3791 1312 3865 hunc.
1371 3785 1399 3832 ³⁵
1415 3784 1496 3839 (Μ)
1512 3791 1605 3862 Dixit
1634 3801 1748 3863 autem
1783 3793 1835 3864 eis

367 3911 463 3982 lesus
488 3911 562 4004 Ego
589 3931 666 3982 sum
691 3911 789 4005 panis
815 3912 923 3984 vitae:
957 3911 1015 4004 qui
1047 3913 1164 3984 veniet
1190 3913 1235 3985 ad
1261 3933 1317 3983 me
1344 3933 1415 3983 non
1441 3912 1584 3996 esuriet,
1612 3922 1647 3982 et
1673 3911 1731 4004 qui
1757 3933 1834 3983 ore-

319 4081 324 4096 .
367 4029 418 4104 dit
442 4033 477 4102 in
502 4051 559 4102 me
585 4053 654 4102 non
681 4029 770 4102 sitiet
796 4053 966 4125 umquam.
1018 4021 1044 4068 ³⁸
1057 4031 1127 4104 Sed
1153 4032 1226 4104 dixi
1256 4033 1357 4104 vobis
1388 4033 1467 4125 quia
1500 4039 1536 4103 et
1561 4029 1691 4103 vidistis
1717 4053 1773 4102 me
1800 4043 1835 4104 et

367 4173 437 4222 non
463 4149 611 4222 creditis.
661 4143 687 4188 ³¹
701 4141 789 4198 (m)
804 4151 914 4222 Omne
942 4150 1036 4244 quod
1063 4152 1122 4224 dat
1148 4151 1229 4223 mibi
1256 4161 1355 4246 pater
1380 4150 1427 4223 ad
1452 4174 1507 4223 me
1534 4151 1665 4238 veniet,
1693 4161 1729 4223 et
1754 4175 1834 4224 eum

367 4271 425 4364 qui
450 4271 545 4342 venit
570 4269 616 4342 ad
642 4291 699 4340 me
724 4291 794 4341 non
821 4271 942 4343 eiciam
968 4273 1079 4358 toras,
1122 4262 1240 4318 ”lm
1261 4271 1341 4364 quia
1377 4269 1543 4342 descendi
1570 4271 1615 4344 de
1642 4273 1739 4344 caelo
1766 4294 1835 4344 non

367 4400 403 4461 ut
428 4391 550 4462 faciam
568 4389 775 4462 voluntatem
795 4411 907 4462 meam
927 4391 992 4464 sed
1008 4394 1217 4464 voluntatem
1235 4392 1310 4463 eius
1328 4392 1384 4484 qui
1402 4393 1493 4463 misit
1507 4413 1575 4464 me.
1600 4383 1627 4430 ³⁰
1639 4383 1727 4440 (Μ)
1741 4393 1835 4464 llaec

367 4519 421 4582 est
447 4523 562 4582 autem
588 4511 746 4582 voluntas
773 4511 848 4582 cius
875 4511 932 4603 qui
959 4513 1049 4584 misit
1080 4535 1136 4582 me
1162 4511 1285 4604 patris,
1312 4521 1348 4582 ut
1374 4533 1478 4585 omne
1512 4511 1607 4604 quod
1632 4510 1728 4583 dedit
1753 4513 1833 4582 mibi

367 4653 435 4702 non
462 4630 608 4725 perdam
641 4651 688 4701 ex
722 4653 781 4717 ee,
815 4629 880 4702 sed
914 4633 1114 4704 resuscitem
1146 4630 1237 4702 illum
1272 4631 1461 4704 novissimo
1494 4631 1561 4704 die.
1614 4619 1641 4668 ‘⁰
1657 4632 1750 4703 llaec
1782 4643 1836 4703 est

367 4751 458 4823 enim
485 4751 643 4824 voluntas
668 4752 776 4845 patris
801 4751 869 4822 mei
896 4751 953 4844 qui
979 4751 1069 4822 misit
1093 4772 1160 4836 me,
1189 4759 1225 4822 ut
1250 4751 1361 4824 omnis
1387 4752 1445 4846 qui
1472 4749 1567 4824 videt
1583 4751 1685 4822 lilium
1705 4763 1739 4823 et
1757 4773 1833 4823 cre-

367 4870 416 4943 dit
441 4871 475 4942 in
501 4893 581 4943 eum
608 4871 735 4944 habeat
760 4873 864 4944 vitam
891 4881 1074 4956 aeternam,
1101 4881 1136 4942 et
1161 4871 1376 4944 resuscitabo
1402 4893 1470 4965 ego
1497 4893 1576 4943 eum
1594 4871 1833 4943 innovissimo
1950 4947 1951 4950 ,

367 4991 434 5063 die.
486 4981 509 5028 ⁸¹
524 4983 600 5038 (Μ)
617 4991 872 5065 Murmurabant
905 5013 990 5084 ergo
1024 4989 1139 5062 ludaei
1174 4991 1219 5064 dc
1252 4991 1325 5076 illo,
1355 4993 1440 5086 quia
1472 4991 1619 5065 dixisset
1647 4991 1723 5085 ligo
1757 5013 1833 5062 sum

367 5107 465 5206 panis
492 5111 549 5206 qui
575 5112 620 5186 do
648 5115 746 5186 caclo
773 5111 955 5198 descendi,
998 5099 1025 5148 ‘²
1041 5121 1077 5183 et
1110 5111 1273 5186 dicebant
1306 5111 1429 5186 Nonne
1460 5112 1514 5186 bic
1544 5121 1600 5186 est
1624 5114 1721 5186 lesus
1747 5111 1833 5184 lilius

956 5232 1006 5317 Vl,
1037 5235 1082 5304 l6
1111 5273 1158 5287 -
1188 5235 1244 5308 ⁴2.
