4242 6118
684 399 928 475 evadentium
954 397 1160 462 SECUNDUM
1187 395 1395 460 sufflatur
1737 399 1785 468 55

283 601 558 696 Blasphemavil:
612 590 702 646 ‘³¹²²‘
724 603 807 693 quid
827 602 957 677 ,adhuc
989 603 1149 694 egemus
1179 599 1351 670 testibus?
1395 619 1480 670 eece
1519 621 1609 670 nunc
1646 601 1788 674 audistis

284 721 547 815 blasphemiam.
579 709 607 754 ⁶⁶
621 718 713 802 Quid
726 720 827 790 vohis
841 719 1003 790 videtur?
1029 721 1075 790 At
1095 718 1139 788 illi
1159 716 1420 810 respondentes
1441 717 1604 790 dixerunt
1622 719 1715 790 lleus
1735 729 1790 792 est

284 840 412 911 mortis.
451 830 479 876 ⁶³
493 828 584 886 (3111)
592 837 688 908 Tunc
716 847 912 931 expuerunt
936 838 971 908 in
996 837 1119 909 taciem
1147 838 1226 908 eius
1244 847 1279 906 et
1301 837 1457 929 colaphis
1475 858 1555 908 eum
1580 838 1789 923 ceciderunt,

285 959 339 1030 alii
366 969 481 1030 autem
508 957 647 1050 palmas
680 957 715 1027 in
748 957 871 1028 luciam
905 958 938 1027 ei
972 957 1161 1040 dederunt,
1203 947 1233 992 ⁰⁸
1248 955 1404 1026 dicentes
1439 956 1643 1052 Prophetiza
1677 959 1788 1042 nobis,

286 1077 427 1159 Christe,
454 1075 531 1168 quis
558 1083 614 1145 est
649 1076 708 1167 qui
735 1081 769 1146 te'
795 1075 989 1168 percussit?
1032 1066 1062 1112 ⁶⁹
1076 1064 1161 1121 (aaa.)
1176 1075 1306 1144 Petrus
1340 1096 1426 1145 vero
1460 1075 1608 1147 sedebat
1640 1077 1723 1148 foris
1756 1078 1788 1148 in

287 1195 382 1278 atrio,
410 1203 444 1264 et
471 1193 623 1265 accessit
649 1194 695 1264 ad
723 1215 802 1264 eum
831 1215 897 1264 una
924 1195 1043 1264 ancilla
1072 1191 1195 1264 dicens
1222 1193 1265 1263 Et
1283 1204 1318 1264 tu
1336 1215 1415 1264 cum
1433 1193 1509 1264 lesu
1527 1194 1680 1267 Galilaeo
1699 1217 1788 1268 eras.

283 1309 447 1385 Ί11111116
473 1313 616 1404 negavit
644 1334 764 1384 coram
791 1313 952 1384 omnibus
979 1313 1098 1384 dicens
1123 1311 1257 1382 Nescio
1276 1307 1285 1325 ’
1306 1311 1403 1403 quod
1429 1309 1524 1382 dicis.
1566 1306 1590 1348 ⁷¹
1606 1307 1786 1388 1151111111-

262 1443 389 1504 -eunte
415 1443 531 1504 autem
559 1431 617 1502 rllo
646 1431 784 1502 ianuam
811 1433 897 1502 vidit
923 1453 1001 1502 eum
1030 1431 1095 1501 alia
1131 1440 1166 1500 et
1196 1431 1245 1500 ait
1274 1431 1325 1500 lris
1359 1435 1417 1521 qni
1452 1442 1550 1502 erant
1580 1433 1627 1504 ibi
1657 1434 1699 1504 Et
1732 1435 1787 1504 hic

288 1563 363 1624 erat
389 1573 465 1622 cum
492 1553 572 1622 lesu
600 1551 794 1621 Nazareno.
849 1545 931 1620 ”Et
956 1551 1080 1620 iterum
1107 1549 1252 1641 negavit
1276 1572 1356 1619 cum
1389 1548 1582 1620 iuramento
1610 1552 1689 1642 quia
1716 1575 1786 1624 non

287 1661 366 1742 novi
392 1671 579 1743 hominem.
634 1661 715 1740 71Ε1
741 1679 822 1762 post
848 1669 1005 1763 pusillum
1040 1679 1266 1738 accesserunt
1290 1669 1349 1760 qui
1383 1668 1521 1739 stabant
1554 1681 1590 1739 et
1624 1669 1785 1762 dixerunt

287 1791 388 1861 Petro
420 1793 511 1861 Ve're
544 1798 581 1860 et
615 1797 651 1858 tu
678 1810 725 1859 ex
751 1789 815 1859 illis
848 1811 905 1859 es:
939 1809 1021 1858 narn
1052 1796 1086 1857 et
1121 1788 1272 1879 loquella
1306 1797 1364 1857 tua
1391 1789 1607 1860 manifestum
1634 1798 1668 1858 te
1695 1790 1782 1864 lacit
1839 1873 1841 1884 y
1971 1809 1974 1822 ·

286 1899 418 1981 πΤιιιιο
445 1909 564 2002 coepit
590 1907 756 1979 detestari
784 1917 819 1978 et
845 1909 958 1978 iurare
986 1905 1066 1998 quia
1094 1927 1164 1976 non
1191 1907 1347 1978 novisset
1374 1905 1560 1977 hominem.
1605 1909 1647 1977 Et
1672 1913 1782 1979 contl-
1842 1945 1846 1954 ⁴

288 2016 355 2098 nuo
385 2029 499 2120 gallus
531 2026 692 2098 cantavit.
744 2017 928 2096 1513119’1Ε1
960 2024 1165 2096 recordatus
1199 2037 1255 2099 est
1286 2026 1409 2095 Petrus
1442 2027 1542 2097 uerbi
1577 2027 1654 2098 lesu
1687 2029 1781 2119 quod
1919 2025 1921 2030 ’

288 2146 423 2218 dixerat
448 2147 548 2216 Prius
576 2167 681 2237 quam
709 2145 819 2237 gallus
846 2151 961 2215 cantet
987 2153 1040 2212 ter
1066 2165 1124 2213 me
1152 2145 1315 2236 negabis,
1344 2155 1378 2214 et
1404 2167 1571 2236 egressus
1589 2147 1683 2232 toras
1704 2148 1780 2238 plo·

289 2267 374 2337 ravit
400 2286 531 2338 amare.

969 2535 1094 2606 XXVll.

364 2733 480 2792 'lm’
493 2741 596 2812 lllane
623 2747 738 2810 autern
766 2741 857 2810 lacto
884 2739 1063 2810 consilium
1091 2740 1236 2811 inierunt
1262 2761 1387 2812 omnes
1413 2742 1587 2836 principes
1609 2743 1759 2814 sacerdo

288 2871 360 2932 tum
386 2871 422 2932 ct
447 2861 605 2932 seniores
631 2858 749 2952 populi
772 2859 941 2938 adversus
962 2861 1085 2942 lesum,
1114 2871 1150 2930 ut
1171 2880 1250 2931 eum
1272 2861 1383 2933 morti
1396 2859 1583 2932 traderent.
1609 2853 1724 2912 ml)
1738 2861 1780 2931 Et

287 2981 436 3050 vinctum
459 2980 681 3052 adduxerunt
698 2997 778 3047 eum
798 2988 834 3048 et
854 2977 1070 3049 tradiderunt
1087 2978 1208 3049 Pontio
1229 2978 1336 3051 Pilato
1356 2979 1516 3074 praesidi.
1543 2973 1671 3028 ³0¹⁹³⁰l
1686 2981 1780 3051 Tunc
1878 3044 1883 3053 .

288 3098 412 3171 videns
437 3097 550 3183 ludas,
578 3097 635 3189 qui
663 3115 743 3166 eum
770 3095 916 3181 tradidit
946 3097 1042 3189 quod
1069 3097 1253 3169 damnatus
1279 3105 1392 3183 esset,
1420 3099 1629 3192 paenitentia
1656 3099 1779 3170 ductus

290 3218 415 3288 rettulit
449 3217 585 3310 triginta
621 3225 808 3308 argenteos
843 3217 1053 3310 principibus
1080 3216 1300 3288 sacerdotum
1334 3229 1368 3288 et
1399 3219 1595 3290 senioribus
1633 3205 1779 3288 ‘dicens

290 3333 436 3407 Peccavi
469 3336 612 3407 tradens
647 3335 849 3427 sanguinem
883 3336 1017 3406 iustum.
1076 3336 1122 3407 At
1155 3336 1199 3405 illi
1235 3335 1397 3406 dixerunt
1431 3337 1523 3420 Quid
1555 3336 1600 3407 ad
1627 3339 1715 3406 nos‘l
1742 3345 1778 3405 tu

290 3453 429 3524 videris.
479 3445 549 3524 ⁵llt
573 3455 735 3548 proiectis
762 3455 935 3547 argenteis
961 3453 995 3524 io
1021 3433 1152 3548 templo
1178 3456 1337 3540 recessit,
1374 3464 1410 3524 et
1440 3455 1562 3525 abiens
1588 3456 1712 3545 laqueo
1739 3475 1778 3522 se

291 3571 479 3665 suspendit.
513 3565 716 3665 6Principes
744 3585 859 3644 autem
886 3571 1107 3644 sacerdotum
1135 3574 1288 3666 acceptis
1316 3574 1489 3666 argenteis
1515 3573 1676 3644 dixerunt
1701 3573 1779 3642 Non
1879 3635 1883 3646 .

290 3691 369 3761 licet
394 3691 529 3761 mittere
556 3712 619 3762 eos
645 3693 679 3762 in
706 3693 890 3778 corbanan,
919 3692 999 3784 quia
1025 3693 1169 3785 pretium
1198 3693 1372 3784 sanguinis
1398 3701 1462 3764 est.
1513 3684 1686 3763 'Consilio
1714 3713 1777 3761 au·

291 3819 359 3881 tem
393 3809 475 3880 inito
509 3821 668 3882 emerunt
706 3833 753 3882 ex
791 3811 855 3884 illis
897 3831 1018 3903 agrum
1052 3811 1145 3906 figuli
1184 3812 1217 3881 in
1259 3811 1472 3904 sepulturam
1505 3809 1776 3905 peregrinorum

290 3921 468 4024 ⁸Propter
492 3929 561 4000 hoc
587 3938 733 4002 vocatus
760 3939 814 4001 est
839 3951 926 4022 ager
951 3931 1007 4001 ille
1032 3929 1301 4014 Acheldemach,
1330 3950 1415 4021 agor
1441 3928 1631 4022 sanguinis,
1666 3943 1777 4018 usque

200 4041 202 4046 ’
290 4048 325 4118 in
350 4049 556 4120 hodiernum
582 4047 684 4118 diem.
737 4040 805 4118 ⁹Et
831 4059 911 4120 tunc
937 4049 1112 4142 impletum
1140 4059 1194 4121 est
1221 4048 1317 4142 qnod
1340 4047 1468 4118 dictum
1495 4058 1550 4118 est
1576 4067 1639 4140 per
1655 4045 1777 4116 Hiere-

292 4168 394 4238 miam
422 4167 629 4261 prophetam
656 4167 828 4239 dicentem
855 4171 898 4239 Et
924 4177 1134 4261 acceperunt
1164 4167 1300 4259 triginta
1327 4175 1513 4258 argenteos
1538 4163 1687 4258 pretium
1712 4184 1778 4255 ap·

291 4287 426 4379 pretiatr'
453 4307 558 4379 quem
591 4287 872 4380 appretiaverunt
898 4309 919 4358 a
946 4287 1021 4358 filiis
1047 4287 1185 4370 lsrahel,
1226 4278 1299 4356 ⁴⁰et
1326 4285 1498 4358 dederunt
1524 4305 1587 4355 eos
1604 4282 1639 4352 in
1656 4303 1778 4372 agrum

170 4501 173 4508 Ι
291 4403 393 4496 figuli,
420 4405 507 4477 sicut
533 4406 704 4477 constituit
730 4406 811 4476 mihi
837 4407 1005 4478 dominus.
1046 4397 1069 4442 ⁴¹
1085 4397 1173 4452 ³³⁰·ss
1192 4405 1288 4476 lesus
1314 4414 1429 4476 autern
1457 4403 1549 4475 stetit
1574 4408 1654 4472 ante
1672 4419 1778 4493 prae-

291 4523 413 4608 sidem,
440 4533 476 4594 et
501 4523 723 4616 interrogavit
751 4545 830 4594 eum
858 4523 1148 4617 praesesdicens
1175 4525 1226 4593 Tu
1258 4543 1299 4592 es
1332 4543 1397 4594 rex
1429 4521 1658 4595 ludaeorum?
1691 4516 1779 4587 Dicit

291 4641 323 4712 ei
348 4641 444 4712 lesus
471 4643 522 4712 Tu
549 4643 644 4714 dicis.
697 4635 722 4680 ¹²
735 4632 824 4690 (ml
842 4641 884 4710 Et
910 4663 988 4711 curn
1015 4651 1237 4744 accusaretur
1271 4663 1292 4712 a
1318 4641 1528 4734 principibus
1554 4637 1778 4710 sacerdotum

290 4769 326 4830 et
351 4761 554 4848 semoribus,
582 4763 661 4832 nilril
687 4759 876 4852 respondit.
928 4752 1066 4832 13Τιιῐιο
1093 4761 1175 4832 dicit
1200 4760 1244 4830 illi
1269 4759 1396 4831 Pilatus
1421 4761 1499 4830 Non
1526 4758 1625 4829 audis
1649 4764 1778 4849 quanta

289 4879 477 4952 adversum
505 4885 540 4949 te
566 4877 681 4949 dicant
707 4878 926 4949 testimonia‘.l
970 4869 997 4914 ¹*
1013 4879 1053 4948 Et
1077 4900 1147 4950 non
1174 4877 1353 4971 respondit
1379 4877 1411 4947 ei
1435 4877 1602 4948 adultum
1620 4875 1777 4960 verbum,

287 4997 334 5070 ita
360 5009 398 5072 ut
424 5001 605 5072 miraretur
630 5019 775 5091 praeses
801 4998 1037 5068 vehementer.
1071 4989 1097 5034 ¹⁵
1110 4989 1199 5046 (Μ)
1217 4997 1284 5067 Per
1311 4997 1402 5068 diem
1430 5003 1547 5066 autern
1573 4997 1778 5066 sollemnem
1882 5005 1887 5024 ¹

289 5129 520 5192 consueverat
555 5137 702 5210 praeses
735 5116 902 5188 dimittere
941 5116 1072 5210 populo
1113 5139 1217 5187 unum
1251 5115 1402 5186 vinctum
1444 5136 1547 5206 quern
1579 5114 1776 5186 volnissent.

754 5236 866 5319 XXVl,
895 5239 943 5304 66
996 5273 1048 5288 -
1098 5235 1224 5318 XXVll,
1256 5237 1312 5304 l5.
