4146 6120
396 391 470 466 408
904 393 1160 460 APOCALYPSIS
1186 393 1364 458 IOHANNIS

394 604 510 695 ignem
536 602 667 672 iaceret
701 601 745 674 de
781 601 879 673 caelo
914 600 1129 674 descendere
1164 603 1352 675 interram
1378 603 1411 673 in
1438 611 1660 695 corispectum
1687 601 1874 675 bominum.

394 715 474 792 ”Et
501 722 644 793 seducet
678 719 870 793 habitantes
905 731 1032 794 terram
1065 732 1207 816 propter
1233 724 1331 815 signa
1363 743 1453 816 quae
1480 722 1561 795 data
1587 732 1664 794 sunt
1688 722 1734 794 illi
1760 725 1874 796 lacere

393 845 427 914 in
461 851 648 935 conspectu
681 841 829 926 bestiae,
866 839 984 912 dicens
1018 841 1249 915 habitantibus
1281 843 1315 914 in
1347 852 1439 914 terra
1471 853 1508 946 ut
1539 843 1662 914 saciant
1688 844 1873 936 imaginem

393 965 526 1036 bestiae
553 983 644 1054 quae
670 961 775 1032 hahet
801 963 941 1056 plagam
967 961 1072 1052 gladii
1099 971 1134 1030 et
1159 963 1252 1033 vixit.
1307 956 1332 1000 ⁴⁵
1347 964 1391 1034 Et
1416 963 1534 1034 datum
1561 972 1615 1034 est
1641 963 1686 1034 illi
1713 973 1749 1034 ut
1774 964 1875 1036 daret

394 1085 547 1178 spiritum
573 1083 712 1175 imagini
737 1083 881 1164 bestiae,
908 1091 944 1152 ut
970 1091 1005 1151 et
1030 1081 1189 1172 loquatur
1214 1081 1330 1176 imago
1356 1083 1499 1166 hestiae,
1528 1091 1563 1152 ει
1588 1082 1691 1154 faciat
1716 1083 1872 1176 quicum-
1998 1101 2006 1120 ·

393 1227 460 1298 que
494 1225 565 1275 non
594 1203 792 1274 adoraverit
830 1203 1015 1293 imaginem
1048 1201 1181 1272 bestiae
1217 1203 1425 1275 occidantur.
1484 1193 1510 1238 ⁴⁶
1527 1202 1568 1272 Et
1601 1203 1702 1274 saciet
1740 1227 1871 1290 omnes,

392 1325 534 1420 pusillos
561 1332 595 1394 et
621 1345 769 1415 magnos
803 1333 837 1393 et
870 1321 993 1393 divites
1026 1332 1061 1392 et
1093 1343 1268 1415 pauperes
1300 1333 1335 1394 et
1360 1324 1489 1394 liberos
1522 1333 1558 1392 et
1583 1343 1716 1408 servos,
1741 1324 1872 1396 habere

393 1455 547 1518 caracter
574 1445 607 1514 in
633 1443 758 1514 dextra
786 1463 888 1512 manu
915 1451 973 1514 aut
998 1443 1032 1512 in
1057 1442 1225 1514 frontibus
1245 1443 1330 1528 suis,
1376 1436 1400 1478 ’Ὗ
1418 1453 1454 1514 ει
1471 1463 1515 1514 ne
1534 1442 1611 1536 quis
1627 1443 1738 1537 possit
1754 1464 1873 1516 emere

394 1577 451 1638 aut
477 1564 650 1647 vendere,
677 1563 741 1634 nisi
767 1558 863 1654 ‘quis
890 1561 995 1633 habet
1022 1572 1177 1634 caracter
1202 1563 1341 1635 nomine
1367 1563 1502 1635 bestiae
1529 1573 1587 1634 aut
1604 1585 1783 1636 numerum
1804 1587 1872 1636 no-

258 1779 261 1791 ,
392 1687 491 1757 minis
518 1685 601 1756 eius.
654 1676 758 1754 18Ηίε
793 1682 960 1775 sapientia
995 1692 1057 1752 est.
1112 1683 1177 1766 Qui
1212 1682 1318 1754 habet
1348 1683 1570 1768 intellectum,
1605 1694 1781 1778 computat
1804 1707 1870 1756 nu·-

392 1829 523 1878 merum
556 1804 702 1876 bestiae:
737 1823 900 1873 numerus
934 1803 1024 1874 enirn
1060 1801 1207 1872 hominis
1240 1815 1301 1874 est.
1363 1805 1404 1874 Et
1436 1823 1599 1876 numerus
1632 1805 1707 1876 eius
1733 1815 1787 1876 est
1812 1825 1871 1876 sc-

393 1928 502 2000 scenti
529 1925 711 2016 sexaginta
738 1944 812 1995 sex.

1096 2199 1176 2268 XIV.

389 2435 393 2448 ·
469 2407 540 2480 'Et
565 2407 645 2490 vidi,
674 2418 708 2477 ει
735 2427 819 2477 ecce
847 2427 955 2497 agnus
982 2405 1096 2476 stabat
1123 2427 1228 2498 supra
1255 2417 1408 2477 montem
1436 2408 1527 2492 Sion,
1555 2417 1590 2477 et
1616 2428 1695 2478 oum
1712 2404 1768 2476 illo
1786 2425 1869 2474 cen-

392 2544 463 2604 tum
497 2527 724 2622 quadraginta
758 2536 918 2619 quattuor
950 2525 1041 2596 milia
1074 2526 1243 2596 habentes
1275 2547 1403 2598 nornen
1436 2528 1510 2599 eius
1544 2536 1579 2598 et
1611 2547 1738 2598 nomen
1764 2525 1870 2618 patris

393 2653 468 2722 eius
495 2650 660 2742 scriptum
692 2647 726 2716 in
760 2645 927 2717 frontibus
960 2643 1038 2716 suis.
1090 2639 1162 2714 ’Et
1194 2644 1308 2718 audivi
1341 2623 1480 2718 vocem'
1498 2648 1544 2720 de
1570 2649 1670 2720 caelo
1696 2657 1868 2737 tamquam

391 2793 517 2842 vocem
545 2789 713 2862 aquarum
740 2767 920 2837 multarum
948 2775 983 2835 et
1009 2775 1184 2857 tamquam
1210 2787 1334 2837 vocem
1367 2768 1502 2839 tonitrui
1530 2767 1659 2860 magni,
1687 2775 1722 2838 et
1745 2786 1868 2837 vocem

393 2913 496 2985 quam
536 2887 650 2960 audivi
683 2887 770 2958 sicut
802 2885 1079 2957 citharoedorum
1120 2871 1388 2958 citharizantium
1424 2888 1457 2960 in
1490 2887 1627 2958 citharis
1660 2887 1738 2958 suis.
1797 2877 1869 2954 ³Et

392 3010 575 3083 cantabant
609 3009 709 3100 quasi
744 3008 912 3078 canticum
944 3025 1072 3076 novum
1100 3015 1179 3076 ante
1206 3006 1329 3078 sedem
1364 3018 1398 3078 ει
1424 3019 1503 3080 ante
1530 3017 1690 3101 quattuor
1714 3005 1869 3077 animala

393 3145 428 3203 et
453 3129 624 3202 seniores:
661 3138 695 3200 et
720 3149 824 3200 nemo
851 3121 1009 3220 'poterat
1044 3125 1160 3196 dicere
1188 3127 1355 3198 cauticum
1383 3129 1448 3200 nisi
1473 3128 1529 3199 illa
1555 3137 1691 3200 centum
1717 3125 1867 3219 quadra-

391 3254 484 3346 ginta
510 3258 670 3343 quattuor
696 3249 803 3333 milia,
836 3248 892 3340 qui
927 3248 1033 3341 empti
1068 3255 1147 3318 sunt
1174 3244 1220 3316 de
1246 3257 1347 3318 terra.
1398 3238 1472 3318 ‘tlt
1499 3259 1578 3320 sunt
1603 3247 1661 3340 qui
1687 3269 1764 3317 cum
1791 3267 1869 3318 mu-

390 3373 531 3446 lieribus
557 3391 627 3441 uon
653 3379 731 3441 sunt
757 3367 978 3460 coinquInati:
1004 3367 1156 3460 virgines
1183 3366 1273 3436 enim
1291 3377 1376 3438 sunt
1422 3367 1463 3438 Ili
1489 3368 1547 3460 qui
1564 3377 1726 3440 secuntur
1742 3387 1868 3459 agnum

392 3511 612 3587 quocumque
645 3489 775 3560 abierit.
825 3488 867 3558 Hi
901 3487 982 3558 emti
1013 3497 1091 3558 sunt
1123 3508 1168 3557 ex
1196 3479 1374 3557 'omnibus
1407 3487 1576 3581 primitiae
1610 3486 1679 3560 deo
1704 3473 1742 3558 'et
1766 3507 1866 3579 agno,

390 3607 456 3704 {et
481 3611 516 3680 in
546 3629 608 3680 ore
640 3607 793 3702 ipsorum
827 3629 897 3679 non
927 3616 981 3678 est
1012 3607 1185 3678 inventum
1219 3606 1453 3693 mendacium3
1488 3607 1562 3678 sine
1595 3607 1729 3679 macula
1762 3601 1866 3678 'sunt

390 3726 462 3803 6Ει
487 3729 557 3800 vidi
584 3729 727 3800 alterum
754 3729 912 3821 angelum
930 3728 1103 3798 volantem
1129 3747 1194 3820 per
1211 3728 1362 3799 medium
1380 3729 1524 3812 caelum,
1550 3727 1733 3800 habentem
1760 3747 1866 3798 evan-

392 3853 516 3944 gelium
560 3858 752 3934 ueternum,
791 3859 828 3919 ut
866 3847 1119 3939 evangelizaret
1159 3847 1361 3918 sedentibus
1397 3869 1501 3942 super
1535 3857 1662 3920 terram
1693 3856 1729 3918 ει
1762 3867 1867 3940 super

393 3993 531 4045 omnem
564 3977 702 4062 gentem
737 3979 771 4039 ει
803 3967 928 4039 tribum
963 3978 998 4039 ει
1028 3967 1177 4060 linguam
1212 3977 1247 4068 et
1279 3968 1461 4062 populum,
1505 3960 1709 4040 7dicentem
1741 3987 1867 4058 magua

391 4115 482 4164 voce
509 4085 648 4160 'Timite
684 4089 788 4161 deum
824 4098 859 4159 et
892 4087 975 4159 date
1006 4088 1051 4158 illi
1084 4087 1270 4173 honoram,
1302 4087 1382 4180 qnia
1407 4089 1502 4160 venit
1528 4088 1615 4162 bora
1639 4085 1753 4159 iudicii
1778 4087 1865 4168 eius,

391 4223 427 4283 et
452 4210 597 4284 adorate
625 4231 704 4281 eum
737 4208 794 4302 qui
826 4208 905 4280 lecit
931 4209 1064 4280 caelum
1097 4216 1133 4278 et
1158 4215 1284 4280 terram
1311 4217 1346 4278 ει
1371 4229 1467 4280 mare
1494 4219 1528 4280 ει
1552 4211 1665 4280 luntas
1691 4228 1865 4300 aquarum.

390 4326 463 4402 8Ει
488 4332 573 4402 alius
600 4331 744 4422 angelus
771 4337 910 4400 secutus
937 4338 989 4400 est
1015 4327 1134 4400 dicens
1160 4327 1289 4399 Cecidit
1314 4327 1437 4400 cecidit
1461 4329 1618 4422 Babylon
1650 4329 1705 4400 illa
1730 4349 1866 4420 magua,

391 4473 481 4544 quae
508 4474 528 4522 a
555 4450 636 4521 vino
663 4451 735 4522 irae
762 4447 992 4521 fornicationis
1018 4467 1102 4518 suae
1129 4448 1317 4540 potionavit
1343 4468 1465 4520 omnes
1491 4459 1623 4541 gentes.
1666 4440 1737 4518 9Ει
1763 4441 1867 4518 'alius

391 4572 534 4666 angelus
569 4569 688 4642 tertius
721 4579 858 4642 secutus
882 4578 940 4639 est
966 4567 1040 4638 illos
1067 4567 1186 4640 dicens
1220 4589 1309 4640 voce
1340 4589 1465 4661 magna
1499 4569 1534 4640 Si
1567 4569 1643 4662 qnis
1669 4565 1869 4640 adoraverit

389 4693 537 4764 bestiam
564 4702 599 4762 ει
625 4691 810 4784 imaginem
837 4690 911 4760 eius
939 4699 974 4760 et
1000 4688 1172 4782 acceperit
1199 4698 1409 4760 caracterem
1443 4690 1478 4760 in
1510 4691 1622 4760 lronte
1653 4709 1716 4759 sua
1749 4687 1867 4758 autin

391 4836 495 4884 manu
520 4835 595 4896 sna,
639 4804 712 4882 10ει
738 4812 793 4882 hic
818 4810 914 4881 bibet
939 4809 984 4881 de
1011 4809 1090 4880 vino
1117 4809 1188 4879 irae
1215 4807 1281 4892 dei,
1308 4808 1367 4900 qui
1391 4807 1518 4880 mixtus
1544 4817 1598 4880 est
1624 4827 1720 4878 mero
1746 4807 1781 4878 in
1804 4827 1865 4878 ca-

358 4995 364 5007 .
390 4934 454 5004 lice
481 4932 552 5003 irae
578 4933 693 5026 ipsius,
721 4943 756 5003 ει
782 4930 986 5002 cruciabitm
1010 4929 1089 5022 igne
1116 4937 1158 5000 ει
1178 4919 1380 5021 'srdphmae
1406 4933 1440 5000 in
1458 4939 1646 5023 conspectu
1664 4927 1866 5018 angelorum

391 5063 588 5124 sanctorum
622 5063 657 5124 et
688 5065 768 5125 ante
800 5060 1024 5145 conspectum
1058 5050 1146 5142 agni.
1200 5041 1221 5084 ¹¹
1242 5049 1283 5118 llt
1317 5049 1429 5120 hirnus
1461 5053 1710 5120 tormentorum
1741 5067 1864 5118 corum

390 5173 422 5243 in
454 5175 593 5245 saecula
633 5174 848 5244 saeculorum
882 5171 1051 5254 ascendit,
1086 5192 1149 5241 nee
1180 5167 1308 5238 habent
1339 5171 1493 5262 requiem
1522 5169 1578 5240 die
1611 5191 1652 5240 ao
1677 5177 1778 5240 nocte
1806 5167 1864 5258 qui

912 5291 991 5376 XIII,
1023 5290 1065 5360 tt
1094 5331 1145 5342 -
1170 5290 1255 5373 XIV,
1286 5292 1342 5358 ll.
