4220 6124
360 393 433 460 318
823 387 1004 453 EPISTULA
1030 387 1082 452 ho
1109 389 1373 453 I’IIMPPENSES

359 615 428 685 ego
456 593 547 663 enim
575 591 680 663 didici
706 591 741 660 in
767 592 893 683 quihus
920 613 996 663 snm
1014 591 1196 662 'sufficiens
1222 611 1313 662 esse.
1360 581 1478 660 ¹’Soio
1506 599 1542 660 et
1566 589 1745 675 humiliari,
1774 592 1847 664 solo

360 722 396 782 et
429 710 625 782 abundare:
660 709 788 802 ubique
815 719 851 780 et
876 711 911 781 in
936 709 1098 780 omnibus
1124 711 1295 780 Institnlus
1321 731 1415 792 sum,
1450 718 1487 778 et
1512 708 1628 780 satiari
1654 718 1690 778 et
1715 709 1849 781 esurire

361 841 395 900 et
420 829 622 923 paenuriam
648 827 728 922 pati.
780 819 807 864 ¹³
824 829 947 900 Omnia
973 849 1117 922 possum
1145 828 1179 899 in
1206 847 1251 900 eo
1278 827 1337 920 qui
1362 847 1421 898 me
1446 829 1628 899 confortat.
1679 817 1705 864 ¹⁴
1721 828 1848 898 Vemm

360 959 476 1020 temen
501 949 593 1018 hene
618 946 747 1016 leoIstIs
774 949 1066 1020 communicantes
1092 946 1301 1018 tribulationi
1327 967 1438 1018 meae.
1490 936 1578 992 Μ)
1598 945 1697 1016 Scitis
1732 955 1848 1016 autem

362 1077 399 1138 et
423 1088 498 1150 vos,
525 1065 781 1159 Philippenses,
809 1065 906 1158 quod
932 1067 966 1136 in
992 1065 1159 1158 principio
1187 1065 1372 1156 evangelii,
1400 1064 1540 1157 quando
1568 1065 1745 1156 proiectus
1771 1085 1847 1134 sum

363 1206 383 1254 a
412 1177 672 1269 machedum,
706 1184 799 1255 nulla
831 1184 914 1254 mihi
948 1183 1096 1256 eeclesia
1122 1183 1386 1254 communicavit
1410 1183 1445 1254 in
1470 1183 1603 1253 ratione
1629 1181 1700 1252 dati
1726 1192 1763 1253 et
1787 1203 1847 1254 ao-

362 1303 452 1395 oepli
477 1303 542 1374 nisi
567 1325 634 1375 vos
660 1302 741 1387 soli,
785 1291 811 1336 ¹⁶
828 1299 907 1392 quia
934 1308 970 1370 et
995 1301 1275 1372 Thessalonicam
1301 1297 1410 1372 se'mel
1437 1303 1552 1372 ethis
1578 1303 1613 1372 in
1638 1323 1739 1372 nsum
1766 1301 1847 1372 mihi

361 1420 509 1492 misistis.
549 1415 664 1492 ΠΝοι]
690 1415 843 1512 'quaero
870 1419 998 1504 datum,
1025 1419 1091 1490 sed
1116 1419 1256 1511 requiro
1282 1420 1426 1490 lruclum
1453 1421 1686 1492 abundantem
1712 1421 1747 1490 in
1773 1413 1847 1489 'ru-

361 1541 490 1610 tionem
515 1551 678 1612 vestram.
722 1532 747 1576 ¹⁸
764 1529 810 1584 (Π)
826 1537 949 1608 Habeo
976 1529 1090 1608 antem
1118 1538 1233 1609 omnia
1259 1549 1295 1608 et
1321 1539 1478 1611 abundo:
1505 1541 1670 1632 repletus,
1684 1561 1761 1610 sum
1787 1559 1847 1610 ao—

362 1661 472 1752 oopus
499 1660 545 1730 ab
589 1657 827 1751 Epaphrodito
856 1677 947 1747 quae
973 1655 1132 1739 misistis,
1168 1655 1315 1726 odorem
1343 1657 1536 1741 suavitatis,
1569 1655 1718 1730 hostiam
1745 1677 1847 1727 aone-

362 1787 457 1870 ptem
491 1779 686 1870 placentem
719 1775 800 1847 deo.
853 1767 878 1812 ¹⁹
894 1775 989 1844 Deus
1021 1783 1137 1845 autem
1177 1795 1275 1846 meus
1313 1775 1454 1868 impleat
1491 1797 1596 1846 omne
1636 1774 1848 1848 desiderium

362 1906 518 1968 vestrum
545 1896 735 1968 seeundum
762 1892 898 1965 divitias
925 1914 1008 1964 suas
1034 1893 1069 1962 in
1096 1893 1206 1983 glorIa
1232 1893 1266 1962 in
1292 1892 1426 1964 Christo
1453 1895 1539 1966 Iesu.
1590 1886 1705 1965 ”Deo
1732 1903 1848 1964 autem

364 2024 399 2086 et
423 2015 513 2108 patri
537 2025 657 2087 nostro
684 2014 794 2106 gloria
821 2011 855 2082 in
873 2011 1012 2082 saecula
1029 2011 1257 2094 saeculorum,
1284 2030 1396 2080 amen.
1435 2004 1458 2050 ²⁴
1474 2001 1524 2056 ‘¹⁸’
1538 2013 1691 2084 Salutate
1708 2031 1847 2084 omnem

365 2144 521 2205 sunctum
547 2133 582 2203 in
600 2133 733 2204 Christo
760 2131 849 2202 Iesu.
887 2123 914 2168 ¹²
927 2128 1082 2199 Salutant
1107 2149 1172 2199 vos
1199 2129 1257 2220 qui
1283 2149 1419 2200 mecum
1446 2139 1525 2201 sunt
1549 2131 1681 2202 lrutres.
1720 2121 1769 2176 (ι’)
1784 2131 1847 2201 Sn-

363 2253 473 2323 lutant
504 2275 570 2324 vos
604 2271 727 2325 omnes
762 2249 887 2332 sancti,
923 2246 1075 2316 maalme
1091 2255 1224 2316 eautem
1260 2246 1318 2338 qni
1350 2246 1396 2316 de
1429 2247 1587 2320 Caesaris
1620 2249 1727 2322 domo
1761 2257 1846 2320 sunt.

363 2361 524 2442 ”Gratia
550 2370 681 2442 domiui
706 2371 783 2440 Iesu
810 2365 932 2438 Christi
959 2385 1037 2434 oum
1064 2364 1184 2456 spiritu
1209 2374 1344 2448 vestro,
1373 2385 1484 2436 amen.

730 2548 904 2611 EXPLICIT
926 2545 1111 2609 EPISTULA
1132 2545 1184 2610 ho
1207 2547 1483 2610 PIIILIPPENSES.
