4220 6124
388 305 462 383 ΞΗ
781 313 785 334 ’
938 309 1123 375 moretum
1155 311 1301 376 nhssvtts

407 515 564 588 XXXVII.
591 515 642 586 De
668 513 827 607 apostolo
860 514 1037 588 revelante
1067 515 1215 590 Iudaeos
1247 515 1493 610 conparatione
1528 517 1638 588 olivae
1665 517 1798 589 arboris
1825 529 1860 590 et

594 643 715 728 gentes
742 631 787 704 ab
814 632 960 706 elatione
986 637 1088 706 animi
1113 637 1330 731 reprimente.

393 755 562 828 XXXVIII.
587 756 640 826 Ile
666 753 774 826 salute
800 755 950 826 omnium
976 757 1191 830 Iudaeorum.

419 875 565 948 XXXIII.
592 876 644 946 Ile
668 875 926 968 inpossibilitate
952 877 1082 948 sciendi
1109 887 1321 950 secretorum
1348 875 1524 948 solentiam
1551 873 1618 950 dei.

500 997 567 1068 XL.
592 996 644 1068 De
667 995 826 1088 apostolo
854 991 1077 1068 'obsecrante
1104 1008 1242 1070 sanctos
1268 1007 1305 1070 nt
1330 1017 1478 1091 corpora
1504 1017 1566 1068 sua
1593 996 1778 1068 exhibeant
1796 997 1860 1068 ho-

594 1116 694 1188 stIam
721 1115 800 1188 deo.

487 1235 566 1306 XLI.
591 1237 643 1308 Ile
669 1236 753 1308 Ielsa
779 1243 814 1306 et
839 1255 923 1308 vera
947 1236 1123 1330 sapientia.

478 1355 570 1428 XLII.
595 1357 647 1428 Ile
674 1356 880 1428 ecclesiast
905 1357 1149 1451 conparatione
1176 1355 1292 1429 cordis
1325 1357 1440 1451 adque
1466 1355 1709 1426 membrorum
1763 1357 1859 1442 Quae

595 1478 629 1546 iu
655 1477 722 1548 hoc
753 1476 864 1570 capite
896 1487 988 1548 sunt:
1021 1475 1066 1547 de
1099 1474 1297 1550 diversitate
1330 1478 1499 1550 donorum
1530 1486 1567 1548 et
1591 1475 1789 1552 dilactIone:
1816 1479 1860 1550 de

596 1597 678 1670 odio
704 1596 846 1668 mallet
871 1597 1119 1670 conluctatione
1145 1596 1246 1668 boni:
1272 1599 1318 1672 de
1344 1598 1501 1672 caritate:
1528 1595 1575 1669 de
1601 1596 1788 1691 obsequio:
1816 1599 1860 1671 de

598 1716 836 1789 sollicitudine:
875 1715 921 1789 de
954 1719 1090 1789 fervore
1123 1717 1272 1811 spiritns:
1307 1719 1352 1792 de
1392 1729 1550 1811 tempore
1584 1718 1783 1790 serviendo:
1816 1719 1860 1791 de

597 1839 671 1932 spei
705 1835 850 1930 gaudio:
880 1835 926 1908 de
957 1837 1118 1931 patieotIa
1154 1837 1393 1912 tribulationis:
1420 1837 1466 1910 de
1491 1837 1648 1910 luctantia
1682 1840 1859 1912 orationis:

599 1958 643 2030 de
677 1956 983 2040 communicatione
1017 1967 1212 2062 sanctorum
1245 1958 1435 2030 memoriis:
1468 1957 1514 2030 de
1546 1957 1789 2054 hospitalitate:
1816 1961 1860 2033 de

596 2076 834 2150 benedicendo
860 2087 895 2148 et
917 2076 1121 2150 abstinentia
1146 2077 1390 2164 maledIoendi,
1417 2077 1545 2171 gaudIo
1579 2101 1656 2151 oum
1681 2080 1859 2172 gaudenti-

597 2197 679 2283 bus,
712 2197 793 2270 lletu
824 2219 903 2270 oum
936 2196 1112 2270 flentibus:
1145 2199 1192 2272 de
1221 2199 1364 2271 unitate:
1396 2198 1442 2272 de
1474 2199 1674 2272 bumilitate:
1715 2200 1760 2274 de
1791 2221 1861 2272 non

596 2317 776 2392 reddenda
802 2318 936 2388 icioma:
962 2317 1009 2389 de
1034 2319 1232 2412 provisIone
1258 2320 1428 2392 bonorum
1455 2339 1573 2392 coram
1599 2319 1668 2392 deo
1695 2331 1730 2392 et
1746 2321 1859 2394 homi·

597 2437 714 2508 nibus:
749 2437 796 2510 de
828 2459 916 2532 pace
948 2437 977 2508 si
1009 2435 1083 2510 fieri
1113 2449 1230 2533 potest
1263 2461 1339 2512 curn
1375 2440 1533 2512 omnibus
1565 2439 1771 2513 homiuibus:
1814 2441 1859 2514 de

596 2557 745 2630 vindicta
770 2580 792 2630 a
817 2555 957 2630 domino
983 2559 1180 2650 spectanda.

466 2676 570 2750 XLIII.
597 2679 649 2749 De
674 2677 886 2750 subiectione
912 2697 996 2770 erga
1022 2679 1194 2774 priocipes
1220 2691 1256 2752 et
1281 2689 1480 2774 potestates.

453 2798 570 2870 XLIIII.
596 2799 648 2870 Ile
672 2797 865 2870 redditione
890 2797 1071 2891 habuique
1097 2799 1247 2871 omniurn
1275 2799 1480 2872 debitorum.

471 2917 565 2990 XLV.
591 2919 644 2990 Ile
669 2917 840 3010 vigilam
866 2926 901 2990 et
926 2917 1091 2990 exaratio
1117 2917 1199 2992 fidei
1225 2931 1260 2992 et
1284 2920 1471 2992 sobrietate
1498 2929 1532 2992 et
1558 2919 1770 2991 continentia.

457 3035 564 3110 XLVI.
591 3039 642 3109 be
675 3038 891 3132 neglegentia
924 3048 960 3110 et
989 3037 1172 3112 traditione
1206 3041 1330 3126 earnm,
1363 3051 1399 3112 et
1431 3038 1478 3111 de
1509 3039 1792 3112 manducantibus
1818 3062 1859 3112 ac

596 3178 665 3230 non
690 3157 974 3232 manducantibus
1000 3169 1035 3229 et
1060 3159 1285 3234 iudicantibus
1312 3161 1462 3233 alternos
1487 3160 1543 3230 vel
1568 3160 1748 3232 universos
1774 3161 1858 3232 dles.

445 3277 566 3350 XLVII.
592 3279 644 3350 Ile
670 3279 828 3350 ominibus
860 3278 956 3372 quod
981 3299 1051 3350 non
1083 3281 1148 3351 sibi
1174 3281 1238 3356 aed
1264 3280 1334 3352 deo
1359 3289 1418 3351 aut
1442 3279 1628 3350 moriantur
1652 3291 1711 3352 aut
1734 3265 1857 3352 tivant.

437 3397 569 3471 XLVIII.
594 3401 646 3472 Ila
678 3397 840 3492 passione
879 3398 1007 3471 domiui
1046 3409 1081 3470 et
1111 3395 1317 3496 potestate,
1357 3411 1393 3472 et
1423 3399 1517 3494 qnod
1549 3421 1615 3472 nec
1647 3400 1757 3473 edens
1788 3423 1856 3473 non

595 3517 757 3592 edentem
784 3527 819 3591 et
850 3539 916 3591 neo
948 3541 1018 3591 non
1043 3521 1252 3594 manducans
1278 3521 1507 3598 manducante
1540 3520 1668 3594 debeat
1697 3521 1856 3595 iudicare.

458 3629 567 3711 XLIX.
593 3639 645 3710 De
676 3658 721 3710 eo
755 3639 851 3730 quod
882 3639 961 3712 nihil
996 3660 1178 3714 commune
1213 3653 1266 3714 est
1304 3641 1367 3714 nisi
1407 3642 1439 3712 ei
1479 3641 1536 3734 qui
1575 3642 1746 3714 existimat
1780 3665 1858 3716 csse

594 3779 784 3830 commune.

531 3883 565 3952 L.
592 3881 644 3950 lle
668 3878 820 3972 periculo
847 3877 1068 3950 contristante
1092 3881 1231 3953 tratrem
1258 3903 1357 3954 suum
1384 3879 1487 3953 'ewa
1512 3901 1584 3968 sua,
1611 3893 1647 3952 et
1672 3881 1766 3976 quod
1791 3903 1858 3954 non

597 4000 640 4070 sit
664 4021 807 4094 regnum
841 3996 898 4070 dei
930 3995 1012 4072 osca
1044 4011 1081 4072 et
1110 4011 1213 4096 potua
1237 3999 1303 4072 sed
1334 3999 1456 4072 iustitia
1481 4011 1516 4072 et
1541 4023 1612 4095 pax
1638 4013 1673 4074 et
1698 4001 1857 4094 modium

598 4114 651 4190 ‘in
676 4119 794 4213 spiritu
818 4129 947 4190 sande.

521 4241 568 4312 LI.
595 4239 647 4310 De
679 4239 842 4334 mysterIo
879 4237 1008 4310 domiui
1041 4250 1121 4312 ante
1154 4241 1350 4336 pastionem
1384 4237 1434 4312 'In
1464 4241 1598 4316 edentia
1630 4241 1746 4316 habito
1781 4251 1859 4337 poet

597 4361 792 4454 passinuem
819 4379 904 4434 vero
930 4360 1037 4452 ipsius
1062 4361 1225 4434 revelato.

923 4509 1146 4574 RII’LIOEUNI'
1167 4513 1321 4576 anatha.

982 4803 1276 4812 *a*
