4254 6130
731 211 836 272 LlBEll
864 205 1016 272 nummu
1043 207 1320 272 trosroloubll
1686 205 1752 278 211

271 415 443 488 sedit-ioue
477 433 549 484 non
582 413 721 488 minima
754 415 862 485 Paulo
896 421 931 482 et
963 407 1144 484 Barnabae
1180 413 1349 486 adversus
1383 413 1475 498 illos,
1491 405 1494 413 “
1510 421 1698 485 statuerunt
1724 425 1761 484 ut

242 535 505 610 'ascenderent
533 531 659 604 Paulus
678 543 714 604 et
738 532 922 605 Barnabas
950 539 984 602 et
1011 525 1170 626 'quidam
1198 536 1251 605 alii
1280 557 1325 606 ex
1354 533 1427 604 aliis
1454 525 1706 628 ad'apostolos
1724 545 1760 605 et

272 653 500 752 presbyteros
527 653 561 722 in
590 653 804 724 Hierusalem
833 671 940 745 super
967 651 1033 723 hac
1060 654 1272 746 quaestione.
1325 645 1398 723 ³llli
1426 654 1525 746 igilur
1546 647 1699 726 deducti
1713 657 1757 726 ab

271 777 418 855 ecclesia
446 771 726 869 pertransiebaut
751 772 927 844 Foenicen
955 780 990 842 et
1016 765 1215 859 Samariam,
1243 783 1423 846 narrantes
1458 776 1757 847 conversationem

272 899 432 991 gentium,
461 903 495 965 et
520 893 695 964 iaciebant
722 891 887 983 gaudium
916 913 1077 983 magnum
1105 895 1264 966 omnibus
1289 894 1456 966 iratribus.
1509 882 1618 966 ‘Cum
1645 907 1760 968 autem

272 1018 446 1089 venisseut
470 1013 763 1105 Hierosolymam,
792 1011 945 1103 suscepti
973 1023 1051 1083 suut
1077 1015 1121 1084 ab
1144 1016 1292 1086 ecclesia
1321 1025 1356 1086 et
1382 1016 1427 1086 ab
1455 1017 1620 1108 apostolis
1639 1027 1674 1088 et
1701 1040 1760 1088 se-

271 1138 432 1222 niorib'us,
461 1133 706 1207 adnuntiantes
724 1140 853 1223 quauta
881 1129 970 1202 deus
987 1133 1123 1206 lecisset
1149 1157 1226 1206 cum
1253 1135 1325 1206 illis.
1369 1125 1627 1209 ⁵Surrexerunt
1645 1148 1758 1209 autern

273 1256 412 1352 quidam
447 1255 493 1328 de
527 1252 643 1326 heresi
678 1251 949 1322 Pharisaeorum
984 1253 1041 1346 qui
1072 1255 1306 1340 crediderant,
1335 1255 1489 1327 dicentes
1516 1259 1594 1349 quia
1621 1268 1760 1352 oportet

274 1376 469 1450 circumcidi
489 1375 568 1460 eos,
595 1371 806 1467 praecipere
833 1391 975 1464 quoque
1001 1395 1142 1446 servare
1168 1377 1281 1468 legem
1299 1377 1402 1449 blosi:
1429 1367 1759 1470 6conveneruntque

274 1497 420 1594 apostoli
447 1505 483 1566 ct
509 1495 667 1566 seniores
693 1493 818 1564 videre
845 1492 892 1563 de
921 1491 1131 1566 verboboc.
1180 1487 1297 1566 'Cum
1326 1505 1438 1568 autem
1468 1519 1591 1590 magna
1614 1499 1758 1590 conqui-

275 1619 352 1698 sitio
379 1615 495 1700 lieret,
524 1635 672 1707 surgens
699 1613 824 1683 Petrus
851 1611 940 1684 dixit
966 1611 1012 1685 ad
1046 1635 1108 1686 eos
1134 1615 1202 1686 Viri
1228 1617 1357 1702 iratres,
1384 1639 1449 1689 vos
1476 1618 1569 1688 scitis
1596 1618 1757 1710 quoniam

275 1739 321 1810 ab
349 1736 494 1829 antiquis
519 1735 643 1808 diebus
669 1733 704 1802 in
728 1731 832 1805 nobis
860 1732 968 1825 elegit
994 1733 1081 1807 deus
1106 1757 1170 1829 per
1197 1757 1238 1807 os
1257 1757 1370 1808 meum
1398 1737 1518 1808 audire
1535 1747 1658 1830 gentes
1676 1761 1757 1809 ver-

275 1861 357 1929 bum
386 1854 554 1948 evangelii
580 1864 615 1925 et
642 1851 802 1924 credere.
854 1847 929 1924 ⁸Et
956 1855 1012 1946 qui
1039 1855 1134 1926 novit
1168 1855 1276 1928 corda
1291 1851 1390 1928 ¹(leus
1414 1857 1645 1930 testimonium
1673 1881 1755 1953 per-

276 1979 384 2050 bibuit
409 1977 496 2049 dans
521 1975 583 2046 illis
610 1981 767 2045 sanctum
796 1973 952 2066 spiritum
980 1975 1065 2046 sicut
1091 1985 1126 2047 et
1160 1977 1276 2062 nobis,
1320 1969 1386 2048 ⁹et
1410 1977 1491 2048 nibil
1513 1978 1677 2051 discrevit
1702 1979 1755 2050 iu-

232 2163 234 2170 ,
277 2111 330 2170 ter
356 2119 421 2169 nos
447 2107 483 2167 et
507 2095 591 2181 illos,
618 2091 690 2164 lide
716 2087 901 2186 purificans
929 2095 1037 2167 corda
1064 2117 1197 2168 eorum.
1249 2089 1275 2134 ⁴⁰
1291 2097 1387 2168 Nunc
1405 2119 1490 2190 ergo
1509 2099 1589 2192 quid
1607 2102 1756 2172 temtatis

279 2221 398 2302 deum,
426 2217 593 2310 inponere
627 2213 744 2304 iugum
779 2235 885 2308 super
918 2217 1074 2288 cervices
1108 2217 1352 2312 discipulorum
1380 2219 1473 2311 quod
1499 2239 1612 2312 neque
1639 2230 1755 2312 patres

278 2341 387 2413 nostri
421 2359 535 2430 neque
569 2355 636 2406 nos
669 2340 811 2424 portare
845 2336 1045 2428 potuimus?
1097 2329 1120 2372 ⁴¹
1140 2339 1211 2410 Sed
1242 2361 1306 2432 per
1339 2339 1482 2433 gratiam
1517 2339 1645 2411 domini
1677 2340 1754 2410 lesu

280 2462 453 2534 credimus
480 2455 605 2529 salvari
632 2452 927 2546 quemadmodum
956 2466 992 2527 et
1017 2456 1070 2526 illi.
1116 2449 1271 2531 '’Tacuit
1289 2469 1402 2532 autem
1430 2459 1540 2532 omnis
1567 2459 1753 2545 multitudo,

147 2649 149 2656 ,
281 2595 316 2654 et
347 2579 534 2654 audiebant
564 2573 745 2645 Bamaban
779 2583 814 2644 et
848 2573 988 2647 Paulum
1022 2588 1203 2650 narrantes
1230 2589 1353 2674 quanta
1379 2581 1519 2651 lecisset
1544 2579 1631 2651 deus
1657 2583 1755 2674 signa

281 2713 317 2774 et
342 2699 513 2796 prodigia
535 2697 569 2766 in
603 2692 762 2787 gentibus
794 2715 857 2787 per
891 2715 963 2766 eos.
1016 2687 1042 2734 ¹³
1058 2695 1100 2766 Et
1136 2707 1318 2792 postquam
1353 2709 1546 2784 tacuerunt,
1578 2701 1756 2794 respondit

282 2823 427 2893 lacobus
453 2813 579 2890 diceus
598 2813 667 2883 Viri
693 2813 823 2898 fratrea,
851 2815 967 2887 audite
992 2837 1058 2886 me.
1111 2806 1136 2854 ¹⁸
1146 2819 1263 2890 Simon
1288 2821 1437 2891 narravit
1462 2813 1754 2912 quemadmodum

282 2941 429 3035 primum
463 2938 551 3009 deus
584 2933 734 3006 visitavit
767 2955 905 3006 sumere
938 2957 985 3006 ex
1017 2937 1176 3029 gentibus
1202 2941 1366 3034 populum
1392 2940 1519 3010 nomini
1545 2961 1618 3010 suo.
1671 2933 1697 2978 ¹⁵
1712 2942 1754 3010 Et

235 3101 241 3115 ι
283 3061 362 3132 buic
387 3057 599 3130 concordant
624 3053 733 3124 verba
758 3055 1015 3148 prophetarum,
1042 3057 1129 3127 sicut
1154 3058 1315 3150 scriptum
1344 3069 1397 3129 est
1439 3049 1465 3094 ¹⁶
1477 3059 1559 3128 Post
1584 3058 1670 3129 baec
1696 3081 1753 3129 re-

283 3191 398 3252 vertar
433 3187 469 3250 et
501 3173 694 3248 aedificabo
721 3173 985 3271 tabernaculum¹
1002 3175 1098 3269 quod
1124 3175 1268 3263 decidit,
1296 3188 1332 3248 et
1357 3177 1466 3251 diruta
1493 3179 1565 3249 eius
1591 3177 1752 3250 reaedifi-

153 3381 159 3400 ,
284 3301 373 3373 cabo
400 3309 435 3371 et
461 3297 592 3390 erigam
618 3293 709 3379 illud,
753 3285 779 3329 ¹⁷
791 3305 827 3366 ut
852 3295 1027 3389 requirant
1053 3297 1157 3367 ceteri
1175 3297 1347 3368 hominum
1367 3297 1552 3382 dominum,
1580 3307 1615 3369 et
1633 3319 1752 3370 omues

283 3427 406 3516 gentes
438 3439 543 3512 super
576 3435 662 3508 quas
695 3414 890 3486 invocatum
923 3425 976 3487 est
1007 3437 1135 3488 nomen
1168 3439 1299 3502 meum,
1335 3417 1416 3488 dicit
1441 3417 1599 3488 dominus
1625 3420 1753 3492 laciens

283 3545 380 3615 haec.
431 3532 457 3576 ¹⁸
472 3539 598 3610 Notum
625 3557 645 3606 a
672 3536 893 3607 saeculo'est
919 3535 1060 3608 domino
1088 3559 1175 3632 opus
1202 3559 1309 3610 suum.
1359 3528 1385 3574 ¹⁹
1401 3535 1546 3629 Propter
1572 3541 1667 3631 quod
1685 3561 1752 3634 ego

283 3663 397 3736 iudico
432 3681 502 3732 uon
533 3655 711 3750 inquietari
745 3675 807 3726 eos
841 3656 898 3748 qui
931 3679 976 3727 ex
1010 3651 1169 3750 gentibus
1204 3666 1446 3730 convertuntur
1483 3659 1529 3730 ad
1568 3629 1756 3746 domiuum,¹

282 3777 310 3822 '⁰
326 3781 390 3855 sed
416 3781 568 3853 scribere
602 3776 648 3848 ad
681 3797 744 3847 eos
778 3775 826 3846 ut'
840 3776 1033 3848 abstineant
1062 3798 1103 3848 se
1130 3799 1149 3847 a
1184 3777 1526 3851 contaminationibus
1552 3779 1752 3866 simulacro-

285 3927 358 3975 rum
386 3912 421 3973 et
446 3898 668 3972 fornicatione
694 3907 729 3967 et
754 3897 926 3968 suffocatis
952 3907 987 3968 et
1012 3897 1187 3990 sanguine.
1239 3891 1262 3936 ²¹
1281 3893 1513 3970 Moses'enim
1540 3921 1559 3970 a
1587 3902 1753 3994 tempori-

284 4027 349 4096 bus
376 4021 521 4115 antiquis
547 4019 652 4090 babet
676 4018 709 4086 in
736 4017 875 4108 singulis
894 4017 1084 4089 civitatibus
1111 4020 1168 4112 qui
1194 4041 1273 4090 eum
1290 4018 1489 4111 praedicent
1505 4020 1539 4090 in
1557 4021 1751 4114 synagogis,

203 4157 207 4166 '
285 4145 343 4216 ubi
359 4140 432 4237 'per
457 4161 561 4212 omne
588 4137 768 4209 sabbatum
795 4135 926 4228 legitur.
978 4129 1005 4174 ²²
1021 4139 1115 4208 Tunc
1146 4140 1271 4232 placuit
1303 4140 1469 4231 apostolis
1501 4151 1536 4212 et
1562 4139 1753 4210 senioribus

285 4259 362 4335 oum
389 4261 479 4333 omni
507 4259 652 4334 ecclesia
679 4257 817 4349 elegere
843 4257 937 4327 viros
963 4279 1009 4328 ex
1036 4258 1088 4328 eis
1114 4267 1150 4328 et
1166 4257 1299 4328 mittere
1317 4257 1531 4331 Anthiociam
1550 4281 1627 4331 oum
1647 4261 1752 4332 Paulo

166 4447 171 4458 ,
285 4393 319 4456 et
344 4381 510 4466 Bamaba,
538 4379 656 4452 ludam
683 4377 739 4471 qui
767 4377 1025 4470 cognominatur
1051 4371 1263 4450 'Barsabbas
1289 4387 1325 4447 et
1351 4379 1468 4464 Silam,
1504 4379 1597 4450 viros
1624 4379 1753 4471 primos

284 4505 317 4575 in
344 4503 517 4586 iratribus,
555 4493 582 4538 Ἠ
595 4497 784 4570 scribentes
810 4495 873 4590 per
899 4517 1020 4568 manus
1047 4517 1167 4568 eorum
1209 4494 1365 4590 Apostoli
1392 4497 1426 4569 et
1452 4499 1617 4570 seniores·
1632 4500 1753 4569 iratres

287 4619 345 4694 bis'
364 4623 421 4716 qui
448 4631 525 4693 sunt
551 4617 751 4690 Anthiociae
777 4625 812 4686 et
838 4615 957 4708 Syriae
983 4625 1019 4686 et
1044 4617 1179 4686 Ciliciae
1205 4615 1363 4687 iratribus
1399 4639 1444 4688 ex
1477 4617 1752 4710 gentibus³salu

286 4754 364 4814 tem.
416 4731 443 4780 ¹⁸
462 4719 628 4826 Quoniam
655 4736 846 4809 audivimus
873 4735 950 4827 quia
978 4733 1116 4827 quidam
1144 4755 1190 4804 en
1216 4733 1326 4807 nobis'
1343 4747 1509 4809 exeuntes
1533 4739 1754 4810 turbaverunt

286 4885 351 4935 vos
377 4861 492 4932 verbis
519 4867 712 4930 evertentes
739 4857 868 4928 animas
894 4865 1039 4938 vestras,
1067 4855 1189 4948 quibus
1215 4857 1549 4942 uon'mandavimus,
1591 4849 1755 4950 ”placuit

287 4983 388 5056 nobis
415 4980 562 5053 collectis
588 4979 620 5049 in
636 4977 761 5050 unum·
777 4973 916 5068 elegere
941 4975 1035 5048 viros
1062 4986 1097 5047 et
1122 4976 1257 5059 mittere
1288 4983 1337 5075 qd
1369 4999 1434 5052 vos
1469 5001 1544 5050 curn
1564 4977 1757 5048 ‘carissimis
1870 4995 1877 5008 ¹

886 5096 952 5178 XV,
982 5099 1002 5166 3
1035 5135 1076 5148 -
1108 5099 1166 5172 25.

1407 5213 1474 5294 bl*
