4242 6118
761 389 998 454 EVANGELlUll
1025 391 1224 454 SECUNDUM
1249 387 1452 456 blA'l'l'llEUll

1072 631 1154 702 XXl.
1288 687 1290 694 .

456 827 571 884 'iffi'
587 833 629 906 Ει
660 855 738 906 oum
771 829 1108 928 appropinquassent
1139 838 1388 934 Hierosolymis
1415 851 1450 911 et
1480 839 1659 914 venissent
1683 842 1847 936 Bethiage

337 978 341 986 ·
380 958 426 1032 ad
451 965 602 1030 montem
629 953 752 1039 oliveti,
779 963 858 1026 tuno
883 955 979 1026 lesus
1006 956 1098 1028 misit
1124 957 1213 1030 duos
1241 957 1429 1052 discipulos
1480 951 1634 1034 ’dicem
1661 963 1712 1034 eis
1738 965 1787 1034 lte
1813 963 1848 1034 in

381 1078 556 1150 castellum
582 1071 677 1168 quod
712 1084 830 1146 contra
865 1097 929 1148 vos
956 1085 1020 1162 est
1048 1086 1083 1148 et
1115 1078 1228 1150 statim
1254 1079 1431 1152 invenietis
1458 1079 1589 1153 asinam
1615 1083 1786 1176 alligatam
1812 1093 1848 1156 et

381 1199 508 1293 pullum
536 1217 613 1266 cum
639 1216 698 1266 ea:
726 1195 848 1266 solvite
875 1205 910 1268 et
936 1196 1098 1270 adducite
1124 1199 1214 1270 mihi.
1258 1190 1329 1272 Ἐι
1355 1200 1385 1272 si
1411 1200 1487 1294 quis
1512 1186 1613 1274 vohis
1639 1203 1766 1296 aliquid
1792 1203 1847 1276 di-

382 1317 487 1400 xerit,
522 1314 624 1387 dicite
658 1315 738 1408 quia
770 1315 929 1388 dominus
963 1317 1016 1388 his
1049 1339 1137 1412 opus
1172 1319 1294 1406 habet,
1330 1329 1365 1390 et
1397 1321 1575 1392 confestim
1602 1321 1748 1394 dimittet
1773 1343 1847 1395 eos.
1893 1413 1896 1420 ,

379 1427 494 1484 ‘im’
512 1435 586 1506 Hoc
619 1445 733 1506 autem
764 1435 888 1506 iactum
921 1446 976 1508 est
1009 1448 1044 1510 ut
1074 1439 1272 1534 impleretur
1304 1439 1399 1534 quod
1426 1441 1552 1514 dictum
1585 1451 1642 1514 est
1673 1464 1737 1536 per
1762 1464 1847 1536 pro-

299 1605 302 1616 ·
381 1559 523 1654 phetam
548 1557 718 1630 dicentem
769 1547 907 1628 ⁵Dicite
933 1553 1022 1628 filiae
1048 1557 1130 1630 Sion
1155 1561 1246 1630 Ecce
1272 1581 1336 1632 rex
1362 1569 1440 1632 tuus
1472 1562 1566 1634 venit
1598 1562 1657 1633 tibi
1683 1584 1847 1635 mausue-

382 1689 437 1752 tus
463 1689 499 1750 et
525 1677 653 1750 sedens
680 1697 786 1770 super
812 1675 942 1748 asinam
968 1685 1004 1748 et
1028 1677 1157 1772 pullum
1183 1679 1308 1752 'fllium
1335 1679 1530 1772 subiugalis.
1588 1671 1707 1731 alm-t
1720 1683 1848 1754 Euntes
1887 1766 1893 1770 ,

383 1809 496 1872 autem
523 1797 679 1890 discipuli
704 1797 858 1868 iecerunt
883 1797 971 1868 siout
1001 1799 1178 1894 praecepit
1202 1801 1266 1872 illis
1291 1801 1398 1884 lesus,
1443 1793 1509 1871 ὀι
1534 1799 1753 1872 adduxerunt
1778 1804 1849 1874 asi·-

341 1915 345 1924 “
381 1943 462 1994 nam
489 1929 524 1990 et
549 1918 693 2012 pullum,
721 1927 755 1988 ct
780 1915 1004 2010 inposuerunt
1029 1939 1135 2012 super
1160 1919 1211 1991 eis
1237 1921 1441 1992 vestimenta
1468 1941 1547 2005 sua,
1574 1930 1610 1991 et
1636 1941 1715 1992 eum
1742 1920 1849 1992 desu-

307 2023 310 2036 '
383 2063 447 2135 per
478 2038 605 2112 sedere
630 2039 791 2110 lecerunt.
843 2027 1016 2108 ⁸Plurima
1049 2049 1163 2112 autem
1199 2041 1298 2113 turba
1333 2049 1527 2112 straverunt
1558 2039 1761 2112 vestimenta
1786 2061 1851 2113 sua

383 2161 418 2232 in
442 2160 512 2244 via,
540 2159 594 2229 alii
626 2167 741 2230 autem
774 2155 968 2228 caedebant
996 2179 1114 2231 ramos
1148 2161 1194 2234 de
1220 2161 1403 2233 arboribus
1436 2173 1470 2232 et
1496 2159 1694 2232 sternebant
1718 2159 1752 2231 in
1777 2161 1849 2245 via;

382 2271 498 2328 ’Μ
516 2278 636 2352 turbae
664 2287 776 2351 autem
810 2297 900 2370 quae
924 2279 1183 2370 praecedebant
1215 2291 1250 2352 et
1283 2301 1373 2374 quae
1400 2280 1633 2374 sequebantur
1659 2279 1851 2352 clamabant

385 2401 540 2474 dicentes
566 2399 705 2470 Osanna
731 2397 800 2470 filio
826 2396 947 2482 David,
973 2397 1177 2473 benedictus
1204 2401 1262 2494 qui
1287 2411 1451 2474 venturus
1479 2402 1592 2473 estin
1618 2400 1755 2472 nomine
1781 2400 1849 2471 do-

385 2521 481 2609 mini,
521 2540 653 2592 osanna
693 2519 728 2590 in
768 2517 951 2590 altissimis.
1002 2509 1144 2570 ””””’·)
1174 2522 1217 2594 Ει
1249 2543 1326 2593 cum
1365 2521 1527 2592 intrasset
1565 2520 1848 2614 Hierosolymam,

385 2649 558 2714 commota
592 2649 646 2711 est
678 2638 838 2710 universa
872 2637 991 2710 civitas
1024 2638 1143 2712 dicens
1179 2642 1263 2728 Quis
1296 2651 1352 2712 est
1384 2640 1463 2712 bie‘?
1514 2635 1708 2736 ”Populus
1735 2649 1850 2712 autem

385 2762 523 2836 dicebat
547 2761 609 2832 llic
635 2769 689 2831 est
713 2759 810 2830 lesus
836 2757 1006 2852 propheta
1038 2781 1057 2830 a
1084 2761 1254 2833 Nazareth
1281 2760 1460 2834 Galilaeae.
1513 2753 1538 2798 ”
1551 2753 1639 2808 ””·”’
1651 2760 1693 2832 Et
1716 2759 1852 2830 intravit

384 2883 482 2956 lesus
508 2881 542 2956 in
567 2881 732 2974 templum
759 2877 832 2964 dei,
860 2889 895 2950 et
920 2878 1068 2953 eiciebat
1095 2901 1216 2952 omnes
1242 2881 1433 2954 vendentes
1459 2891 1495 2953 et
1520 2891 1675 2954 ementes
1699 2879 1735 2952 iu
1760 2889 1850 2954 tem-

385 3005 453 3099 plo,
480 3011 516 3074 et
540 3022 679 3072 mansas
705 2999 1008 3071 nummulariorum
1035 3011 1070 3072 et
1095 3000 1278 3074 cathedras
1304 3001 1524 3074 vendentium
1550 3001 1728 3074 columbas
1747 3021 1850 3073 ever-

385 3125 431 3210 tit,
464 3116 490 3162 ”
504 3131 538 3194 et
564 3121 645 3193 dicit
670 3119 721 3192 eis
755 3121 923 3214 Scriptum
957 3130 1012 3192 est
1042 3123 1174 3194 Domus
1201 3143 1279 3194 mea
1314 3122 1439 3195 domus
1467 3122 1629 3194 orationis
1655 3121 1849 3194 vocabitur:

385 3266 451 3317 vos
478 3253 593 3316 autem
619 3241 746 3313 lecistis
773 3240 861 3312 illam
889 3241 1087 3334 speluncam
1112 3243 1289 3316 latronum.
1341 3233 1368 3280 ”
1381 3235 1483 3292 ”’”’·)
1505 3244 1547 3314 Ει
1567 3251 1789 3314 accesserunt
1804 3241 1850 3314 ad

386 3388 465 3438 eum
492 3362 586 3435 caeci
612 3372 647 3434 et
672 3359 784 3434 claudi
810 3361 844 3432 in
876 3361 1021 3454 templo,
1055 3371 1091 3433 et
1116 3364 1250 3436 sanavit
1274 3383 1347 3434 eos.
1399 3355 1425 3400 ¹³
1438 3355 1528 3411 ”’”·)
1545 3363 1709 3436 videntes
1736 3371 1850 3434 autem

387 3486 559 3582 principes
586 3481 807 3554 sacerdotum
834 3489 870 3552 et
895 3482 1031 3554 scribae
1056 3483 1224 3556 mirabilia
1249 3503 1339 3576 quae
1364 3483 1453 3568 iecit,
1480 3493 1517 3556 et
1542 3505 1671 3578 pueros
1698 3484 1850 3556 claman-

386 3618 439 3680 tes
463 3606 498 3678 in
523 3603 651 3697 templo
678 3613 712 3673 et
738 3601 893 3674 dicentes
920 3603 1059 3674 Osanna
1084 3601 1152 3674 lilio
1179 3602 1299 3689 David,
1326 3603 1489 3696 indignati
1522 3615 1602 3678 sunt
1645 3597 1671 3644 ”
1688 3616 1723 3677 et
1748 3593 1850 3675 dixess

386 3738 463 3800 runt
488 3726 520 3796 ei
545 3723 653 3796 Audis
680 3723 761 3816 quid
786 3721 842 3794 isti
868 3722 1012 3796 dicam?
1044 3725 1140 3796 lesus
1168 3733 1282 3796 autem
1309 3724 1390 3796 dicit
1415 3724 1466 3796 eis
1492 3725 1630 3818 Utique:
1664 3744 1848 3816 numquam

386 3847 517 3941 legistis
543 3843 623 3938 quia
648 3864 694 3914 ex
720 3864 782 3914 orc
807 3842 980 3916 infantium
1006 3842 1260 3942 etnlactentium
1285 3845 1458 3937 perfecisti
1474 3845 1638 3916 laudem‘l
1664 3831 1791 3894 ””’”·)
1808 3841 1851 3912 Ει

386 3968 512 4040 relictis
544 3966 609 4039 illis
641 3964 724 4041 abiit
756 3965 848 4036 foras
888 3973 987 4036 extra
1027 3966 1198 4037 civitatem
1238 3965 1273 4034 in
1311 3963 1526 4048 Bethaniam,
1564 3963 1680 4056 ibique
1717 3961 1850 4033 mansit

386 4083 412 4128 ⁴⁸
426 4089 527 4163 blane
559 4096 672 4160 autem
707 4093 885 4156 revertens
916 4085 950 4154 in
982 4085 1153 4158 civitatem
1187 4083 1313 4168 esuriit,
1352 4074 1379 4122 ¹⁹
1394 4095 1430 4155 et
1460 4083 1583 4156 videns
1610 4083 1665 4154 lici
1691 4081 1851 4154 arborem

387 4232 488 4282 unam
514 4229 617 4280 secus
641 4207 734 4278 uam
757 4205 852 4279 venit
882 4205 928 4278 ad
954 4225 1048 4291 eam,
1076 4216 1111 4278 et
1135 4205 1216 4277 nihil
1241 4203 1368 4278 invenit
1392 4205 1426 4274 in
1452 4225 1495 4276 ea
1519 4203 1584 4276 nisi
1609 4203 1686 4275 lolia
1712 4211 1851 4275 tantum

385 4331 429 4404 Et
453 4331 500 4401 ait
524 4329 569 4399 illi
594 4327 788 4420 Numquam
814 4347 862 4398 ex
887 4335 921 4396 ta
947 4327 1074 4398 fructus
1100 4335 1260 4398 nascatur
1284 4325 1320 4398 in
1345 4325 1600 4419 sempiternum.
1635 4323 1678 4396 Et
1703 4323 1852 4394 arelacta

351 4507 356 4514 .
387 4459 443 4522 est
467 4447 626 4520 continuo
652 4445 805 4518 ficulnea.
856 4436 884 4484 '⁰
898 4445 941 4518 lit
965 4447 1123 4519 videntes
1151 4446 1307 4540 discipuli
1332 4445 1443 4518 mirati
1470 4455 1548 4518 sunt
1573 4445 1728 4518 dicentes
1755 4443 1852 4528 Quo·

387 4569 493 4642 modo
519 4567 817 4640 continuoaruit‘l
843 4557 970 4615 ””””)
988 4567 1217 4662 Respondens
1243 4575 1357 4640 autem
1382 4567 1479 4638 lesus
1504 4565 1550 4636 ait
1569 4565 1620 4638 eis
1647 4563 1760 4636 Amen
1773 4563 1852 4636 dico

387 4691 497 4776 vobis,
525 4689 555 4762 si
581 4687 767 4760 habueritis
792 4686 897 4762 fidem
932 4695 967 4760 et
982 4709 985 4718 ·
998 4708 1069 4759 non
1094 4688 1365 4772 haesitaveritis,
1396 4709 1465 4760 non
1500 4687 1610 4758 solum
1637 4685 1682 4758 de
1708 4683 1853 4758 ficulnea

387 4811 526 4896 iacietis,
553 4809 618 4882 sed
643 4819 679 4880 et
703 4809 732 4881 si
761 4809 868 4882 monti
900 4809 979 4882 huic
1010 4807 1167 4880 dixedtis
1200 4807 1296 4880 Tolle
1330 4819 1366 4880 et
1397 4810 1552 4882 iacta-te
1566 4841 1570 4850 ·
1585 4807 1620 4878 in
1645 4827 1751 4891 mare,
1777 4803 1852 4878 het:

388 4921 521 4978 ’Μ
535 4940 570 5002 et
595 4931 708 5003 omnia
734 4951 972 5024 quaecumque
1005 4927 1170 5023 petieritis
1203 4929 1238 5000 in
1270 4931 1426 5002 oratione
1452 4929 1634 5001 credentes
1668 4925 1852 5019 accipietis.
1917 4921 1920 4928 “

387 5039 571 5122 ”mut
596 5031 850 5124 cum⁰venisset
875 5051 909 5122 in
934 5050 1106 5144 templum,
1135 5060 1356 5122 accesserunt
1383 5050 1429 5123 ad
1455 5071 1534 5123 eum
1561 5048 1746 5121 docentem
1758 5043 1853 5136 prin-

389 5171 484 5266 cipes
511 5173 730 5246 saoerdotum
756 5181 790 5244 et
816 5173 972 5244 seniores
985 5170 1102 5265 populi
1122 5168 1275 5241 diceutes
1299 5171 1335 5240 lu
1361 5192 1429 5264 qua
1448 5179 1619 5264 potestate
1646 5165 1854 5238 haeciacis‘l

936 5291 1027 5375 dxl,
1058 5293 1070 5360 ι
1129 5331 1179 5344 -
1231 5293 1288 5366 23.
