4242 6118
345 347 393 418 52
736 346 978 412 avunculum
1005 348 1207 412 SECUNDUM
1232 346 1438 414 mutuatur

346 550 427 634 suis,
454 547 589 620 haedos
617 557 732 622 autem
759 573 780 622 a
807 550 959 622 sinistris.
1009 541 1144 623 ³*Tunc
1169 551 1262 622 dicet
1287 547 1353 622 'rex
1379 550 1433 620 his
1459 551 1518 642 qui
1551 571 1572 622 a
1598 549 1730 622 dextris
1756 552 1831 623 eius

347 677 447 739 erunt
477 667 599 740 Venite
632 667 805 740 benedicti
838 669 945 761 patris
977 671 1063 755 mei,
1105 670 1285 763 possidete
1325 679 1482 764 paratum
1510 669 1611 740 vobis
1637 691 1832 762 regnuma

347 787 586 860 constitutione
613 787 740 858 mundi.
791 779 965 858 35Εειιτίνὶ
997 788 1088 858 enim
1123 797 1158 859 et
1188 788 1333 860 dedistis
1367 787 1448 858 mihi
1480 786 1708 873 manducare,
1744 787 1833 860 sitivi

348 913 384 976 et
409 904 552 976 dedistis
579 904 661 974 mihi
686 903 818 988 bibere,
847 908 976 998 hospes
1004 927 1101 978 eram
1127 917 1163 978 et
1188 908 1375 980 collexistis
1402 927 1469 992 me,
1509 897 1536 943 ³⁸
1552 905 1666 978 nudus
1685 917 1721 977 et
1743 926 1833 998 ope-

348 1023 461 1094 ruistis
487 1044 553 1107 me,
580 1022 733 1092 infirmus
759 1029 795 1091 et
820 1021 980 1094 visitastis
1006 1045 1073 1110 me,
1100 1025 1134 1095 in
1161 1047 1302 1097 carcere
1328 1035 1364 1096 et
1379 1025 1521 1096 venistis
1539 1024 1586 1096 ad
1606 1045 1673 1096 me.
1700 1017 1727 1062 ³³
1740 1024 1835 1094 Tunc

349 1142 611 1236 respondebunt
636 1141 668 1210 ei
694 1139 771 1210 iusti
798 1137 953 1212 dicentes
979 1143 1136 1227 Domine,
1164 1145 1304 1236 quando
1332 1153 1367 1214 te
1392 1143 1542 1214 vidimus
1564 1143 1773 1214 esurientem
1800 1149 1836 1214 et

350 1262 517 1354 pavimus,
544 1259 714 1330 sitientem
741 1267 777 1328 et
803 1257 963 1332 dedimus
990 1261 1051 1331 tihi
1076 1265 1221 1355 potum?
1260 1253 1288 1302 ³⁸
1308 1262 1454 1346 Quando
1482 1269 1598 1332 autem
1624 1270 1659 1332 te
1685 1259 1835 1338 vidimus

351 1381 522 1472 hospitem
550 1386 585 1447 et
611 1377 815 1449 colleximus
842 1385 887 1461 te,
915 1387 974 1450 aut
999 1380 1130 1452 nudum
1163 1389 1198 1451 et
1230 1381 1498 1473 cooperuimus?
1549 1369 1576 1416 ³⁹
1591 1378 1660 1450 Aut
1693 1376 1835 1471 quarmo

351 1508 385 1568 te
411 1495 560 1566 vidimus
585 1495 755 1566 infirmum
782 1497 876 1568 etin
903 1518 1053 1583 carcere,
1081 1510 1116 1570 et
1140 1499 1297 1570 venimus
1324 1499 1371 1572 ad
1397 1501 1455 1569 te‘l
1506 1487 1534 1536 ⁴⁰
1548 1498 1592 1568 Et
1616 1496 1836 1590 respondens

352 1636 417 1688 rex
443 1612 534 1685 dicet
566 1614 629 1684 illis
655 1611 769 1684 Amen
796 1613 875 1686 dico
911 1617 1028 1702 vohis,
1063 1617 1228 1709 quamdiu
1260 1617 1388 1688 lecistis
1420 1617 1478 1686 uni
1512 1615 1558 1688 de
1591 1616 1644 1686 his
1676 1615 1838 1686 iratribus

353 1733 440 1804 meis
466 1732 627 1816 nu'nimis,
661 1731 743 1802 mihi
775 1731 912 1804 lecistis.
964 1722 987 1772 ⁴⁴
1005 1735 1099 1806 Tunc
1131 1734 1223 1806 dicet
1255 1744 1291 1804 et
1321 1734 1374 1804 his
1407 1735 1465 1825 qui
1500 1727 1539 1803 ’a
1564 1733 1707 1804 sinistris
1740 1741 1840 1804 eumt

352 1850 525 1924 Discedita
552 1871 573 1920 a
598 1870 657 1922 me
692 1850 866 1922 maledicti
897 1853 933 1922 in
963 1855 1081 1946 ignem
1112 1861 1292 1924 aeternum
1327 1851 1385 1944 qui
1420 1859 1646 1943 praeparatus
1681 1857 1735 1920 est
1761 1847 1839 1921 dia·

354 1969 438 2040 holo
466 1977 501 2038 ct
527 1967 658 2059 angelis
685 1967 769 2038 cius.
821 1953 847 2000 ⁴²
863 1967 998 2038 Esurivi
1033 1971 1125 2042 enim
1159 1981 1194 2042 et
1226 1992 1297 2042 non
1330 1969 1475 2042 dedistis
1505 1968 1588 2038 mihi
1619 1965 1839 2050 manducare,

356 2087 445 2158 sitivi
471 2096 507 2156 ot
532 2106 601 2156 non
629 2083 774 2156 dedistis
800 2083 882 2154 mihi
907 2095 1038 2179 potum,
1080 2075 1251 2180 ”hospes
1278 2103 1374 2159 eram
1401 2097 1436 2158 et
1461 2109 1533 2158 non
1559 2086 1746 2158 collexistis
1773 2107 1840 2170 me,

356 2205 470 2276 nudus
497 2212 532 2274 et
556 2225 626 2274 uon
654 2203 837 2295 operuistis
863 2224 930 2288 me,
957 2204 1110 2276 infirmus
1136 2215 1171 2276 et
1202 2207 1238 2277 in
1264 2227 1404 2278 carcere
1430 2215 1466 2276 et
1490 2223 1562 2276 non
1588 2205 1747 2276 visitastis
1774 2225 1841 2276 me.

356 2313 383 2362 ⁴⁴
397 2323 492 2394 Tunc
517 2320 779 2413 respondebunt
799 2331 834 2391 et
852 2322 918 2413 ipsi
938 2322 1093 2394 dicemes
1118 2324 1275 2408 Domine,
1304 2324 1442 2416 qrrando
1465 2334 1500 2394 te
1518 2323 1666 2396 vidimus
1686 2321 1842 2394 esurien-

358 2452 430 2514 tem
461 2449 520 2512 aut
545 2440 716 2510 sitientem
743 2449 802 2510 aut
827 2439 1000 2533 hospitem
1026 2449 1085 2512 aut
1111 2441 1240 2512 nudum
1268 2453 1327 2513 aut
1351 2441 1522 2514 infirmum
1548 2443 1606 2513 vel
1632 2441 1666 2512 in
1692 2461 1842 2524 carcere,

359 2569 396 2632 et
421 2581 491 2631 non
522 2558 788 2630 ministravimus
821 2559 903 2630 tibi‘l
955 2551 982 2596 ⁵⁵
999 2560 1095 2630 Tunc
1127 2560 1355 2652 respondebit
1387 2561 1451 2632 illis
1478 2559 1599 2640 dicens
1624 2543 1737 2631 Amen
1763 2558 1843 2630 dico

360 2677 472 2762 vobis,
499 2675 663 2769 quamdiu
688 2696 760 2762 non
785 2677 912 2748 lecistis
938 2678 995 2748 uni
1022 2678 1068 2750 de
1094 2677 1282 2750 minorihus
1309 2679 1372 2765 his,
1398 2701 1465 2749 nec
1488 2679 1571 2750 mihi
1587 2677 1722 2750 lecistis.
1765 2666 1845 2748 “ut

362 2797 458 2868 ibunt
483 2794 518 2866 hi
543 2794 578 2864 in
604 2793 806 2887 supplicium
835 2804 1022 2880 aeternum,
1049 2797 1128 2868 iusti
1155 2806 1270 2868 autem
1297 2797 1332 2867 in
1359 2798 1465 2868 vitam
1492 2807 1677 2868 aeternam.

1050 3069 1161 3140 xxvi.

441 3263 557 3320 'lm’
570 3272 613 3343 Et
639 3274 765 3344 lactum
792 3283 846 3344 est
872 3295 950 3344 cum
977 3283 1254 3346 consummasset
1278 3275 1375 3344 lesus
1408 3291 1590 3343 sermones
1621 3271 1687 3342 hos
1713 3289 1846 3354 omues,

365 3391 453 3463 dixit
478 3391 666 3492 discipulis·
680 3391 750 3462 suis
788 3383 913 3464 ’Scitis
940 3395 1020 3486 quia
1045 3403 1127 3486 post
1158 3393 1301 3464 biduum
1335 3390 1467 3485 pascha
1496 3389 1565 3474 fiet,
1601 3399 1637 3460 et
1667 3386 1755 3459 filius
1780 3387 1847 3458 ho-

365 3509 465 3580 minis
490 3507 645 3580 tradetur
666 3513 707 3581 'ut
732 3509 956 3602 crucifigatur.
1006 3503 1121 3560 ΝΜ)
1136 3512 1231 3582 Tunc
1256 3510 1457 3603 congregati
1482 3518 1561 3578 sunt
1586 3506 1757 3600 principes
1789 3525 1849 3576 sa-

367 3626 546 3698 cerdotum
574 3637 610 3698 et
635 3627 791 3698 seniores
817 3629 938 3721 populi
961 3629 996 3700 in
1022 3631 1144 3702 atrium
1170 3630 1332 3723 principis
1359 3626 1581 3700 sacerdotum
1614 3625 1673 3716 qui
1705 3623 1850 3696 diceba-

368 3751 423 3816 tur
449 3744 627 3837 Caiaphas,
666 3735 728 3816 ‘et
753 3747 931 3817 consilium
951 3737 1105 3818 fecerunt
1122 3756 1159 3818 ut
1174 3749 1288 3818 lesum
1307 3731 1390 3820 dolo
1412 3754 1570 3817 tenerent
1589 3753 1624 3814 et
1644 3741 1850 3814 occiderent.

368 3855 567 3934 ⁵Dicebant
593 3873 708 3936 autem
733 3864 877 3949 Nonin
910 3863 968 3936 die
994 3865 1101 3949 laeto,
1134 3885 1180 3936 ne
1212 3867 1302 3938 sorte
1335 3865 1497 3936 tunudtus
1523 3861 1624 3934 lieret
1649 3862 1684 3956 in
1708 3861 1851 3954 populo.

370 3972 491 4029 tim-t
506 3982 591 4053 Cum
618 3991 733 4052 autem
760 3991 855 4054 esset
878 3983 974 4054 lesus
999 3984 1034 4054 in
1058 3983 1224 4056 Bethania
1249 3985 1284 4054 in
1309 3983 1417 4056 domo
1436 3981 1584 4052 Simonis
1604 3981 1745 4074 leprosi,
1770 3973 1852 4048 ⁷ac-

372 4098 476 4170 cessit
501 4097 548 4170 ad
575 4119 655 4170 eum
680 4100 802 4172 mulier
827 4101 960 4172 habens
987 4102 1196 4174 alabastrum
1222 4103 1363 4194 ungenti
1388 4100 1548 4193 pretiosi,
1585 4109 1622 4170 et
1646 4097 1766 4170 effudit
1792 4119 1852 4166 su-

372 4236 437 4308 per
462 4223 566 4310 caput
590 4218 698 4311 ipsius
724 4220 965 4292 recumbentis.
1018 4212 1213 4292 ⁸Videntes
1247 4229 1363 4292 autem
1394 4218 1551 4311 discipuli
1586 4216 1750 4308 indignati
1775 4223 1855 4286 sunt

373 4336 528 4408 dicentes
554 4335 597 4408 Ut
623 4335 706 4427 quid
731 4337 878 4430 perditio
904 4338 1019 4409 haec?
1071 4331 1211 4410 ⁹Potuit
1236 4340 1327 4410 enim
1353 4338 1446 4410 istud
1471 4335 1663 4409 venundari
1688 4335 1797 4406 multo
1820 4341 1856 4402 et

375 4454 450 4525 dari
476 4455 698 4548 pauperibus.
749 4447 776 4492 ⁴⁰
789 4457 908 4528 Sciens
934 4466 1049 4528 autem
1075 4457 1171 4528 lesus
1198 4457 1245 4532 ait
1275 4458 1339 4528 illis
1374 4455 1465 4542 Quid
1498 4453 1636 4526 molesti
1669 4454 1752 4524 estis
1778 4473 1855 4522 mu-

370 4573 474 4644 ·lieri‘l
502 4594 592 4665 opus
618 4573 749 4644 bonum
776 4584 920 4668 operata
947 4584 1000 4646 est
1025 4575 1059 4645 in
1085 4595 1151 4646 me.
1203 4567 1226 4612 ⁴¹
1241 4575 1330 4646 Nam
1356 4594 1498 4667 semper
1523 4591 1696 4666 pauperes
1723 4567 1857 4641 habetis

377 4691 567 4777 vobiscum,
594 4714 651 4764 me
676 4702 792 4764 autem
818 4693 888 4765 non
914 4713 1055 4786 semper
1080 4691 1225 4762 hahetis
1259 4683 1284 4728 ⁴²
1297 4681 1386 4738 (m)
1400 4693 1536 4764 Mittens
1563 4691 1653 4762 enim
1679 4689 1768 4760 haec
1793 4707 1858 4756 un-.

378 4820 520 4902 gentum
544 4811 614 4883 hoc
645 4812 680 4882 in
715 4833 841 4905 corpus
874 4832 990 4882 meum
1026 4811 1072 4882 ad
1103 4809 1341 4903 sepeliendum
1374 4831 1432 4882 me
1465 4810 1552 4882 lecit.
1604 4803 1631 4848 ¹³
1641 4807 1753 4880 Amen
1780 4804 1858 4877 dico

378 4929 491 5012 vobis,
520 4930 725 5023 ubicumque
751 4931 987 5023 praedicatum
1013 4927 1113 4999 luerit
1138 4926 1206 4998 hoc
1232 4929 1449 5020 evangelium
1476 4930 1511 4999 in
1537 4938 1611 5000 toto
1637 4924 1778 5006 mundo,
1805 4922 1857 4994 di-
1898 4997 1902 5005 ,

379 5056 475 5117 cetur
502 5057 536 5118 et
561 5049 658 5141 quod
684 5049 771 5119 haec
796 5049 875 5118 lecit
900 5049 934 5117 in
960 5046 1161 5146 memoriam
1177 5045 1273 5115 'eius
1325 5036 1350 5084 ¹⁶
1367 5039 1459 5093 ‘ml
1473 5048 1569 5119 Tunc
1595 5045 1677 5117 abiit
1700 5063 1789 5114 unus
1815 5037 1862 5110 de

855 5167 953 5249 XXV,
982 5165 1027 5236 :tt
1085 5203 1130 5216 -—
1185 5163 1295 5244 XXVl,
1327 5163 1383 5234 tt.
