4146 6120
739 1413 949 1486 lNCIPlUNT
985 1411 1205 1484 CAPITULA.

329 1657 350 1726 l.
378 1656 430 1725 De
457 1655 589 1748 gratiae
613 1653 798 1725 vocatione
825 1671 889 1747 per
916 1653 1071 1746 gloriam.

315 1776 350 1845 ll.
378 1776 430 1845 De
457 1773 698 1845 sacerdotibus
726 1773 808 1846 dicit
833 1783 871 1844 nt
896 1793 1013 1845 curam
1040 1771 1192 1844 omnium
1220 1771 1395 1844 hominurn
1424 1783 1536 1865 agant.

302 1896 350 1964 lll.
378 1894 473 1965 Idem
500 1893 622 1964 Petrus
648 1892 804 1962 hortatur
829 1914 895 1963 nos
921 1891 967 1963 ad
993 1892 1123 1963 bonam
1150 1892 1377 1976 vocationem,
1406 1892 1504 1964 etde
1527 1892 1622 1964 obitu
1641 1913 1714 1963 sno.
1851 1948 1853 1959 .

290 2015 350 2084 llll.
378 2014 473 2085 Idem
500 2021 582 2106 post
606 2011 737 2102 obitum
764 2033 865 2082 snum
892 2011 1047 2082 hortatur
1073 2021 1110 2082 nt
1135 2010 1307 2082 bonorum
1335 2032 1510 2084 memores
1537 2013 1653 2096 simne,
1682 2023 1717 2080 et

378 2129 444 2205 ’de
468 2133 603 2204 visione
630 2130 752 2204 Christi
778 2129 812 2200 in
839 2139 966 2202 monte.

310 2255 347 2324 V.
374 2255 428 2325 De
461 2251 644 2347 prophetia
683 2261 719 2324 et
756 2248 1093 2346 pseudoprophetis:
1128 2257 1164 2320 et
1197 2250 1293 2342 qnod
1328 2252 1459 2346 angelis
1491 2252 1613 2346 iniquis
1646 2272 1714 2321 non

376 2371 575 2470 pepercerit
600 2371 705 2443 dens:
733 2369 780 2442 de
806 2369 936 2442 dduvio
963 2377 999 2440 et
1024 2366 1198 2440 Sodomis.

299 2495 350 2564 Vl.
376 2493 458 2564 Pios
484 2491 646 2566 dominus
672 2490 773 2584 eripit
799 2499 835 2561 et
850 2489 987 2582 iniquos
1005 2489 1041 2560 in
1059 2487 1153 2560 diem
1171 2487 1287 2560 iudicii
1305 2491 1512 2564 cruciandos
1529 2483 1713 2562 'reservat
1745 2477 1748 2486 ’

285 2613 349 2684 Vll.
376 2613 429 2684 De
455 2613 509 2684 nis
536 2611 595 2704 qui
621 2631 665 2682 ea
692 2630 782 2702 qnae
808 2610 969 2702 ignorant
994 2607 1152 2681 locuntur
1177 2608 1469 2702 blasphemantes,
1497 2609 1606 2682 secuti
1632 2629 1713 2680 sen-

376 2731 517 2804 tentiam
544 2731 694 2802 Balaam.

272 2853 349 2924 Vlll.
376 2853 429 2924 De
455 2852 509 2924 his
535 2852 592 2945 qni
620 2851 693 2922 sine
719 2851 830 2920 lmctn
856 2857 935 2920 sunt
961 2845 1075 2918 ethis
1101 2848 1160 2940 qui
1186 2849 1233 2922 ad
1257 2850 1425 2922 vomitum
1452 2858 1679 2922 revertuntur.

292 2973 346 3042 lx.
373 2973 533 3044 Hortatur
559 2972 594 3042 in
620 2968 776 3042 secunda
804 2969 950 3062 epistula
975 2987 1046 3038 non
1073 2966 1193 3038 audire
1219 2969 1326 3042 salsos
1352 2970 1526 3042 doctores.

304 3091 345 3160 X.
372 3091 424 3160 De
451 3090 508 3161 die
535 3089 725 3162 novissima
751 3087 842 3172 dicit,
868 3087 990 3158 nolens
1018 3085 1166 3178 aliquem
1193 3089 1318 3180 perire.

292 3209 344 3278 Xl.
371 3209 492 3280 Novas
518 3209 635 3280 caelos
661 3217 697 3278 et
721 3227 851 3278 nevam
878 3215 1007 3278 terram
1033 3213 1224 3298 expectare
1252 3206 1343 3294 dicit
1372 3219 1407 3280 et
1432 3230 1478 3281 ne
1503 3208 1537 3280 in
1555 3228 1710 3294 errorem

375 3327 563 3400 transducti
592 3325 782 3400 excedatis.

746 3472 970 3540 EXPLlGlUNT
992 3469 1190 3538 castrant.
