4242 6118
439 301 442 308 ι
578 353 584 368 ·
708 353 960 427 subsecutus
985 363 1188 428 sucunoou
1212 363 1338 430 suctu
1695 352 1768 432 tol

283 591 351 664 qua
375 575 472 663 parte
495 565 588 640 illum
613 565 781 638 inferrent
806 581 895 654 prae
919 565 1036 652 turba,
1064 567 1295 640 ascenderunt
1325 588 1432 664 supra
1465 576 1592 640 tectum
1624 587 1688 662 per
1714 575 1768 636 tas

283 691 380 784 gulas
405 697 441 760 et
465 686 708 760 summiserunt
732 683 833 754 illum
861 701 945 756 cum
971 687 1063 759 lecto
1089 687 1124 758 iu
1149 687 1303 760 medium
1335 697 1415 762 ante
1450 687 1573 760 lesum.
1622 677 1652 724 '³
1669 686 1768 771 Quo-⁴

284 831 359 882 rum
384 807 488 882 fidam
511 815 549 880 ut
571 806 667 892 vidit
694 803 786 876 dixit
813 799 944 890 Homo,
970 807 1185 880 remittuntur
1209 807 1270 880 tbi
1294 819 1439 904 peccata
1464 818 1532 880 tua.
1575 799 1599 846 ²⁴
1614 806 1657 878 El
1682 823 1769 877 coe*

284 939 407 1024 parunt
432 928 583 1021 cogimo
609 925 744 1010 scribae
778 929 819 992 et
845 917 1026 998 Pharisaei
1058 925 1212 999 dicentes
1240 929 1323 1016 Quis
1356 939 1409 1003 cst
1440 929 1498 1002 hic
1532 928 1590 1022 qui
1620 925 1770 1020 loquitur

284 1049 540 1145 blasphemias?
567 1046 645 1140 quis
669 1050 788 1140 potest
817 1037 994 1116 dimittere
1018 1055 1163 1140 peccata
1187 1045 1251 1118 nisi
1269 1051 1363 1122 solus
1380 1051 1497 1124 deus?
1536 1040 1618 1120 ”Ut
1633 1069 1768 1141 cogno-

285 1171 334 1244 vit
358 1180 473 1244 autem
498 1155 596 1240 lesus'
619 1164 853 1260 cogitationes
882 1183 1014 1252 eorum,
1038 1167 1259 1262 respondens
1291 1169 1376 1242 dixit
1408 1169 1458 1243 ad
1484 1169 1561 1240 illos
1588 1167 1678 1254 Quid
1704 1189 1767 1240 cc-

286 1292 401 1386 gitutis
426 1291 460 1362 in
486 1287 649 1362 cordibus
673 1284 828 1360 uestris?
884 1275 912 1322 ’³
930 1287 1018 1374 Quid
1039 1277 1105 1358 'est
1138 1287 1268 1360 facilius
1300 1289 1418 1363 dicere
1456 1289 1674 1360 Dimittuntur
1707 1285 1769 1360 tihi

286 1421 447 1506 peccata,
481 1432 526 1490 an
558 1407 677 1480 dicere
708 1409 821 1500 Surge
855 1414 894 1478 et
925 1408 1088 1480 ambula?
1143 1396 1169 1444 ²⁶
1183 1407 1223 1479 Ut
1254 1417 1369 1482 autem
1404 1409 1526 1482 sciatis
1566 1409 1646 1502 quia
1678 1409 1767 1482 lilius

286 1530 431 1604 hominis
456 1536 665 1625 potestatem
690 1527 795 1600 habet
826 1525 862 1596 in
888 1538 981 1602 terra
1006 1527 1176 1600 dimittere
1201 1538 1363 1621 peccata,
1397 1530 1446 1601 ait
1472 1529 1664 1624 paralytico
1691 1530 1767 1604 Tibi

285 1652 374 1737 dico,
400 1669 514 1742 surge,
540 1648 622 1720 tolle
645 1649 769 1720 lectum
794 1658 890 1720 tuum
916 1657 952 1720 et
975 1647 1068 1720 vade
1093 1647 1128 1717 in
1154 1645 1295 1720 domum
1321 1659 1427 1722 tuam.
1481 1640 1564 1720 ¹5llt
1587 1651 1765 1724 confestim

286 1790 431 1864 surgens
457 1790 577 1842 coram
602 1767 666 1838 illis
692 1767 824 1840 tulitin
848 1789 918 1862 quo
943 1768 1090 1853 iacebat,
1117 1775 1153 1838 et
1178 1767 1261 1840 abiit
1285 1768 1320 1840 in
1345 1769 1494 1842 domum
1513 1789 1611 1841 suam
1629 1775 1764 1866 magni-
1897 1857 1901 1867 .

286 1892 392 1966 licens
426 1891 542 1964 deum.
593 1879 620 1926 ¹⁸
637 1888 679 1960 Et
712 1897 831 1982 stupor
864 1886 1091 1982 apprehendit
1124 1907 1256 1974 omnes,
1283 1899 1318 1959 et
1342 1887 1615 1982 magnificabant
1641 1891 1762 1968 deum':

288 2023 323 2086 et
347 2011 469 2106 repleti
495 2019 573 2082 sunt
599 2009 729 2094 timore,
756 2008 909 2081 dicentes
935 2008 1016 2102 quia
1040 2006 1188 2080 vidimus
1221 2007 1388 2081 mirabilia
1422 2005 1544 2082 hodie.
1592 2002 1763 2090 ”imilla

286 2143 366 2228 post
391 2133 479 2204 haec
504 2129 587 2202 exiit
613 2139 648 2200 et
672 2127 757 2202 vidit
781 2126 996 2222 publicanum
1021 2127 1160 2198 nomine
1185 2127 1268 2199 Levi
1293 2128 1479 2200 sedentem
1504 2129 1553 2202 ad
1578 2131 1759 2224 telonmm,

285 2263 321 2326 et
346 2253 392 2325 ait
415 2251 461 2323 illi
485 2252 640 2344 Sequere
665 2270 746 2355 me.¹
781 2240 862 2320 ”Et
886 2247 1012 2319 relictis
1042 2247 1201 2319 omnibus
1233 2269 1379 2340 surgens
1413 2257 1558 2321 secutus
1588 2262 1643 2324 est
1668 2277 1757 2330 eum.

284 2365 399 2420 ”imi
411 2372 455 2444 Et
479 2371 558 2442 lecit
589 2370 621 2442 ei
656 2367 850 2440 convivium
881 2389 1043 2460 magnum
1076 2367 1158 2438 Levi
1189 2367 1225 2438 in
1249 2361 1357 2440 domo
1383 2389 1468 2454 sua,
1497 2378 1534 2440 et
1559 2383 1633 2446 erat
1658 2377 1758 2451 turba

273 2493 388 2564 1multa
413 2491 673 2585 publicanorum
699 2496 735 2560 et
759 2488 902 2560 aliorum
933 2488 991 2580 qui
1025 2509 1103 2560 cum
1134 2486 1197 2558 illis
1223 2495 1320 2558 erant
1351 2485 1621 2568 discumbentes.
1672 2487 1700 2534 ³⁰
1714 2497 1758 2570 Et

285 2611 543 2685 murmurabant
577 2608 752 2682 Pharisaei
781 2617 819 2681 et
853 2608 990 2682 scribae
1027 2627 1148 2680 eorum
1189 2606 1343 2680 dicentes
1380 2607 1428 2680 ad
1461 2609 1650 2710 discipulos
1681 2617 1755 2690 eius

287 2733 402 2818 Quare
427 2753 505 2804 cum
532 2729 722 2825 publicanis
746 2738 784 2802 et
808 2727 1047 2823 peccatoribus
1072 2726 1285 2799 manducatis
1319 2736 1355 2798 et
1386 2727 1530 2804 bibitis?
1579 2725 1603 2772 ³¹
1618 2722 1697 2784 (Μ)
1713 2735 1755 2808 Et
1894 2767 1897 2776 ·

284 2851 501 2946 respondens
528 2851 625 2924 lesus
651 2849 738 2923 dixit
762 2849 809 2926 ad
832 2850 909 2922 illos
932 2849 1008 2920 Non
1033 2857 1139 2940 egent
1163 2847 1220 2941 qui
1245 2847 1321 2919 sani
1346 2858 1425 2920 sunt
1450 2853 1587 2926 medico
1613 2855 1680 2928 sed
1696 2857 1753 2950 qui
1886 2857 1889 2863 “

285 2973 376 3046 male
400 2973 545 3044 habent:
584 2963 693 3044 ³²non
716 2970 795 3042 veni
819 2981 948 3044 vocare
973 2969 1081 3040 iustos
1106 2967 1171 3040 sed
1201 2976 1404 3060 peccatores
1437 2971 1474 3043 in
1499 2975 1752 3069 paenitentiam.
1860 2979 1871 2998 ⁹
1972 3017 1973 3027 κ

284 3083 367 3163 ³³At
391 3091 436 3162 illi
461 3091 622 3164 dixerunt
663 3090 710 3164 ad
743 3113 822 3166 eum
854 3092 969 3178 Quare
1005 3087 1160 3182 discipuli
1191 3085 1350 3159 lobannis
1380 3089 1533 3166 ieiunant
1555 3096 1753 3188 frequenter

284 3199 321 3284 et
346 3210 605 3284 obsecrationes
638 3212 779 3297 faciunt,
812 3210 962 3284 similitor
994 3219 1029 3280 et
1059 3207 1336 3293 Pharisaeorum,
1369 3209 1418 3280 tui
1443 3223 1559 3286 autem
1584 3215 1692 3287 edunt
1717 3223 1753 3284 at
1813 3285 1817 3296 ,

285 3319 428 3404 bibunt?
471 3321 498 3369 ³⁵
512 3331 642 3416 Quibus
667 3331 743 3426 ipse
768 3332 816 3404 ait
839 3329 1011 3424 Numquid
1035 3329 1180 3423 potestis
1204 3326 1292 3398 filios
1322 3331 1444 3420 sponsi
1476 3333 1559 3406 dum
1585 3353 1663 3406 cum
1688 3333 1751 3404 illis

286 3462 339 3524 est
363 3473 513 3546 sponsus
538 3453 653 3524 facere
678 3453 857 3526 ieiunare?
905 3441 933 3490 ³⁵
950 3449 1095 3522 Venient
1124 3457 1237 3522 autern
1259 3445 1341 3520 dies
1374 3471 1454 3522 cum
1486 3453 1620 3526 ablalm
1651 3451 1752 3526 fuerit

286 3573 331 3646 ab
357 3573 419 3646 illis
446 3593 604 3667 sponsus,
644 3573 946 3646 tuncieiumabunt
971 3569 1093 3643 inillis
1119 3569 1249 3644 diablus.
1288 3557 1475 3644 ³⁸Dicebat
1498 3582 1613 3646 autam
1640 3583 1676 3645 et
1700 3572 1748 3644 si·

285 3694 505 3766 militudinem
531 3693 577 3766 ad
602 3694 678 3767 illos
705 3694 784 3789 quia
808 3714 914 3768 nemo
939 3691 1199 3764 commissuram
1226 3713 1248 3762 a
1272 3690 1479 3765 vestimento
1504 3714 1602 3766 novo
1618 3691 1751 3766 inmittit

284 3815 318 3886 in
343 3815 581 3888 vestimentum
607 3825 724 3888 vetus:
751 3812 900 3908 alioquin
925 3819 961 3882 et
984 3831 1112 3884 novum
1137 3811 1277 3906 rumpit,
1304 3820 1341 3882 ct
1362 3813 1473 3884 veteri
1497 3836 1567 3886 non
1591 3813 1751 3887 convenit

285 3936 511 4008 commissura
537 3956 558 4006 a
583 3957 686 4008 novo.
736 3929 817 4008 iiEt
839 3953 944 4006 nemo
976 3931 1074 4004 mittit
1105 3932 1219 4004 vinum
1251 3934 1439 4006 mvumin
1471 3939 1565 4004 utres
1590 3941 1746 4006 veteres:

285 4055 433 4150 alioquin
457 4054 584 4149 rumpit
607 4056 723 4128 vinum
749 4077 876 4154 novum
901 4062 1010 4137 utres,
1037 4060 1073 4124 et
1103 4050 1215 4146 ipsum
1247 4053 1427 4126 ellimditur
1459 4062 1495 4125 et
1527 4062 1620 4126 utres
1653 4052 1747 4147 peri*
1865 4115 1869 4129 .

188 4231 196 4244 .
284 4177 383 4248 bunt:
427 4166 454 4212 ³⁸
467 4173 531 4248 sed
563 4176 677 4248 dnum
710 4197 839 4250 novum
873 4176 906 4246 in
938 4181 1032 4246 utres
1062 4193 1174 4246 novos
1206 4173 1408 4248 mittendum
1440 4181 1508 4260 est,
1541 4178 1578 4244 et
1602 4179 1746 4264 utraque

285 4305 539 4368 conservantur.
587 4288 615 4334 ³⁰
628 4297 670 4370 Et
694 4317 798 4370 nemo
830 4296 952 4368 bibens
981 4301 1082 4368 vetus
1112 4293 1224 4368 statim
1263 4293 1334 4368 vult
1364 4316 1508 4369 novum:
1540 4291 1624 4367 dicit
1653 4290 1745 4364 emm

285 4417 389 4488 Vetus
413 4417 535 4490 melius
561 4425 623 4488 est.

993 4625 1042 4696 vl.

359 4765 462 4825 'im'
479 4777 617 4850 Factum
650 4788 704 4850 est
737 4789 851 4852 aulem
883 4780 918 4852 iu
949 4779 1096 4852 sabbato
1129 4779 1283 4852 secundo
1314 4779 1443 4873 primo,
1477 4801 1555 4850 cum
1587 4777 1745 4850 hamuel

283 4917 346 4990 per
372 4905 455 4982 sata,
482 4897 655 4970 vellebant
680 4899 835 4994 discipuli
861 4897 935 4972 eius
960 4899 1073 4994 spicas
1098 4909 1135 4971 et
1159 4900 1410 4973 manducabant
1426 4899 1649 4972 confricantes
1666 4918 1743 4971 ma*

282 5017 391 5090 nibus.
433 5010 612 5105 'Quidam
643 5029 757 5092 autem
790 5017 1051 5094 Pharisaeorum
1084 5017 1244 5094 dicebant
1279 5021 1343 5092 illis
1375 5019 1467 5106 Quid
1506 5017 1614 5090 facitis
1648 5016 1743 5114 quod

282 5158 352 5210 non
384 5139 463 5212 licet
491 5139 528 5212 in
559 5137 740 5214 sabbatis?
788 5131 861 5212 3Ει
892 5141 1109 5234 respondens
1140 5141 1234 5214 lesus
1269 5137 1315 5214 ad
1344 5159 1415 5213 eos
1453 5137 1542 5213 dixit
1570 5139 1651 5214 Nec.
1674 5138 1744 5212 hoo

844 5260 1169 5346 um-ua
1579 5238 1583 5252 '

1361 5379 1439 5454 tl*
