4242 6118
350 391 397 462 dl
741 395 983 460 eustominus
1009 397 1213 460 SECUNDUM
1236 397 1443 461 lidl'TllEUll

371 499 509 508 ..n—..—

348 606 386 666 ut
410 617 479 666 non
507 595 638 667 intretis
663 597 696 667 in
724 598 976 670 temtationem:
1022 587 1109 646 (ml)
1130 600 1268 693 spiritus
1293 601 1433 693 quidem
1466 609 1623 692 promtus
1655 608 1724 683 est,
1752 621 1835 673 caro

349 725 464 786 autem
490 713 633 785 infirma.
686 704 713 752 ⁸²
725 707 813 764 ‘m'
826 719 953 788 lterum
979 717 1135 790 secundo
1168 719 1252 790 abiit
1284 729 1320 790 et
1352 718 1464 790 oravit
1496 717 1617 788 dicens
1649 717 1752 790 Pater
1777 719 1834 802 mi,

349 836 473 904 sinon
499 841 616 928 potest
641 833 697 905 hic
723 835 814 918 calix
839 835 985 906 transire
1010 836 1075 906 nisi
1100 836 1218 907 bibam
1244 835 1346 920 illum,
1373 837 1433 908 liat
1458 837 1616 908 voluntas
1643 846 1711 908 tua.
1754 825 1835 908 “Et

348 953 442 1022 venit
466 952 589 1022 iterum
616 961 652 1022 et
675 951 803 1024 invenit
830 975 894 1025 eos
920 954 1149 1040 dormientem
1176 965 1275 1026 erant
1300 955 1391 1024 enim
1426 955 1517 1027 oculi
1542 975 1664 1026 eorum
1690 963 1833 1046 gravati.

347 1060 374 1108 *⁸
388 1071 431 1139 Et
456 1069 582 1140 relictis
607 1069 670 1140 illis
696 1071 819 1146 iterum
847 1073 930 1144 abiit
956 1084 991 1142 et
1018 1075 1130 1144 oravit
1156 1073 1256 1144 tertio
1289 1073 1439 1144 eundem
1472 1095 1670 1144 sermonem
1703 1075 1833 1146 dicens.

348 1177 475 1234 *mil
490 1189 583 1258 Tunc
609 1187 702 1260 venit
729 1187 774 1260 ad
801 1189 989 1284 discipulos
1015 1213 1099 1264 suos
1126 1206 1161 1262 et
1186 1191 1269 1264 dicit
1293 1191 1355 1262 illis
1381 1192 1535 1264 Dormite
1553 1193 1622 1264 iam
1641 1204 1677 1263 et
1693 1194 1833 1286 requie-

347 1306 446 1376 scite:
475 1325 559 1376 ecce
586 1309 878 1402 appropinquavit
902 1310 999 1394 bora,
1027 1320 1062 1381 et
1087 1311 1174 1382 lilius
1200 1308 1348 1381 bominis
1374 1309 1529 1382 tradetur
1554 1312 1588 1380 in
1606 1333 1729 1384 manus
1746 1333 1833 1404 pec-

347 1433 513 1494 catorum.
550 1417 736 1518 *Surgite
755 1415 893 1497 eamus:
921 1449 1004 1500 ecce
1023 1428 1312 1522 adpropinquavit
1330 1428 1386 1519 qui
1404 1449 1462 1498 me
1479 1429 1590 1500 tradit.
1617 1419 1833 1502 “ffllldd-
1938 1507 1941 1514 ,

347 1543 414 1612 huc
440 1541 517 1635 ipsc
544 1543 716 1636 loquente,
744 1565 828 1616 ecce
855 1546 957 1618 ludas
983 1569 1071 1618 uuus
1097 1548 1143 1618 de
1169 1547 1355 1624 duodecim
1373 1547 1475 1629 venit,
1502 1557 1539 1618 et
1564 1569 1642 1616 cum
1661 1567 1705 1619 eo
1732 1545 1833 1618 turbe

346 1661 452 1731 multa
479 1683 555 1730 cum
582 1662 706 1754 gladiis
734 1675 768 1734 et
794 1665 948 1751 filethus,
976 1665 1072 1736 missi
1104 1686 1124 1734 a
1157 1663 1366 1757 principibus
1396 1664 1619 1736 sacerdotnm
1653 1675 1689 1736 et
1714 1667 1831 1737 senio-

346 1779 442 1849 ribus
468 1781 596 1872 populi.
649 1769 776 1826 “W
793 1783 858 1866 Qui
885 1793 1001 1854 autem
1030 1783 1168 1856 tradidit
1203 1804 1301 1866 eum,
1334 1781 1431 1854 dedit
1462 1783 1526 1854 illis
1551 1784 1687 1873 signum
1713 1783 1833 1856 dicens

346 1899 610 1988 Quemcumque
635 1899 807 1970 osculatus
835 1903 942 1986 luero,
969 1904 1045 1996 ipse
1073 1913 1135 1986 est,
1163 1909 1278 1972 tenete
1305 1921 1394 1972 eum.
1445 1891 1527 1970 ”Et
1558 1901 1737 1972 confestim
1758 1923 1832 1972 vac·

346 2015 476 2086 cedens
504 2015 550 2088 ad
575 2017 687 2086 lesum
714 2017 801 2088 dixit
828 2021 925 2092 llavc
951 2022 1060 2106 rabbi,
1088 2031 1124 2092 et
1150 2021 1324 2092 osculatus
1350 2027 1405 2090 est
1430 2039 1520 2090 eum.
1571 2011 1772 2112 llDixitque
1789 2020 1833 2090 illi

345 2135 441 2204 lesus
468 2133 598 2219 Amice,
626 2135 673 2206 ad
700 2137 795 2228 quod
821 2139 971 2210 venisti?
998 2141 1093 2209 Tunc
1118 2145 1341 2209 accessemnt
1368 2147 1403 2208 et
1428 2159 1551 2208 manus
1584 2138 1773 2210 iniecemnt
1797 2139 1832 2208 in

345 2252 458 2322 lesum
486 2261 520 2322 et
547 2263 728 2324 tenuemnt
753 2277 843 2326 enm.
889 2248 913 2292 ⁵¹
929 2247 1017 2306 (ω)
1030 2259 1073 2328 Et
1099 2277 1183 2328 ecce
1208 2279 1297 2328 unus
1323 2277 1370 2326 ex
1398 2255 1450 2326 bis
1468 2257 1525 2348 qui
1543 2265 1642 2330 erant
1659 2279 1737 2329 cum
1753 2259 1832 2330 lesu

346 2371 540 2442 extendens
567 2395 706 2444 manum
734 2375 864 2445 exemit
890 2375 1041 2466 gladium
1067 2397 1185 2459 suum,
1213 2385 1248 2445 et
1274 2375 1471 2468 percutiens
1504 2397 1643 2446 servum
1668 2376 1831 2469 principis

346 2489 568 2560 sacerdotum
595 2493 785 2586 amputavit
811 2493 998 2564 auriculam
1033 2494 1117 2564 eius.
1169 2485 1310 2540 mm)
1329 2493 1424 2564 Tunc
1457 2493 1503 2564 ait
1534 2493 1579 2564 illi
1610 2495 1707 2566 lesus
1738 2495 1830 2566 Cou-

345 2615 443 2677 verte
469 2609 621 2698 gladium
648 2621 743 2686 tuum
769 2613 803 2682 in
829 2612 943 2682 locum
969 2633 1086 2682 suum:
1114 2632 1236 2682 omnes
1263 2611 1353 2681 enim
1380 2612 1439 2702 qui
1465 2613 1662 2705 acceperint
1678 2613 1830 2704 gladium

345 2725 464 2816 gladio
491 2727 660 2818 peribunt.
712 2722 807 2800 58Αιι
832 2740 934 2824 putas
960 2728 1040 2821 quia
1066 2751 1136 2800 uon
1161 2749 1306 2822 possum
1332 2751 1460 2821 rogare
1486 2741 1619 2824 patrem
1642 2731 1768 2816 meum,
1795 2742 1830 2802 et

346 2841 527 2912 exhibebit
553 2847 633 2916 mihi
659 2849 768 2922 modo
794 2851 1002 2950 plusquam
1030 2848 1215 2921 duodecim
1242 2848 1401 2939 legiones
1428 2851 1656 2942 angelomm‘?
1690 2839 1828 2934 “Quo-²

344 2961 453 3031 modo
480 2981 566 3053 ergo
592 2963 823 3057 implebuntur
848 2968 1038 3060 scripturae
1065 2967 1145 3058 quia
1171 2965 1221 3036 sic
1248 2977 1386 3060 oportet
1412 2967 1512 3039 lleri‘l
1563 2957 1695 3014 ΜΗ
1711 2969 1748 3038 Ιιι
1773 2967 1830 3038 illa

321 3078 432 3150 bora
459 3079 546 3150 dixit
571 3083 666 3154 lesus
693 3085 801 3156 turbis
828 3087 1016 3177 Tamquam
1030 3084 1092 3164 ,ad
1117 3085 1286 3156 latronem
1314 3087 1433 3158 existis
1460 3107 1539 3156 cnm
1565 3083 1689 3176 gladiis
1715 3093 1751 3154 ct
1774 3086 1827 3155 lu-

344 3197 455 3268 sutus
482 3201 781 3296 comprehendere
808 3225 883 3274 me:
909 3203 1037 3274 cotidie
1064 3203 1158 3296 apud
1184 3221 1250 3274 vos
1276 3201 1447 3274 sedebam
1475 3204 1607 3274 docens
1633 3202 1667 3272 in
1685 3203 1827 3296 templo,

343 3325 381 3385 et
406 3337 475 3386 non
501 3338 559 3387 me
586 3319 749 3392 tenuistis.
800 3313 928 3370 “ml
942 3323 1017 3393 lloc
1044 3331 1159 3393 autem
1185 3331 1295 3392 totum
1321 3323 1446 3392 lactum
1474 3331 1529 3392 est
1552 3330 1590 3392 ut
1606 3321 1829 3413 implerentur

345 3433 534 3526 scripturae
551 3437 810 3530 prophetarum.
838 3441 932 3512 Tunc
949 3440 1105 3533 discipuli
1118 3461 1241 3511 omnes
1258 3439 1377 3511 rebcto
1392 3460 1436 3511 eo
1453 3442 1621 3533 lugemnt.
1647 3430 1673 3476 ⁵⁷
1686 3429 1829 3510 ‘mihil

344 3550 388 3620 illi
414 3561 571 3624 tenentes
596 3556 709 3628 lesum
735 3557 909 3630 duxeruut
934 3560 981 3632 ad
999 3559 1174 3652 Caiapban
1191 3559 1381 3652 principem
1406 3557 1638 3644 sacerdotum,
1664 3558 1724 3632 ubi
1741 3557 1825 3628 scri·

344 3669 413 3739 bae
447 3679 482 3739 et
516 3673 673 3746 seniores
705 3689 947 3748 convenerant.
998 3667 1130 3722 ml)
1143 3677 1264 3748 Petrus
1278 3691 1282 3698 “
1296 3685 1412 3748 autem
1447 3677 1659 3769 sequebatur
1693 3697 1772 3746 eum
1806 3695 1827 3744 a

344 3785 448 3878 longe
475 3809 584 3880 usqne
610 3793 645 3862 in
670 3793 792 3866 atrium
820 3795 983 3888 principis
1008 3795 1248 3867 sacerdotum:
1279 3805 1316 3865 et
1350 3795 1528 3886 ingressus
1559 3796 1646 3866 intro
1681 3791 1828 3864 sedebat

345 3923 425 3975 cum
450 3905 611 3980 ministris
637 3921 673 3984 ut
706 3911 842 3982 videret
871 3911 985 3984 finem.
1036 3905 1065 3952 ⁵⁰
1077 3904 1166 3960 (Μ)
1179 3913 1355 4006 Principes
1387 3923 1503 3986 antem
1537 3913 1758 3986 sacerdotnm
1791 3919 1827 3980 et
1933 3909 1937 3918 '

345 4041 451 4092 omne
482 4027 661 4100 concilium
696 4029 911 4122 quaerebant
942 4031 1065 4102 salsum
1099 4031 1329 4102 testimonium
1362 4041 1483 4102 contra
1514 4033 1641 4113 lesum,
1675 4037 1714 4100 ut
1745 4037 1826 4098 eam

345 4140 447 4210 morti
472 4146 658 4233 traderent,
700 4139 776 4219 ⁰⁰et
799 4169 871 4218 non
893 4147 1106 4232 invenerunt,
1134 4169 1212 4219 cum
1241 4150 1335 4220 multi
1361 4150 1436 4220 salsi
1453 4157 1562 4218 testes
1580 4147 1824 4218 accessissent:

345 4245 433 4304 (Μ)
446 4263 634 4336 nom'ssime
652 4275 767 4336 autem
784 4276 952 4338 venerunt
969 4267 1040 4338 dno
1060 4265 1134 4338 taisi
1151 4275 1259 4338 testes
1283 4259 1309 4306 ⁸¹
1323 4277 1359 4338 et
1376 4266 1536 4339 dixerunt
1553 4265 1615 4336 Hic
1632 4265 1719 4336 dixit
1735 4264 1824 4336 Pos-

343 4395 420 4448 sum
447 4377 627 4454 destruere
653 4386 818 4477 templum
845 4383 902 4456 dei
929 4395 965 4456 et
990 4394 1072 4477 post
1096 4383 1246 4457 triduum
1278 4384 1465 4457 aedificem
1497 4383 1588 4455 illud.
1639 4373 1721 4454 “Et
1746 4403 1824 4454 sur-

343 4513 430 4582 gens
455 4499 617 4593 princeps
643 4503 863 4576 sacerdotum
891 4504 939 4575 ait
963 4503 1007 4573 illi
1032 4501 1120 4573 Nihil
1145 4503 1329 4598 respondis
1356 4503 1402 4576 ad
1427 4523 1472 4574 ea
1498 4523 1589 4594 quae
1614 4502 1670 4573 itti
1696 4501 1824 4574 adver-

343 4633 420 4684 sum
454 4623 487 4686 te
518 4617 765 4692 testificantur?
817 4612 951 4694 ellesus
984 4631 1099 4692 autem
1133 4623 1278 4694 tacebat
1336 4623 1379 4692 Et
1410 4621 1570 4715 princeps
1602 4618 1825 4692 sacerdotum

343 4729 390 4800 ait
414 4731 459 4802 illi
484 4733 615 4809 Adiuro
642 4749 677 4810 te
703 4761 766 4833 per
792 4739 897 4812 deum
922 4739 1039 4810 vivum
1065 4751 1102 4812 ut
1127 4741 1224 4812 dicas
1249 4739 1351 4810 nobis
1377 4739 1407 4810 si
1432 4749 1468 4814 tu
1495 4761 1535 4810 es
1561 4739 1713 4812 Christus
1738 4737 1825 4810 lilius

343 4847 410 4919 dei·
451 4839 480 4890 ⁶⁸
493 4845 580 4902 ‘ml'
594 4859 681 4930 Dicit
705 4861 749 4930 illi
776 4860 871 4930 lesus
897 4859 947 4928 Τιι
974 4857 1104 4955 dixisti:
1133 4881 1252 4930 verum
1282 4867 1397 4930 tamen
1424 4859 1504 4932 dico
1529 4859 1642 4942 uobis,
1669 4879 1690 4928 a
1716 4855 1825 4928 modo

342 4965 502 5042 videbitis
527 4973 631 5048 lilium
659 4978 805 5049 hominis
831 4976 1013 5048 sedentem
1040 4999 1061 5047 a
1088 4977 1221 5048 dextris
1247 4978 1379 5050 virtutis
1413 4989 1449 5050 et
1478 4979 1673 5048 venientem
1699 4975 1734 5045 in
1759 4995 1823 5044 mr-

342 5083 443 5157 bibus
471 5093 566 5164 caeli.
605 5087 632 5132 ⁶³
644 5087 734 5142 (Μ)
748 5097 842 5168 Tunc
859 5096 1020 5190 princeps
1038 5095 1260 5168 sacerdotum
1280 5097 1379 5168 scidit
1396 5096 1600 5167 vestimenta
1623 5115 1687 5166 sua
1704 5093 1823 5164 dicens
1904 5168 1910 5178 ,

880 5215 991 5298 XXVI,
1021 5214 1068 5288 42
1126 5251 1169 5263 -
1224 5215 1284 5284 66.
