4102 6128
329 415 393 462 xuu
939 389 1223 454 PEOLEGOMENA

331 498 510 510 —.,..-...-.-.
488 498 562 504 -.-.---
565 496 764 504 κ--ω
1286 493 1405 502 —-—-—
1616 495 1821 504 -—.—--——-

386 616 529 685 alterum
563 613 580 680 l
610 610 841 704 improbatum
877 619 932 679 est
954 605 959 705 1
985 610 1169 682 universis:
1204 609 1321 680 codex
1353 609 1546 742 universais
1570 606 1575 708 1
1598 611 1711 683 xxvi.
1747 633 1827 680 cor-

387 713 515 802 rector:
544 729 817 802 Colossensibus.

339 853 535 946 Epistula
563 849 617 920 ad
646 849 922 920 colosenses.

392 975 423 1054 5,
453 973 485 1040 8.
513 969 748 1040 dilectionem:
783 969 829 1038 ita
858 989 904 1039 ex
931 967 1197 1040 delectationem
1235 967 1428 1038 restitutum
1457 962 1538 1066 est!
1565 972 1596 1051 5,
1624 973 1657 1040 9.
1685 969 1735 1037 in:
1763 969 1827 1038 de-

393 1093 496 1160 letum
525 1097 577 1158 est
601 1081 606 1184 1
633 1091 664 1172 5,
692 1089 751 1161 20.
779 1095 972 1158 corrector:
1009 1079 1252 1182 reconciliari!
1279 1089 1310 1168 5,
1339 1087 1397 1160 22.
1435 1097 1486 1156 et:
1522 1085 1658 1158 videtur
1689 1089 1828 1181 supple-

396 1221 466 1280 tum
494 1227 575 1278 esse
598 1200 603 1302 1
628 1208 661 1290 2,
694 1211 724 1276 l.
753 1215 946 1276 corrector:
974 1204 1158 1275 Laodiciae
1182 1197 1187 1300 1
1212 1207 1245 1288 2,
1274 1207 1306 1274 5.
1343 1205 1476 1276 codex:
1513 1201 1569 1276 ει*Ι
1595 1227 1744 1298 corpore
1769 1223 1773 1293 t
1796 1209 1829 1290 2,

395 1332 428 1398 8.
456 1327 588 1398 codex:
617 1317 951 1420 dcccclxix
980 1323 1237 1414 chirograffum:
1266 1319 1829 1422 alterumlerasumest12,45.
1879 1379 1888 1403 .

396 1455 587 1516 corrector:
615 1452 808 1536 potestates
832 1440 895 1533 12,
926 1445 983 1512 58.
1012 1451 1205 1512 corrector:
1232 1443 1265 1512 in
1292 1442 1482 1514 humilitate
1517 1454 1553 1514 et
1578 1444 1745 1536 religione
1768 1436 1830 1542 12,

396 1567 455 1640 22
484 1563 693 1634 secundnm:
722 1561 838 1633 codex
865 1561 991 1631 vitiose
1023 1583 1139 1632 secum
1164 1557 1227 1656 13,
1257 1564 1290 1631 5.
1319 1539 1494 1634 membra:
1537 1573 1715 1634 corrector
1746 1587 1831 1654 ergo

396 1684 554 1754 membra
578 1677 641 1778 13,
663 1683 720 1752 55.
749 1691 799 1751 et:
828 1681 1038 1774 suppletum
1054 1691 1107 1750 cst
1130 1673 1193 1776 13,
1216 1683 1273 1750 53.
1301 1692 1497 1753 corrector:
1526 1683 1613 1754 sicut
1632 1693 1667 1754 et
1690 1677 1753 1781 13,
1773 1682 1830 1756 25.

396 1803 513 1874 codex
545 1825 595 1896 pr.
632 1825 676 1872 m.
711 1800 826 1872 scietis
850 1799 855 1894 1
881 1798 922 1882 5,
951 1802 984 1869 5.
1019 1811 1215 1872 corrector:
1249 1802 1282 1870 in
1318 1802 1484 1896 sapientia
1509 1802 1513 1894 1
1539 1802 1577 1886 5,
1611 1807 1666 1874 53.
1702 1803 1831 1874 codex:

394 1914 581 2017 lierapoli!
608 1919 640 2003 5,
670 1923 727 1990 55.
755 1929 948 1990 corrector:
976 1919 1168 1990 Laodiciae.

344 2059 658 2151 Argumentum.

397 2179 432 2248 in
459 2177 593 2248 Christo
620 2175 715 2244 lesu:
744 2175 830 2246 haec
858 2175 1066 2268 improbavit
1092 2187 1279 2249 corrector.

349 2298 556 2392 Capitula.

302 2399 306 2414 ’
396 2421 418 2489 l.
447 2417 563 2489 codex
595 2439 645 2510 pr
681 2439 725 2484 m.
766 2415 909 2486 salvane
934 2409 998 2512 151.
1035 2415 1165 2486 codex:
1209 2416 1255 2487 ad
1290 2416 1490 2488 “edendum
1519 2412 1524 2514 1
1555 2419 1604 2488 Vl.
1641 2429 1832 2490 corrector:

399 2546 567 2630 operante
589 2533 670 2632 15555.
690 2535 806 2608 codex
829 2557 943 2628 prm
963 2534 1193 2606 interficerent
1215 2529 1220 2632 1
1244 2535 1310 2606 ΧΗ.
1335 2545 1385 2606 et:
1413 2539 1607 2632 suppletum
1634 2548 1688 2608 est
1711 2533 1716 2633 1
1738 2539 1833 2609 XVll.
1848 2589 1850 2596 ,

398 2658 530 2730 codex:
569 2667 694 2782 sraptu
711 2647 744 2780 1
739 2654 850 2724 XXlll.
894 2652 1026 2726 codex:
1071 2655 1407 2726 thessalonicentium
1432 2650 1437 2754 1
1461 2668 1633 2726 servetur:
1682 2659 1834 2750 sequitur

398 2797 433 2865 in
467 2795 590 2866 codice
623 2767 754 2864 omnes.

347 2927 546 3020 Epistula
573 2925 627 2996 ad
654 2922 1082 2994 Thessalonicenses
1107 2925 1130 2992 l.

402 3050 434 3130 5,
464 3048 496 3115 8.
524 3054 575 3114 et:
602 3045 637 3112 in
665 3041 788 3113 codice
815 3038 880 3110 sed
907 3061 1046 3111 erasum
1079 3040 1259 3134 praecedit
1281 3037 1286 3138 1
1312 3047 1345 3126 2,
1377 3047 1407 3112 5.
1443 3053 1637 3114 corrector:
1670 3045 1735 3136 ipsi
1764 3044 1831 3114 sci·

400 3165 443 3234 tis
466 3157 472 3262 1
496 3162 542 3236 ad
574 3184 657 3234 vos:
692 3161 851 3254 suppleta
885 3173 964 3229 sunt
986 3155 992 3256 1
1016 3163 1049 3244 2,
1079 3159 1111 3232 5.
1146 3159 1279 3232 codex:
1317 3158 1499 3232 crederetur
1525 3156 1587 3260 13,
1619 3167 1675 3238 52.
1704 3173 1834 3234 autem:

401 3291 578 3355 corrector
605 3288 719 3350 autem
747 3273 936 3376 dominus!
962 3277 994 3363 5,
1024 3277 1056 3350 5.
1084 3279 1217 3350 codex:
1245 3279 1501 3352 sainctilicatione
1526 3277 1530 3378 1
1556 3285 1588 3366 5,
1618 3285 1674 3352 53.
1703 3282 1834 3354 codex:

400 3413 437 3474 ut
460 3395 611 3472 habeatis
635 3395 640 3496 1
664 3402 697 3484 5,
729 3398 785 3470 55.
813 3397 948 3470 codex:
974 3398 1144 3480 infirmus:
1173 3409 1297 3492 postea
1325 3403 1429 3470 ‘stote
1454 3393 1459 3498 1
1484 3403 1517 3485 5,
1548 3404 1604 3471 55.
1641 3411 1835 3472 corrector:

399 3525 433 3593 in
459 3522 617 3592 invicem.

350 3643 544 3736 Epistula
571 3639 622 3710 ad
650 3639 1078 3711 Thessalonicenses
1105 3641 1139 3710 ll.

405 3766 436 3846 5,
467 3761 523 3834 52.
558 3768 753 3830 corrector:
789 3757 920 3828 domini
946 3759 1054 3828 nostri
1078 3753 1083 3855 1
1108 3762 1141 3843 2,
1172 3763 1228 3829 55.
1257 3769 1450 3830 corrector:
1487 3759 1689 3830 traditiones
1712 3754 1718 3859 1
1743 3765 1774 3845 3,
1807 3766 1836 3831 5.
1885 3841 1891 3852 ,

403 3879 520 3950 codex
545 3899 596 3972 pr.
623 3900 667 3948 m.
696 3887 792 3949 curat
814 3869 819 3972 1
845 3881 878 3960 3,
909 3881 966 3948 55.
999 3877 1116 3948 codex
1143 3899 1193 3969 pr.
1222 3900 1266 3947 m.
1300 3878 1468 3949 curiosae.

352 3999 560 4091 Capitula.
1420 3978 1426 3991 ⁸

403 4117 464 4188 llll.
491 4115 624 4189 codex:
660 4117 706 4188 de
739 4109 905 4208 '‘ymenco
930 4111 935 4213 1
959 4117 1010 4187 Vl.
1045 4115 1134 4186 dee:
1168 4117 1304 4188 codex:
1339 4100 1409 4189 dno
1444 4141 1467 4187 n
1500 4119 1674 4189 exstincto
1698 4114 1837 4217 licens:

403 4236 557 4328 sequitur
590 4235 767 4318 dominae,
804 4235 869 4306 sed
902 4234 1055 4306 deletum
1083 4245 1136 4308 est
1158 4229 1164 4330 1
1187 4236 1263 4308 Vlll.
1299 4247 1493 4309 corrector:
1526 4237 1671 4307 lormula
1695 4242 1701 4328 1
1724 4241 1776 4313 Xl.
1805 4253 1839 4313 et

403 4356 587 4426 exercitio:
622 4356 709 4426 haec
736 4356 770 4424 in
797 4355 920 4426 codice
946 4355 1194 4448 praetermissa
1225 4367 1304 4428 ειιιιι
1326 4351 1331 4454 1
1354 4357 1435 4428 Xlll.
1464 4365 1657 4427 corrector:
1685 4357 1837 4447 doctore,

404 4485 529 4568 postea
557 4496 606 4567 pr.
635 4495 679 4542 rn.
707 4473 859 4545 debeant
881 4468 887 4570 1
910 4475 981 4546 XX.
1010 4485 1205 4546 corrector:
1234 4477 1456 4548 accusatione
1479 4472 1484 4572 1
1507 4477 1618 4589 xxllt
1647 4479 1762 4551 codex
1790 4505 1837 4574 pr.

403 4615 448 4664 m.
475 4593 638 4678 infirmus,
673 4593 754 4664 item
787 4595 988 4666 abstinuerit
1020 4591 1277 4720 ιιιιο1Χ555555.
1312 4595 1447 4667 codex:
1488 4576 1682 4690 peccantia,
1717 4610 1839 4692 postea

405 4736 454 4805 pr.
483 4737 526 4784 m.
556 4714 789 4806 operantibus.

304 4841 306 4848 ’
354 4848 550 4940 Epistula
579 4850 630 4919 ad
658 4849 927 4921 Timotheum
956 4849 1000 4942 (5.1

409 4971 439 5050 5,
469 4971 501 5038 9.
529 4969 677 5060 primum
705 4971 813 5041 luerat
843 4970 1032 5064 patricidiis
1064 4981 1098 5040 et
1131 4972 1329 5043 matricidiis
1352 4965 1422 5066 15,
1434 4973 1510 5110 Ι’55.
1545 4973 1679 5045 codex:
1713 4992 1836 5064 super-

408 5114 638 5190 abundauit¹¹
639 5120 814 5214 ⁸gratia(
815 5122 835 5190 5.
854 5145 884 5194 e.
912 5119 1038 5214 haec‘l)
1027 5117 1126 5219 11,5
1146 5125 1204 5198 20.
1232 5123 1364 5195 codex:
1392 5127 1469 5218 quis
1491 5121 1554 5221 12,
1576 5129 1608 5196 3.
1635 5126 1747 5219 prima
1766 5145 1841 5194 ma-

407 5259 472 5308 nus
508 5239 671 5310 salvatori
704 5265 749 5312 uo
777 5241 843 5310 do:
882 5241 1037 5314 secunda
1065 5242 1239 5313 salvatore
1265 5265 1329 5315 nro
1363 5243 1430 5318 dec
1455 5239 1518 5343 15,
1550 5249 1581 5316 5
1616 5245 1748 5316 codex:
1776 5242 1841 5313 de-
