4220 6124
788 327 968 394 EPISTULA
993 327 1045 392 Ao
1070 323 1251 392 ROMANOS
1683 317 1756 394 245

283 536 398 610 ludaei
423 537 571 630 primum
591 534 773 610 ,et-Greci:
817 525 843 572 ⁴⁰
860 534 970 627 gloria
996 542 1109 605 autern
1143 539 1179 600 ει
1203 529 1316 600 honor
1342 538 1378 600 et
1395 528 1577 622 panomni
1603 526 1758 622 operanti

283 659 422 742 bonum,
448 657 577 730 Iudaeo
603 655 750 750 primum
777 663 813 725 et
838 654 960 726 Greco.
993 644 1034 718 ,Η
1050 653 1128 724 Non
1154 657 1207 720 εει
1231 647 1323 720 enim
1349 670 1576 744 personarum
1602 647 1758 750 acceptio

284 777 378 872 npnd
409 777 523 849 deum.
581 768 608 814 ¹²
625 776 839 868 Quicumque
874 775 965 846 enim
997 774 1069 844 sine
1107 773 1187 862 tege
1221 780 1471 863 peccaverunt,
1510 770 1583 842 sins
1616 769 1692 862 lego
1726 777 1761 840 et

285 899 460 992 peribunt;
498 891 551 968 'et
585 897 791 990 quicumque
823 895 857 965 in
889 897 966 987 lege
998 899 1243 987 peccaverunt,
1276 913 1342 984 per
1372 893 1487 984 legem
1504 889 1759 968 iudicabuntur.

286 1009 311 1054 ¹³
327 1019 404 1090 Non
430 1017 520 1088 enirn
547 1017 723 1090 auditores
749 1015 834 1106 legis
861 1015 938 1086 iusti
964 1023 1041 1086 sunt
1067 1011 1161 1106 apud
1187 1010 1301 1097 demn,
1329 1013 1569 1086 sedsactores
1595 1010 1681 1103 legis
1706 1009 1759 1082 iu·
1838 1010 1842 1019 '

287 1137 528 1210 stifioabontur.
580 1127 607 1174 ⁴⁴
624 1138 708 1208 Cum
740 1133 830 1206 enim
863 1144 1001 1227 gentes,
1036 1153 1128 1226 quac
1160 1132 1274 1225 legem
1307 1155 1377 1206 non
1402 1133 1538 1217 babent,
1564 1131 1764 1224 naturaliter

287 1280 376 1352 quae
402 1257 498 1350 legis.
514 1267 593 1328 sunt
618 1256 752 1341 iaciunt,
779 1254 949 1327 eiusmodi
975 1275 1043 1326 non
1069 1252 1238 1326 babentes
1264 1255 1379 1346 legem
1405 1253 1470 1348 ipsi
1497 1251 1562 1324 sibi
1587 1260 1666 1324 sunt
1690 1252 1758 1336 lex,

285 1370 312 1448 2⁵
330 1378 387 1472 qui
414 1376 599 1450 ostendunt
631 1397 720 1470 opus
749 1375 836 1468 legis
868 1376 1029 1469 scriptum
1056 1373 1090 1444 in
1117 1374 1280 1446 cordibus
1308 1374 1393 1459 suis,
1419 1373 1649 1446 testimonium
1676 1371 1758 1444 red-

286 1498 389 1570 dente
415 1497 478 1568 illis
505 1495 712 1568 conscientia
737 1495 890 1588 ipsorum
917 1505 953 1566 ει
977 1495 1064 1565 inter
1090 1494 1302 1566 seinvicem
1329 1492 1572 1586 cogitationum
1590 1514 1758 1564 accusan-

287 1619 368 1690 tium
395 1619 581 1689 autetiam
608 1614 877 1700 defendentium,
929 1607 956 1651 ⁴⁶
972 1614 1006 1684 in
1037 1613 1094 1685 die
1121 1635 1197 1686 curn
1230 1614 1394 1686 iudicavit
1419 1614 1506 1688 deus
1533 1615 1664 1708 occulta
1692 1614 1759 1687 bo-

287 1740 414 1810 minum
446 1735 634 1810 secundnm
669 1734 882 1826 evangelium
914 1756 1030 1807 meum
1063 1757 1127 1828 per
1157 1735 1269 1808 Iesum
1303 1734 1480 1806 Christum.
1532 1727 1557 1772 ¹⁷
1575 1737 1610 1807 Si
1643 1744 1758 1808 autern

287 1868 322 1930 tu
347 1857 496 1930 Iudaeus
528 1855 781 1948 cognominaris
816 1865 850 1926 ει
881 1853 1072 1948 requiescis
1103 1853 1241 1948 inlege
1267 1866 1303 1927 et
1327 1854 1483 1948 gloriaris
1510 1855 1638 1929 indeo
1681 1847 1768 1927 18ει,

287 1979 377 2050 nosti
401 1978 611 2050 voluntatem
637 1975 711 2046 eius
737 1985 772 2047 et
796 1975 927 2069 probas
953 1973 1095 2058 utiliora,
1122 1974 1303 2048 instructus
1329 1995 1405 2068 per.
1418 1976 1547 2068 legem,
1585 1967 1758 2048 19ἐοιιίὶ-

288 2100 341 2173 dis
367 2109 402 2170 ιε
427 2099 540 2192 ipsum
571 2095 694 2168 ducem
728 2117 808 2167 esse
834 2115 1034 2178 caecorum,
1061 2093 1177 2168 lumen
1203 2096 1469 2188 eorumquiin
1496 2096 1756 2182 tenebrissunt,

286 2211 533 2292 ”eruditorem
556 2215 794 2310 insipientium,
821 2216 1021 2310 magistrum
1047 2215 1235 2302 infantium,
1262 2217 1447 2288 habentem
1472 2218 1619 2290 formam
1644 2217 1757 2289 scien-

287 2340 354 2412 tiae
380 2353 415 2410 et
439 2336 593 2410 veritatis
619 2335 652 2408 in
678 2337 772 2429 lege,
815 2327 839 2374 ⁹¹
855 2336 913 2430 qui
940 2355 1024 2428 ergo
1051 2335 1153 2408 alium
1179 2337 1299 2421 doces,
1327 2347 1361 2408 ιε
1386 2337 1497 2431 ipsum
1524 2359 1595 2410 non
1620 2337 1756 2411 dooes‘?

286 2459 344 2554 qui
367 2457 557 2553 vpraedicas
595 2477 665 2529 non
697 2454 893 2542 furandum,
926 2453 1076 2528 furaris?
1124 2449 1150 2496 θ
1167 2457 1225 2550 qui
1262 2457 1348 2529 dicis
1385 2479 1455 2530 non
1493 2457 1756 2542 moechandum,

281 2579 505 2652 moecharis?
532 2576 589 2670 qni
616 2571 843 2648 'abominaris
869 2575 972 2660 idola,
1000 2575 1215 2670 sacrilegimn
1239 2577 1347 2650 sacis?
1390 2571 1417 2616 ἵ*
1433 2577 1490 2673 qui
1515 2578 1550 2649 in
1574 2578 1654 2672 lege
1679 2579 1756 2671 glo-

286 2699 398 2785 riaris,
429 2719 493 2794 per
518 2694 847 2792 praevaricationem
879 2695 966 2789 logis
993 2695 1097 2768 deum
1123 2697 1333 2771 inhonoras?
1379 2687 1405 2736 ²*
1420 2699 1556 2770 Nomen
1582 2697 1674 2770 enirn
1699 2697 1757 2770 dei

286 2841 355 2912 per.
381 2839 446 2890 vos
475 2816 735 2911 blasphematur
764 2816 852 2888 inter
883 2825 1022 2909 gentes,
1054 2817 1141 2890 siout
1176 2818 1339 2914 scripturn
1377 2829 1439 2890 est.
1498 2810 1756 2890 ²5Circumcisio

287 2938 425 3032 quidem
451 2937 596 3032 prodest
621 2935 650 3006 si
675 2935 789 3028 legem
817 2936 1001 3022 observes;
1029 2937 1057 3008 si
1083 2947 1196 3009 autern
1223 2939 1478 3034 praevaricator
1502 2939 1588 3030 legis
1605 2939 1662 3024 sis,
1689 2938 1756 3010 cir-

286 3055 449 3130 cumcisio
475 3068 534 3130 tua
559 3055 775 3150 praeputium
800 3057 891 3128 sacta
917 3067 979 3130 est.
1031 3048 1057 3094 ’ὃ
1075 3057 1110 3128 Si
1135 3055 1237 3150 igitur
1261 3058 1477 3154 praeputium
1502 3058 1645 3132 iustitias
1669 3058 1756 3152 logis

284 3176 473 3262 custodiat,
507 3197 621 3249 nonne
655 3175 867 3270 praeputium
902 3177 988 3249 illius
1014 3179 1048 3248 in
1074 3177 1366 3252 circumcisionem
1399 3177 1634 3272 reputabitur?
1676 3169 1757 3250 ”Et

286 3295 449 3368 iudicabit
475 3297 570 3390 quod
595 3317 643 3367 ex
666 3303 786 3367 natura
814 3305 868 3366 est
899 3297 1114 3391 praeputium
1140 3297 1264 3394 legem
1283 3319 1525 3372 consummans
1550 3307 1585 3368 to
1610 3297 1668 3390 qui
1692 3317 1755 3392 per

287 3417 431 3488 litteram
466 3431 502 3488 ει
534 3415 823 3488 circumcisionem
857 3417 1115 3510 praevaricator
1147 3419 1233 3512 legis
1268 3440 1317 3492 es.
1369 3410 1494 3490 ”Non
1516 3401 1607 3488 enim
1640 3417 1755 3512 quiin

288 3536 485 3623 manifesto,
512 3534 657 3608 Iudaeus
684 3545 752 3621 est,
786 3557 900 3629 neque
927 3558 1017 3631 quae
1043 3537 1078 3608 in
1103 3538 1285 3610 manifesto
1311 3537 1346 3608 in
1372 3560 1493 3625 carne,
1527 3523 1754 3624 circumcisio,

286 3637 390 3732 ⁵9scd
415 3657 473 3752 qui
498 3658 531 3728 in
563 3655 784 3740 abscondito,
819 3657 984 3743 Iudaeus,
1020 3667 1055 3730 et
1088 3657 1300 3732 circumcisio
1335 3657 1449 3732 cordis
1479 3660 1513 3730 in
1544 3659 1755 3754 spiritunon

285 3779 408 3864 littera,
437 3778 533 3850 cuins
559 3777 633 3848 taus
647 3797 727 3848 non
754 3797 800 3847 ex
826 3776 1020 3868 hominibus
1046 3778 1111 3852 sed
1137 3801 1183 3850 ex
1210 3780 1278 3853 deo
1306 3789 1367 3851 est.
1410 3857 1412 3864 ,

996 4055 1045 4125 111.

361 4247 421 4304 ’ω
442 4223 532 4344 Quid
565 4277 650 4349 ergo
677 4259 822 4353 amplius
857 4269 911 4332 εει
941 4259 1085 4345 Iudaeo,
1113 4271 1172 4332 aut
1197 4282 1287 4354 quac
1313 4260 1438 4334 utilitas
1464 4258 1753 4333 circumcisionis?

284 4369 453 4450 2Multum
485 4397 550 4471 per
581 4397 720 4450 omnem
754 4377 906 4451 modurn.
953 4380 1101 4451 Primum
1135 4381 1274 4475 quidem
1305 4381 1385 4475 quia
1418 4381 1548 4454 credita
1583 4389 1660 4452 sunt
1692 4378 1754 4448 illis
1892 4437 1895 4451 .

285 4496 422 4590 eloquia
448 4496 514 4568 dei.
565 4487 688 4582 ³de
714 4497 804 4570 onim
830 4499 859 4570 si
885 4499 1025 4592 quidam
1050 4500 1184 4572 illorum
1210 4521 1280 4572 non
1313 4501 1557 4574 crediderunt?
1590 4497 1754 4593 numquid

259 4661 261 4666 ,
285 4615 503 4693 incredulitas
528 4617 663 4690 illorum
681 4617 793 4691 tidem
818 4615 876 4690 dei
902 4619 1104 4692 evacuabit?
1128 4619 1236 4691 Absit.
1287 4609 1374 4692 ‘Est
1399 4595 1513 4694 autem
1531 4621 1618 4694 deus
1635 4641 1753 4703 verax,

285 4737 396 4810 omnis
422 4749 536 4810 autem
564 4738 669 4810 bomo
696 4737 858 4822 mendax,
885 4737 972 4810 sicut
996 4739 1157 4834 scriptum
1183 4750 1237 4812 est
1262 4741 1304 4812 Ut
1336 4740 1528 4816 iustificeris
1558 4741 1592 4812 in
1618 4761 1753 4812 sermo-

283 4855 383 4928 nibus
410 4855 475 4929 tuis
500 4867 535 4930 ει
561 4858 678 4932 vincas
705 4879 782 4930 cunr
815 4856 1000 4930 iudicans„
1036 4849 1097 4904 W)
1115 4859 1151 4929 Si
1176 4869 1289 4932 autam
1322 4859 1480 4954 iniqnitas
1513 4870 1632 4934 nostra
1656 4860 1753 4932 iusti-

284 4975 365 5047 tiam
399 4975 456 5049 dei
491 4979 728 5063 commendat,
760 4975 841 5070 quid
874 4975 1053 5050 dicemus?
1088 4956 1269 5072 numquid*
1285 4979 1419 5074 iniquus
1451 4982 1540 5055 deus
1573 4980 1630 5078 qui
1655 4980 1755 5052 insert

282 5097 391 5170 iram?
426 5098 621 5198 Secundum
660 5098 832 5170 hominem
865 5096 954 5169 dico.
1011 5089 1161 5172 6Αιιείιε
1197 5099 1344 5196 alioquin
1375 5103 1551 5198 quomodo
1592 5100 1754 5174 indicabit

852 5217 887 5304 ss,
917 5219 963 5312 ιθ
989 5256 1041 5272 -
1066 5219 1114 5306 111,
1143 5219 1175 5290 6.
