4146 6120
791 359 971 424 srrsruna
1007 337 1122 424 innan
1629 359 1701 428 395

209 565 425 637 sustinentes.
479 554 671 634 8Similiter
706 574 741 634 et
775 564 821 634 hii
854 585 993 635 carnem
1030 564 1171 654 quidem
1205 565 1391 647 maculant,
1434 563 1705 636 dominationem

212 695 328 756 autem
364 692 548 777 spemunt‚
581 684 797 754 maiestatem
832 693 947 754 autem
981 683 1235 775 blasphemant.
1288 677 1404 754 ⁹Cum
1434 678 1620 754 'Michahel
1648 705 1706 755 ar·
1743 735 1745 740 .

209 805 396 896 changelus
423 825 502 873 cum
530 801 670 875 diabulo
698 802 879 896 disputans
905 803 1130 874 altercaretur
1160 803 1206 874 de
1232 803 1319 874 blosi
1354 825 1520 896 corpore,
1554 815 1708 876 nonest

208 947 314 996 ausus
340 923 504 995 iudicium
531 922 656 993 interra
682 922 935 1016 blasphemiae,
963 919 1029 992 sed
1055 921 1144 992 dixit
1169 923 1319 1015 lmperet
1336 921 1396 992 tibi
1415 922 1594 994 dominus:
1621 915 1706 994 ⁴⁰hii

209 1054 324 1114 autem
358 1063 600 1136 quaecumque
635 1043 777 1135 quidem
812 1042 973 1134 ignorant
1007 1040 1269 1134 blasphemant,
1312 1061 1555 1134 quaecumque
1591 1053 1707 1115 autem

209 1163 406 1234 naturaliter
432 1171 610 1254 tamquam
637 1172 731 1233 muta
759 1147 917 1233 anim'alia
944 1169 1078 1245 norunt,
1106 1162 1141 1231 in
1159 1161 1211 1231 his
1230 1170 1506 1252 corrumpuntur.
1542 1153 1565 1198 ¹¹
1583 1154 1617 1208 (⁴³
1636 1166 1709 1236 Vae

210 1283 288 1367 illis,
326 1283 407 1374 quia
433 1282 490 1352 via
526 1279 609 1351 Cain
642 1281 802 1352 abierunt
837 1290 872 1350 et
906 1300 1026 1350 errore
1058 1281 1200 1350 Balaam
1232 1277 1398 1351 mercede
1435 1281 1533 1353 effusi
1571 1293 1712 1356 suntet

210 1401 481 1474 contradictione
509 1399 598 1470 Cere
624 1401 810 1494 perierunt.
865 1391 961 1468 12Ηίἰ
988 1409 1066 1470 sunt
1092 1401 1125 1469 in
1145 1400 1278 1492 aepulis
1297 1400 1370 1470 suis
1389 1403 1561 1487 maculae,
1590 1405 1710 1476 convi-

210 1531 332 1592 vantes
360 1521 434 1592 sine
461 1519 595 1604 timore,
624 1520 861 1612 semetipsos
888 1527 1082 1610 pascentes,
1112 1519 1224 1589 nubes
1251 1519 1325 1590 sine
1344 1541 1441 1610 aqua
1469 1545 1561 1615 qnae
1585 1544 1711 1596 aven-

212 1643 254 1712 tis
281 1641 571 1724 circumseruntur,
600 1639 746 1732 arbores
765 1639 980 1710 autumnales
998 1637 1229 1711 infructuosae
1246 1639 1302 1710 bis
1319 1648 1484 1712 mortuae
1502 1643 1709 1729 eradicatae,

211 1753 237 1795 ¹³
254 1761 376 1830 lluctus
401 1758 464 1828 leri
492 1758 597 1829 maris
623 1757 874 1851 despumantes
900 1778 981 1828 suas
1009 1757 1249 1842 contusionem
1280 1759 1404 1831 'sidera
1433 1762 1601 1845 errantia;
1630 1765 1708 1854 qui-

210 1859 277 1951 bus
304 1877 456 1972 procella
482 1877 704 1949 tenebrarum
732 1875 766 1950 in
794 1887 975 1949 aeternum
1003 1885 1141 1946 servata
1160 1886 1223 1947 est.
1251 1869 1322 1926 Μ)
1341 1879 1569 1972 Prophetavit
1586 1892 1703 1954 autem

213 1998 260 2069 de
286 1997 338 2068 his
365 1997 532 2089 septimus
559 1997 604 2068 ab
630 1994 745 2074 Adam
771 1995 892 2066 Enoch
918 1995 1039 2066 dicens
1070 1994 1161 2065 Ecce
1195 1997 1290 2067 venit
1319 1997 1484 2069 dominus
1501 2000 1552 2069 in
1579 1997 1709 2071 sanctis'

154 2169 158 2178 .
213 2117 349 2188 milibus
376 2116 466 2199 suis,
510 2108 537 2152 ⁴⁵
554 2118 671 2187 lacere
698 2115 859 2186 iudicium
887 2124 1008 2186 contra
1037 2135 1160 2184 omnes
1187 2123 1223 2184 et
1249 2137 1399 2208 arguere
1421 2113 1558 2188 'omnes'
1578 2119 1704 2210 impios

214 2236 260 2306 de
287 2235 448 2306 omnibns
475 2237 642 2328 operibus
668 2234 855 2327 impietatis
881 2255 1004 2304 eorum
1031 2234 1156 2324 quibus
1182 2235 1288 2328 impie
1306 2245 1454 2328 egerunt
1471 2245 1506 2306 et
1524 2236 1571 2308 de
1590 2239 1709 2308 omni-·
1779 2219 1788 2236 ’

211 2356 278 2426 bus
312 2354 408 2426 duris
441 2377 534 2446 quae
567 2354 672 2426 locuti
704 2362 782 2424 sunt
814 2351 934 2424 eontra
974 2373 1054 2422 eum
1089 2363 1296 2445 peccatores
1332 2351 1438 2448 impii.
1498 2347 1590 2425 16Ηίἱ
1625 2366 1705 2426 sunt
1742 2377 1749 2402 ⁸

214 2483 485 2545 murmuratores
512 2473 696 2566 qurereloei,
724 2473 917 2544 seeundum
943 2471 1119 2543 desideria
1145 2493 1209 2543 sna
1236 2472 1471 2560 ambulantes,
1498 2485 1534 2545 et
1560 2496 1601 2545 os
1627 2473 1704 2544 illo-

213 2617 291 2666 rum
323 2595 475 2685 loquitur
510 2593 727 2687 superbiam,
765 2593 930 2663 mirantes
960 2611 1130 2684 personas
1162 2601 1327 2685 quaestus
1360 2615 1477 2666 causa.
1536 2582 1614 2638 'W’
1631 2593 1704 2664 Vos

215 2721 340 2795 autem,
368 2711 544 2797 carissimi,
571 2733 749 2784 memores
777 2721 890 2812 estote
916 2711 1105 2786 verborum
1133 2732 1225 2804 quae
1251 2707 1431 2804 praedicta
1448 2722 1526 2784 sunt
1548 2711 1593 2782 ab
1615 2733 1701 2806 apo-

216 2831 313 2901 stolis
341 2831 471 2902 domini
497 2833 605 2902 nostri
630 2831 708 2904 les'u
735 2831 871 2914 Christi,
916 2821 943 2866 ¹⁸
960 2831 1018 2922 qni
1045 2830 1209 2902 dicebant
1240 2830 1344 2903 vobis
1374 2833 1538 2924 quoniam
1571 2831 1606 2900 in
1637 2851 1703 2902 no-

214 2948 358 3020 vissimo
392 2957 552 3041 tempore
586 2952 725 3021 venient
749 2945 930 3020 ‘inlusores
963 2949 1154 3020 secundum
1189 2969 1251 3020 sua
1284 2949 1462 3024 desideria
1488 2947 1705 3020 ambulantes

216 3066 438 3159 impietatum.
493 3059 583 3138 'litii
609 3079 688 3139 sunt
714 3069 772 3160 qui
799 3077 987 3158 segregant
1013 3077 1124 3138 semet
1141 3067 1248 3160 ipsos,
1276 3070 1442 3140 animales
1460 3067 1615 3160 spiritum
1633 3088 1704 3138 non

215 3185 395 3256 habentes.
438 3177 465 3221 ²⁰
481 3186 553 3256 Vos
587 3195 720 3270 autem,
757 3185 940 3268 carissimi,
975 3185 1306 3278 superaedificantes
1332 3186 1595 3279 vosmetipsos
1622 3207 1704 3256 san-

216 3305 388 3376 ctissimae
415 3313 553 3375 vestrae
570 3303 661 3388 fidei,
688 3306 723 3376 in
741 3305 861 3399 spiritu
880 3301 1007 3374 sancto
1023 3314 1181 3388 orantes,
1225 3296 1248 3342 ²¹
1268 3305 1366 3398 ipsos
1382 3327 1450 3378 vos
1467 3305 1502 3374 in
1519 3305 1704 3378 dilectione

217 3424 274 3495 dei
300 3433 455 3496 servate:
499 3415 527 3460 ²¹
544 3431 579 3494 et
606 3424 679 3496 hos'
698 3425 840 3517 quidem
867 3423 1000 3513 arguite
1026 3423 1216 3507 iudicatos,
1256 3418 1283 3468 ³³
1299 3425 1376 3497 illos
1401 3421 1488 3502 uero
1507 3425 1640 3496 salvate
1658 3423 1704 3496 de

216 3545 297 3636 igne
324 3545 508 3637 rapientes,
537 3543 611 3614 aliis
637 3553 753 3614 autem
779 3541 990 3613 miseremini
1016 3543 1051 3612 in
1076 3543 1209 3628 timore,
1238 3542 1398 3616 odientes
1417 3565 1496 3616 eam
1514 3565 1606 3636 quae
1624 3565 1703 3614 car-

216 3665 302 3735 nalis
329 3674 383 3735 est
409 3664 614 3735 maculatam
642 3663 802 3733 tunicam.
855 3649 882 3698 ²⁴
900 3643 985 3732 ‘lbi
1011 3671 1126 3732 autem
1153 3663 1212 3754 qui
1243 3673 1361 3756 potest
1391 3685 1458 3735 vos
1491 3659 1704 3734 conservare

218 3785 293 3855 sine
319 3793 466 3877 peccato
494 3793 529 3853 et
555 3781 764 3853 constituere
791 3789 871 3852 ante
897 3791 1121 3874 conspectum
1148 3781 1279 3874 gloriae
1306 3805 1391 3855 suae
1417 3783 1644 3854 inmaculatos
1671 3783 1704 3852 in

218 3904 447 3988 exultatione,
490 3894 519 3940 ’ὃ
535 3902 599 3974 soli
632 3901 702 3972 deo
735 3901 898 3973 salvatori
932 3909 1051 3972 nostro
1086 3921 1150 3993 per
1183 3901 1294 3972 lesum
1326 3904 1495 3974 Christum
1527 3901 1705 3974 dominum

218 4033 384 4107 nostrum,
413 4024 468 4094 cui
494 4023 604 4115 gloria
630 4020 884 4113 magnificentia
909 4017 1104 4112 imperium
1118 4029 1153 4092 et
1178 4031 1337 4114 potestas
1373 4031 1452 4093 ante
1485 4021 1591 4094 omne
1623 4027 1709 4092 sae—'

221 4143 332 4212 culum
362 4151 396 4212 et
421 4164 511 4213 nunc
538 4153 573 4213 et
598 4143 632 4212 in
660 4143 774 4212 omnia
802 4140 956 4225 saecula,
998 4137 1109 4210 amen.
1166 4137 1170 4144 '
1615 4137 1618 4143 ’
1703 4158 1706 4166 ’

691 4309 863 4372 EXPLICIT
900 4307 1082 4370 EPlSTULh
1115 4307 1238 4372 ronta.

762 4445 839 4506 DEO
863 4443 1026 4508 GRATIAS
1048 4442 1162 4507 ΑΜΕΝ,

742 4596 935 4660 FELlClTER
968 4599 1032 4671 QUl
1067 4599 1185 4661 LEGIS.

820 4915 1120 4928 Μ
