4102 6128
692 772 818 844 'litentur
835 776 868 826 ab
888 789 920 826 eo
939 786 997 824 cum
1015 774 1084 824 omni
1102 775 1207 826 liducia:

313 891 517 950 surrexerunt
530 889 632 944 autern
648 881 776 964 quidam

336 989 377 1052 de
393 1004 546 1070 synagoga
562 1002 642 1066 quae
657 983 833 1065 appellatur

333 1093 547 1154 libertinorum

315 1205 348 1257 et
362 1192 574 1276 cyrenensium
589 1197 620 1250 et
634 1187 910 1250 alerrandrinoruT

314 1307 347 1360 et
360 1313 465 1359 eorum
480 1295 533 1376 qui
549 1301 638 1354 erant
652 1311 670 1353 a
684 1291 783 1354 cilicia

335 1408 368 1463 et
383 1400 448 1462 asia

315 1499 512 1584 disputantes
526 1515 597 1560 cum
611 1495 764 1578 stephano

315 1615 349 1666 at
364 1622 425 1666 non
439 1609 583 1684 poterant
597 1599 745 1661 resistere

336 1705 507 1786 sapientiae
528 1711 559 1764 ot
572 1691 645 1784 s'pui
664 1705 717 1783 qui
736 1691 804 1786 loq'e

335 1805 438 1869 batur·
454 1817 557 1872 propter
569 1809 636 1873 quod
647 1801 807 1873 redarguell.

314 1919 392 1972 tuno
407 1911 626 1973 summiserunt
640 1911 726 1974 uiros

338 2015 392 2095 qui
407 2012 545 2076 dicerent

314 2133 351 2178 se
367 2113 493 2177 audisse
508 2135 580 2178 eum
594 2115 750 2178 dicentem

338 2215 438 2277 uerba
452 2215 665 2300 blasphemiae

336 2319 371 2378 in
386 2337 493 2381 mosen
508 2331 540 2384 el
551 2312 605 2383 dm

316 2433 553 2487 oomrnouerunt
562 2425 666 2506 itaque
677 2422 808 2506 plebe'f

340 2531 374 2584 et
388 2525 525 2588 seniores
540 2535 571 2590 et
581 2527 699 2588 scribas

317 2633 349 2685 ot
359 2638 583 2690 concurrentes
598 2638 773 2709 rapuerunt
788 2633 862 2692 eu‘·'

320 2737 353 2788 ot
364 2725 565 2792 adduxerunt
574 2732 605 2792 in
616 2731 778 2794 concilium
793 2767 794 2772 κ

319 2839 352 2892 et
364 2836 537 2894 statuerunt
547 2841 643 2896 testes
654 2833 748 2897 lalsos

342 2933 397 3012 qui
412 2931 551 2996 dicerent

320 3035 413 3096 homo
427 3035 485 3096 isto
500 3053 560 3097 non
577 3045 678 3100 cessat
692 3038 774 3119 loqui

343 3135 442 3199 uerba
457 3137 607 3202 aduersus
618 3137 718 3203 locum
732 3129 800 3204 som

324 3306 326 3310 ,
344 3249 376 3300 et
389 3239 491 3319 legem

322 3339 501 3405 audiuimus
512 3343 594 3406 enirn
611 3363 683 3407 enm
698 3344 855 3412 ‹licentess

324 3445 470 3526 quoniam
481 3432 529 3508 'ih-s
543 3465 715 3512 nazarenus
726 3449 774 3512 bio

345 3545 486 3608 destruet
495 3544 596 3607 locum
607 3549 700 3612 istum
843 3530 847 3544 ’

325 3658 356 3711 et
366 3647 495 3711 mutauit
507 3647 686 3715 traditiones
698 3670 776 3733 quas

345 3745 473 3810 tradidit
483 3749 572 3814 nobis
585 3772 688 3818 moses

324 3859 356 3912 ot
367 3850 520 3915 intuentes
534 3873 604 3915 eum
620 3875 728 3918 omnes

347 3954 401 4034 qui
415 3953 568 4017 sedebant
581 3957 613 4019 in
623 3959 749 4020 concilio

325 4054 472 4119 uiderunt
484 4059 591 4120 faciem
599 4061 666 4123 eius
681 4069 743 4124 tarn

346 4176 440 4240 quam
452 4161 552 4241 angeli

291 4265 378 4336 Dixit
392 4285 496 4337 autem
510 4277 652 4360 princeps
664 4295 753 4340 sacer

349 4377 455 4440 dotum
469 4383 494 4440 sl
506 4378 584 4442 haec
598 4381 640 4443 ita
652 4398 688 4442 se
704 4379 837 4445 habeant

329 4484 381 4564 qni
396 4483 439 4544 ait

213 4566 374 4659 sffiUiri
386 4587 498 4647 [ratres
508 4593 539 4644 et
552 4593 656 4664 patres
671 4583 775 4648 audite

329 4692 365 4764 d‘s
377 4697 492 4780 gloriae
504 4701 649 4780 apparuit
658 4703 740 4781 patri
754 4679 858 4767 nostro

352 4801 499 4866 abraham
515 4820 584 4862 cum
597 4811 680 4865 esset
686 4799 798 4866 inmeso

350 4900 519 5004 potamiaJn

330 5027 417 5108 prius
429 5043 521 5106 quam
537 5034 710 5088 moraretur
721 5027 752 5088 in

352 5129 493 5192 charram
546 5139 578 5192 et
588 5125 666 5190 dixit
677 5127 717 5191 ad
727 5130 814 5192 plu-r

331 5229 588 5296 erideterratua
622 5231 813 5314 etdocogna

1076 879 1160 940 tione
1170 887 1223 939 tua

1055 991 1087 1042 et
1101 980 1173 1040 ueni
1187 980 1346 1040 interram
1362 996 1454 1059 quarn
1470 962 1528 1039 tibi

1080 1089 1292 1143 monstrauero

1056 1189 1129 1244 tuno
1143 1183 1217 1248 exiit
1232 1180 1271 1243 de
1285 1193 1369 1244 terra
1381 1177 1610 1242 chaldaeoru‘f

1079 1293 1111 1347 et
1121 1282 1270 1348 habitauit
1278 1287 1312 1345 in
1323 1283 1466 1345 charram

1056 1387 1171 1450 etinde
1187 1396 1353 1468 postquam
1364 1394 1506 1448 mortuus

1079 1500 1129 1552 est
1142 1499 1231 1570 pater
1243 1491 1311 1553 eius

1058 1592 1215 1654 transtulit
1229 1592 1314 1653 illum
1328 1590 1360 1650 in
1374 1579 1491 1652 terram

1081 1694 1173 1756 istam
1184 1694 1215 1754 in
1228 1711 1291 1774 qua
1305 1711 1389 1754 nnnc
1400 1709 1455 1754 uos
1469 1689 1627 1751 habitatis

1056 1803 1088 1856 et
1102 1813 1165 1857 non
1181 1793 1267 1856 dedit
1278 1793 1318 1856 illi
1328 1791 1538 1856 hereditate*

1078 1899 1158 1959 inea
1173 1915 1230 1959 nec
1244 1914 1372 1976 passum
1383 1895 1475 1978 pedis

1057 1997 1116 2060 scd
1128 1999 1305 2078 repromisit
1320 1995 1395 2060 dare
1407 1997 1450 2060 illi
1462 2015 1534 2059 eam

1079 2100 1111 2160 in
1126 2101 1353 2180 possessionem
1448 2149 1451 2160 ,

1058 2211 1089 2264 et
1103 2203 1212 2264 semini
1228 2204 1293 2264 eius
1304 2211 1375 2283 post
1384 2203 1486 2282 ipsum

1057 2303 1446 2366 oumnonhaberetfilium

1018 2409 1154 2487 Locutus
1167 2434 1214 2486 est
1226 2433 1328 2486 autem
1346 2413 1384 2484 ds

1060 2528 1133 2610 quia
1146 2527 1205 2588 erit
1220 2545 1326 2588 semen
1341 2526 1408 2586 eius
1419 2525 1523 2586 accola
1601 2573 1607 2586 ,

1080 2631 1113 2690 in
1124 2636 1206 2690 terra
1217 2627 1315 2690 aliena

1059 2741 1091 2794 et
1105 2731 1244 2794 seruituti
1260 2748 1314 2791 eos
1325 2729 1479 2792 subicient

1061 2842 1093 2896 et
1105 2832 1186 2896 male
1200 2832 1377 2894 tractabunt
1387 2851 1442 2894 eos

1082 2936 1170 2998 annis
1182 2931 1413 3016 quadringentis

1062 3046 1094 3098 et
1107 3046 1229 3118 gentem
1245 3039 1293 3098 cui
1308 3037 1475 3100 seruieriut

1082 3173 1137 3236 ego
1150 3155 1295 3218 iudicabo
1307 3155 1386 3218 dixit
1398 3145 1457 3220 dns

1063 3263 1176 3337 etpost
1187 3257 1266 3318 baec
1277 3259 1407 3320 exibunt
1418 3268 1449 3321 ct
1460 3257 1501 3320 dc

1082 3359 1219 3420 seruient
1231 3359 1303 3420 mihi
1316 3362 1348 3420 in
1363 3361 1428 3422 loco
1440 3361 1498 3422 isto

1063 3469 1095 3522 et
1105 3457 1191 3520 dedit
1199 3459 1242 3520 illi
1257 3467 1478 3524 testamentum

1082 3561 1323 3624 circumcisionis

1062 3673 1094 3726 et
1104 3665 1148 3726 sio
1158 3665 1263 3744 gennit
1273 3666 1356 3727 isaac

1065 3773 1096 3829 ct
1106 3767 1296 3830 circumcidit
1308 3789 1381 3830 eum
1393 3767 1444 3830 dic
1456 3777 1566 3830 octaua

1064 3877 1095 3931 et
1109 3871 1194 3931 isaac
1209 3870 1295 3932 iacob

1062 3982 1094 4034 et
1107 3972 1193 4033 iacob
1209 3971 1373 4035 duodecim
1388 3972 1576 4057 patriarchas

1067 4084 1098 4136 ot
1112 4074 1307 4155 patriarchae
1322 4075 1514 4137 aemulantes

1086 4175 1190 4259 ioseph
1206 4175 1414 4240 uendiderunt
1428 4179 1459 4238 in
1471 4193 1574 4257 aegyp,

1086 4305 1150 4358 tum
1205 4307 1236 4360 et
1251 4307 1320 4360 orat
1334 4289 1371 4361 d‘s
1384 4317 1454 4360 cum
1467 4317 1503 4358 eo

1066 4409 1098 4462 et
1113 4400 1226 4480 eripuit
1240 4417 1312 4462 eum
1327 4421 1367 4464 ex
1382 4399 1524 4462 omnibus

1085 4501 1335 4568 tribulationibus
1349 4505 1416 4566 eius

985 4637 988 4642 ι
1067 4612 1098 4664 et
1113 4603 1198 4666 dedit
1212 4605 1241 4666 oi
1256 4608 1386 4686 gratiam
1401 4615 1432 4668 ot
1444 4604 1551 4684 sapien

1087 4707 1159 4768 tiam
1176 4708 1208 4768 in
1223 4718 1388 4788 conspectu
1402 4705 1568 4790 pharaonis

1088 4811 1167 4890 regis
1183 4812 1396 4892 aegyptiorum

1068 4919 1098 4972 et
1111 4913 1268 4974 constituit
1283 4931 1353 4974 eum
1368 4912 1514 4992 praeposi

1088 5023 1152 5074 tum
1168 5033 1265 5095 super
1278 5023 1445 5096 aegyptum

1066 5125 1097 5177 et
1110 5133 1206 5197 super
1221 5133 1345 5179 omnem
1360 5114 1485 5178 domum
1500 5121 1597 5179 sua*

984 5219 988 5230 '
1030 5212 1124 5293 Uenit
1139 5239 1241 5295 autem
1257 5233 1356 5296 lames
1370 5233 1402 5294 in
1417 5233 1603 5298 uniuersa?
