4220 6124
873 133 892 170 Ι

905 331 1086 398 EPISTULA
1111 331 1164 398 tlt
1190 332 1375 397 ernestus

404 439 725 453 m

1114 569 1151 641 V.

472 768 551 870 ΝΞ)
567 777 686 850 Estote
712 797 798 870 ergo
825 777 1017 850 imitatores
1042 776 1111 862 dei,
1138 777 1227 848 sicut
1252 773 1310 848 filii
1335 775 1521 861 carissimi,
1564 766 1630 846 'st
1646 773 1820 846 ambulate
1838 773 1872 846 in

396 893 647 983 'dilectionem
675 897 762 968 sicut
787 905 823 968 ct
848 896 1000 970 Christus
1025 896 1149 968 dilexit
1173 917 1240 968 nos
1266 904 1302 966 et
1327 893 1467 968 tradidit
1492 917 1532 968 sc
1557 895 1670 988 ipsum
1688 915 1754 986 pro
1771 892 1871 966 nohis

396 1017 606 1090 oblationem
634 1026 669 1089 ct
694 1015 844 1090 hostiam
870 1018 941 1090 deo
967 1018 1002 1090 in
1029 1015 1175 1089 odorem
1204 1015 1392 1088 suavitatis.
1444 1007 1520 1062 ³‘¹¹’
1538 1013 1730 1088 Fornicatio
1757 1021 1871 1086 autem

395 1147 431 1208 et
466 1137 579 1209 omnis
610 1135 809 1209 inmunditia
848 1149 907 1211 aut
938 1138 1082 1210 avaritia
1114 1157 1181 1208 nec
1214 1137 1408 1208 nominetur
1440 1135 1474 1208 in
1507 1136 1625 1220 vohis,
1652 1133 1739 1207 sicut
1770 1131 1872 1204 dccet

395 1266 550 1343 sanctos,
592 1245 683 1328 ‘aut
713 1257 887 1351 turpitudo
920 1267 979 1330 aut
1010 1243 1255 1348 stultiloquium
1288 1265 1348 1328 aut
1379 1255 1580 1340 scurrilitas,
1607 1277 1698 1348 quac
1725 1252 1870 1326 adrem

396 1370 485 1451 'non
510 1376 698 1471 pertinent,
725 1375 791 1468 sed
823 1378 934 1471 magis
964 1375 1153 1471 gratiarum
1186 1375 1286 1448 actio.
1337 1368 1442 1448 ΒΗοο
1472 1377 1562 1446 enirn
1590 1375 1713 1446 scitote
1739 1373 1870 1446 intelie-

394 1507 526 1590 gentes,
553 1496 649 1590 quod
676 1498 788 1570 omnis
813 1499 999 1570 fornicator
1025 1506 1084 1568 aut
1108 1496 1293 1570 inmundus
1320 1506 1379 1568 aut
1404 1517 1539 1580 avarus,
1567 1495 1661 1589 quod
1679 1502 1734 1589 est
1757 1493 1871 1566 idolo-

394 1641 469 1690 rum
496 1617 659 1702 servitus‚
685 1639 756 1690 non
781 1617 888 1689 hahet
912 1615 1143 1689 hereditatem
1169 1616 1204 1687 in
1229 1638 1338 1710 regno
1356 1615 1477 1688 Christi
1505 1625 1539 1686 et
1555 1614 1623 1686 dei.
1666 1605 1747 1660 Μ’)
1761 1614 1870 1686 Nemo
1967 1643 1973 1662 =

393 1759 460 1810 vos
491 1737 638 1810 seducat
670 1737 829 1810 inanibus
860 1735 994 1808 verbis:
1026 1744 1171 1829 propter
1202 1736 1292 1809 haec
1324 1737 1415 1808 enim
1446 1736 1540 1808 venit
1564 1735 1615 1805 ira
1640 1733 1698 1806 dei
1724 1734 1758 1805 in
1783 1733 1870 1806 tilios

394 1857 614 1932 diffidentiae.
670 1849 808 1930 'Nolite
846 1877 933 1954 ergo
966 1853 1058 1926 effici
1096 1855 1284 1950 participes
1316 1877 1448 1928 eorum.
1507 1847 1648 1928 8Ειιιὶιι
1681 1855 1775 1926 enim
1808 1853 1870 1926 ali-

394 1978 534 2070 quando
561 1976 742 2062 tenchrae,
777 1999 866 2050 nunc
899 1985 1015 2050 autern
1052 1976 1113 2048 lux
1145 1975 1181 2046 in
1217 1977 1374 2049 domino:
1408 1987 1445 2047 ut
1474 1973 1534 2046 filii
1565 1975 1651 2046 lucis
1677 1974 1868 2058 ambulate

393 2089 552 2170 ⁹fructns
578 2097 672 2170 enirn
697 2097 784 2170 lucis
809 2106 865 2170 est
889 2097 924 2168 in
950 2096 1043 2168 omni
1068 2095 1226 2168 bonitate
1252 2107 1288 2169 et
1311 2097 1438 2169 iustitis
1471 2105 1507 2168 et
1539 2095 1700 2181 veritate3
1745 2085 1771 2132 ⁴⁰
1786 2115 1869 2188 pro-

394 2217 518 2290 bantes
543 2217 640 2312 qnod
666 2211 731 2288 'sit
754 2217 1008 2312 heneplacitum
1041 2217 1128 2302 dec,
1172 2209 1195 2254 ¹¹
1215 2228 1251 2290 et
1284 2218 1390 2288 nolite
1420 2216 1675 2288 communicare
1708 2215 1871 2320 operibus

394 2337 613 2410 infructuosis
646 2336 884 2423 tenebrarum,
924 2337 1036 2430 magis
1068 2347 1186 2410 comm
1218 2347 1254 2409 et
1285 2335 1493 2428 redarguite.
1545 2327 1572 2374 ⁴¹
1584 2337 1683 2421 Quae
1714 2334 1805 2406 enim
1836 2335 1871 2406 in

395 2455 530 2527 occrrlto
555 2455 640 2528 fiunt
664 2456 709 2528 ab
736 2457 832 2555 ipsis,
858 2467 960 2551 turpe
987 2467 1103 2530 estet
1129 2457 1264 2530 dicere:
1308 2449 1461 2528 ¹³omnia
1494 2463 1610 2528 antem
1643 2475 1733 2549 quac
1766 2475 1870 2547 argn-

394 2584 496 2646 untur
521 2575 695 2648 alumine
721 2578 995 2650 manifestantur:
1022 2597 1128 2650 omne
1154 2577 1245 2648 enim
1272 2575 1367 2670 quod
1393 2574 1639 2661 manifestatur,
1664 2577 1782 2647 lumen
1806 2583 1870 2646 cst

394 2682 421 2732 ¹⁴
437 2693 583 2787 Propter
607 2695 704 2788 quod
728 2696 813 2770 dicit
838 2698 949 2791 Surge
974 2697 1034 2790 qui
1060 2696 1192 2769 dennis
1219 2702 1254 2768 et
1280 2716 1414 2788 exurge
1440 2717 1461 2766 a
1485 2695 1647 2782 mortuis,
1675 2705 1711 2768 et
1734 2695 1870 2768 inlumi-

394 2813 489 2886 navit
513 2813 583 2886 tihi
600 2815 760 2890 Christus.
812 2808 903 2866 Μ’)
920 2817 1043 2890 Videte
1067 2816 1201 2910 itaque,
1227 2816 1360 2902 fratres,
1386 2816 1565 2909 quomodo
1593 2826 1695 2890 caute
1713 2815 1869 2888 ambule-

394 2934 446 3019 tis,
473 2953 544 3008 non
569 2936 669 3028 quasi
694 2936 912 3032 insipientes,
939 2937 1005 3010 sed
1030 2946 1068 3008 ut
1093 2937 1284 3031 sapientes,
1327 2927 1354 2973 ⁴⁶
1370 2935 1580 3008 redimentes
1600 2945 1753 3030 tempos,
1779 2957 1870 3029 quo-

393 3054 486 3126 niam
511 3053 588 3126 dies
620 3055 700 3128 meli
735 3066 822 3130 sunt.
875 3048 901 3092 ’Ἰ
917 3055 1107 3151 Propterea
1138 3055 1243 3128 nolite
1274 3056 1349 3128 fieri
1373 3055 1613 3150 inprudentes,
1646 3056 1712 3130 scd
1737 3056 1870 3128 intelle-

394 3185 517 3268 gentes
549 3195 639 3270 qnae
671 3175 717 3246 sit
744 3177 902 3250 voluntas
928 3168 1016 3248 'dei
1068 3167 1095 3214 ¹⁸
1110 3175 1164 3260 Ει,
1187 3178 1291 3250 nolite
1325 3175 1487 3249 inebriari
1517 3176 1613 3262 vino,
1645 3176 1679 3247 in
1714 3199 1785 3270 quo
1816 3185 1871 3248 est

394 3294 506 3368 omnis
532 3295 675 3381 luxrrria
702 3295 767 3370 sed
793 3295 979 3389 implemini
1005 3295 1140 3390 spiritu,
1185 3288 1212 3336 ¹⁹
1226 3297 1399 3391 loquentis
1432 3306 1571 3369 vosmet
1601 3295 1685 3390 ipsis
1714 3296 1751 3368 in
1776 3295 1870 3390 psal-

394 3415 460 3488 mis
486 3425 522 3488 et
546 3415 682 3512 hymnis
708 3425 744 3490 et
770 3415 911 3490 canticis
936 3415 1161 3508 spiritalibus,
1189 3427 1366 3492 cantantes
1401 3426 1436 3490 et
1468 3415 1656 3512 psallentes
1687 3417 1721 3488 in
1753 3415 1870 3488 cordi·-

393 3535 462 3606 hus
488 3537 613 3621 uestris
639 3535 799 3622 domino,
850 3528 877 3574 '⁰
893 3535 1020 3628 gratim
1047 3545 1192 3629 agentes
1218 3559 1358 3632 semper
1389 3559 1453 3632 pro
1480 3537 1639 3610 omnibus
1672 3535 1870 3608 innomine

394 3653 524 3728 domini
557 3657 666 3728 nostri
699 3656 778 3732 lesu
810 3655 934 3728 Christi
966 3655 1037 3728 deo
1072 3665 1108 3728 et
1138 3657 1242 3750 patri,
1292 3650 1316 3698 ²¹
1336 3659 1482 3730 subiecti
1514 3657 1662 3730 invicem
1687 3657 1721 3728 in
1746 3657 1871 3730 timore

300 3793 302 3800 ’
395 3775 525 3848 Christi.
576 3767 666 3824 Μ’)
683 3777 844 3850 Mulieres
873 3775 956 3850 viris
990 3775 1063 3848 sois
1096 3777 1276 3850 subiectae
1308 3778 1376 3851 sint
1411 3778 1498 3851 sicut
1530 3777 1693 3863 domino,
1736 3767 1765 3814 '³
1780 3797 1869 3869 qno·

394 3894 484 3967 niam
513 3895 563 3966 vir
589 3907 693 3990 caput
718 3907 772 3974 est
797 3896 958 3980 mulieris,
985 3896 1073 3968 sicit
1098 3897 1250 3970 Christus
1276 3908 1380 3992 capnt
1404 3909 1459 3970 est
1484 3897 1671 3984 ecclesiae,
1697 3897 1773 3991 ipsc
1799 3895 1869 3967 sal-

393 4023 494 4088 vator
520 4016 686 4109 corporis.
737 4009 848 4090 ”Sed
873 4025 912 4088 ιιι
937 4016 1086 4089 ecclesia
1112 4016 1268 4090 subiecta
1302 4027 1357 4089 est
1382 4016 1533 4104 Christo,
1566 4018 1614 4090 ita
1647 4027 1683 4090 et
1708 4015 1870 4088 mulieres

393 4135 475 4208 viris
501 4135 572 4210 suis
598 4135 633 4206 in
659 4137 830 4210 omnihus.
880 4127 972 4185 Μ)
989 4135 1073 4223 Viri,
1100 4137 1229 4230 diligite
1255 4157 1385 4210 uxores
1413 4147 1563 4224 vestras,
1598 4138 1686 4210 sicot
1711 4145 1747 4208 et
1773 4134 1870 4208 Chri·

395 4265 469 4328 stus
496 4255 616 4328 dilexit
640 4257 824 4330 ecclesiam
850 4265 887 4328 et
912 4276 953 4328 sc
978 4255 1093 4350 ipsum
1119 4255 1259 4330 tradidit
1283 4277 1348 4351 pro
1375 4277 1434 4344 ca,
1476 4249 1558 4330 ’fut
1590 4259 1682 4332 iham
1716 4253 1870 4328 sanctifi-

395 4385 492 4450 caret
520 4376 692 4452 mundans
725 4379 865 4450 lavacro
899 4396 1012 4470 aquae
1045 4377 1081 4448 io
1112 4377 1240 4463 verbo,
1283 4370 1309 4416 '¹
1326 4385 1363 4450 ut
1389 4377 1573 4452 exhiheret
1595 4379 1675 4473 ipse
1701 4375 1765 4449 srhi
1793 4375 1871 4469 glo·

394 4497 522 4572 riosam
548 4497 745 4584 ecclesiam,
778 4518 849 4570 non
881 4494 1069 4570 habentem
1101 4499 1270 4572 maculam
1305 4506 1364 4570 arrt
1389 4521 1511 4593 rugam
1535 4509 1597 4572 aut
1621 4497 1750 4592 ahquid
1775 4497 1871 4570 cius·-

394 4617 505 4703 modi,
538 4617 604 4692 sed
635 4627 674 4689 ut
704 4617 748 4690 sit
778 4625 899 4688 sancta
933 4625 969 4688 et
1001 4617 1215 4692 inmaculata.
1276 4609 1303 4658 Β
1319 4619 1367 4690 lta
1400 4629 1437 4692 ot
1467 4619 1531 4692 viri
1565 4619 1695 4692 dehent
1727 4617 1873 4712 diligere

319 4765 323 4774 ¹
395 4759 526 4812 uxores
558 4759 642 4814 suas
675 4747 713 4812 ut
745 4757 894 4832 corpora
928 4759 1001 4810 sua.
1042 4739 1122 4824 vQrii
1154 4761 1254 4812 suam
1280 4759 1428 4812 uxorem
1455 4739 1577 4833 diligit,
1611 4761 1651 4811 se
1677 4739 1790 4834 ipsum
1816 4736 1872 4808 di-

393 4858 480 4953 ligit:
523 4850 551 4898 ⁹
565 4881 670 4934 nemo
704 4859 794 4932 enim
827 4879 991 4950 umquam
1026 4879 1166 4932 carnem
1199 4879 1300 4933 suam
1333 4857 1416 4932 odio
1449 4859 1582 4946 hahuit,
1618 4860 1683 4933 sed
1709 4858 1811 4932 nutrit
1837 4867 1873 4928 et

395 4979 489 5074 fovet
515 5001 604 5066 earn,
631 4981 718 5053 sicut
743 4988 779 5052 et
805 4978 957 5050 Christus
984 4979 1183 5065 ecclesiam,
1227 4969 1254 5018 ³⁰
1270 4979 1350 5073 quia
1376 4981 1532 5052 membra
1565 5001 1686 5054 sumus
1714 4977 1873 5074 corporis

396 5101 482 5187 eius,
510 5101 555 5174 de
582 5121 687 5173 carne
720 5100 793 5172 eius
820 5107 855 5170 et
881 5098 927 5171 de
953 5099 1092 5174 ossibus
1119 5099 1202 5172 eius.
1262 5092 1285 5137 ³⁴
1304 5097 1451 5195 Propter
1476 5101 1544 5174 hoc
1570 5101 1740 5196 relinquet
1765 5099 1873 5172 homo

1004 5219 1041 5304 V,
1073 5221 1086 5289 l
1122 5260 1168 5272 -
1197 5222 1256 5291 dl.
