4254 6130
693 371 935 438 alabastrum
963 375 1168 438 SECUNDUM
1195 373 1393 437 tonantium
1716 377 1788 444 l63
1887 375 1890 382 “

295 475 1639 490 ψ--υ-ωᾙα--ψ--ι--αὰ-ι
1644 483 1663 489 -.
1667 483 1783 491 ι-..

292 575 405 650 vobis.
459 563 603 646 ”Multa
630 563 745 647 babeo
773 576 829 648 de'
846 575 949 646 vobis
975 577 1070 668 loqui
1097 585 1132 648 et
1159 575 1327 648 iudicare:
1356 577 1421 648 sod
1448 579 1505 670 qui
1532 578 1623 650 misit
1648 601 1706 650 me
1725 601 1790 651 ve-

293 717 357 768 rax
384 703 449 778 est,
478 701 515 762 et
540 714 610 784 ego
638 717 729 787 quae
757 693 874 768 audivi
907 694 952 764 ab
987 716 1048 780 eo,
1082 695 1170 766 haec
1203 697 1328 788 loquor
1354 697 1387 766 in
1415 696 1556 768 mundo.
1609 689 1635 736 ²⁷
1651 698 1694 768 Et
1719 719 1792 768 non

293 823 536 908 cognoverunt
561 814 642 904 quia
669 823 805 906 patrem
833 812 884 883 eis
910 812 1058 884 dicebat.
1110 807 1136 854 ²⁸
1152 813 1248 884 Dixit
1282 831 1368 904 ergo
1402 815 1454 886 eis
1485 817 1583 888 lesus
1610 817 1695 888 Cum
1722 837 1792 888 ox-

293 931 482 1006 altaveritis
508 930 615 1004 filium
644 933 799 1017 bominis,
828 941 909 1002 tunc
936 934 1157 1025 cognoscetis
1183 932 1264 1024 quia
1292 951 1361 1022 ego
1389 953 1481 1018 sum,
1519 945 1554 1006 et
1580 957 1601 1006 a
1628 958 1684 1006 me
1711 937 1790 1030 ipso

294 1055 382 1126 sacto
409 1051 499 1136 nibil,
527 1051 594 1124 sed
620 1053 708 1122 sicut
734 1053 853 1123 docuit
879 1072 937 1122 me
964 1061 1072 1144 pater,
1100 1051 1190 1124 baec
1216 1053 1350 1142 loquor.
1373 1122 1378 1128 ,
1403 1043 1429 1088 ²³
1445 1053 1488 1124 Et
1520 1055 1578 1146 qui
1614 1077 1670 1126 me
1699 1055 1792 1126 misit

294 1193 432 1244 mecum
458 1179 530 1241 est:
576 1191 647 1242 non
674 1171 811 1264 reliquit
836 1191 894 1240 me
922 1172 1044 1256 solum,
1072 1173 1153 1264 quia
1181 1191 1251 1263 ego
1279 1190 1369 1261 quae
1396 1171 1518 1262 placita
1545 1183 1623 1244 sunt
1641 1174 1673 1244 ei
1700 1174 1790 1245 facio

294 1311 445 1385 semper.
495 1280 524 1326 ³⁰
540 1289 636 1360 Haec
661 1289 719 1360 illo
746 1291 912 1382 loquente
940 1290 1035 1362 multi
1062 1290 1285 1362 crediderunt
1303 1288 1337 1357 in
1356 1309 1445 1360 eom.
1492 1283 1515 1328 ³¹
1530 1293 1675 1364 Dicebat
1702 1315 1791 1386 ergo

294 1414 389 1483 lesus
415 1409 462 1480 ad
488 1427 552 1479 eos
579 1408 639 1500 qui
665 1407 892 1481 crediderunt
918 1407 951 1478 ei
978 1409 1126 1480 ludaeos
1161 1409 1198 1478 Si
1233 1427 1300 1478 vos
1332 1410 1527 1481 manseritis
1562 1413 1595 1482 iu
1624 1435 1790 1486 sermone
1908 1393 1913 1402 ¹

294 1551 391 1613 meo,
424 1547 508 1598 vare
545 1525 704 1619 discipuli
739 1527 809 1598 mei
842 1526 955 1610 eritis,
1009 1519 1035 1564 ³²
1051 1536 1086 1598 et
1118 1527 1341 1620 cognoscetis
1374 1527 1569 1614 veritatem,
1598 1543 1635 1602 et
1661 1531 1790 1604 veritas

294 1648 455 1720 liberabit
478 1665 554 1716 vos.
606 1638 634 1682 ³³
650 1644 923 1738 Responderunt
949 1645 980 1714 ei
1008 1647 1137 1716 Semeu
1164 1644 1328 1715 Abrahae
1357 1667 1476 1718 sumus
1502 1659 1539 1720 et
1565 1649 1691 1720 nemini
1710 1673 1788 1722 ser-

294 1769 443 1840 vivimus
470 1785 650 1856 umquam:
685 1765 867 1856 quomodo
896 1773 931 1834 tu
958 1763 1044 1834 dicis
1069 1751 1184 1834 Liberi
1212 1763 1331 1834 eritis‘l
1383 1756 1409 1804 ³²
1420 1767 1612 1860 Respondit
1646 1770 1699 1838 eis
1733 1772 1788 1840 le-

296 1908 357 1958 sus
383 1885 496 1984 Amen
530 1903 632 1953 arnan
659 1881 740 1953 dico
773 1883 876 1954 vobis
910 1882 990 1973 quia
1024 1883 1137 1953 omnis
1169 1883 1227 1974 qui
1260 1882 1339 1952 lacit
1370 1896 1550 1976 peccatum
1583 1908 1707 1959 servus
1734 1900 1790 1960 est

297 2004 445 2098 peccati:
490 1993 516 2038 ³⁵
533 2022 655 2072 servus
684 2009 800 2072 autem
827 2022 899 2071 non
926 2009 1044 2071 manet
1068 2001 1103 2070 in
1129 2001 1237 2072 domo
1264 2001 1302 2074 in.
1326 2009 1519 2090 aetemum‚
1556 2005 1643 2076 filius
1670 2017 1789 2078 manet

296 2125 331 2194 in
358 2132 553 2194 aeternum:
604 2110 632 2156 ³⁶
649 2118 678 2189 si
705 2140 792 2210 ergo
819 2117 907 2188 lilius
934 2139 1000 2188 vos
1025 2118 1241 2202 liberaverit,
1274 2141 1360 2190 vere
1394 2122 1493 2193 liberi
1520 2124 1624 2194 eritis.
1668 2117 1693 2162 ³³
1707 2126 1786 2198 Scio

297 2241 377 2334 quia
404 2239 460 2308 filii
486 2237 649 2308 Abrabae
677 2238 778 2308 estis:
807 2236 871 2308 sed
899 2235 1061 2328 quaeritis
1088 2257 1145 2306 me
1172 2237 1385 2322 interficere,
1419 2241 1499 2332 quia
1534 2263 1650 2314 sermo
1685 2264 1785 2314 meus

296 2381 368 2430 non
393 2358 485 2452 capit
509 2358 544 2427 in
570 2355 680 2427 vobis.
734 2347 761 2392 ³⁸
776 2355 852 2446 ago
879 2354 974 2446 quod
1000 2353 1072 2424 vidi
1099 2353 1192 2448 apud
1217 2366 1354 2448 patrem
1380 2359 1513 2450 loquor,
1542 2375 1577 2432 et
1602 2381 1668 2432 vos
1695 2377 1786 2454 quae

296 2478 430 2550 vidistis
463 2475 556 2569 apud
596 2483 732 2568 patrem
772 2483 928 2545 vestrum
961 2473 1082 2544 tacitis.
1135 2465 1162 2510 ³⁹
1178 2473 1446 2568 Responderunt
1484 2487 1519 2548 et
1558 2478 1722 2552 dixerunt
1753 2481 1785 2550 ei

296 2599 399 2668 Pater
424 2604 545 2668 noster
571 2593 751 2664 Abraham
779 2603 842 2664 est
894 2592 988 2664 Dixit
1014 2592 1065 2663 eis
1091 2591 1189 2664 lesus
1216 2593 1252 2662 Si
1279 2592 1337 2666 lilii
1363 2593 1526 2667 Abrahae
1554 2597 1645 2682 estis,
1675 2619 1785 2692 opera

296 2716 459 2788 Abrahae
493 2713 604 2784 tacite.
657 2701 685 2750 ⁴⁰
700 2713 800 2783 Nunc
831 2721 949 2784 autem
984 2701 1149 2802 quaeritis
1182 2731 1240 2782 me
1272 2713 1482 2798 interlicere,
1516 2715 1694 2786 bominem
1727 2718 1786 2808 qui

296 2835 479 2905 veritatem
505 2832 608 2904 vobis
634 2833 768 2902 locutus
796 2851 873 2904 surm
900 2849 1005 2922 quam
1031 2827 1147 2901 audivi
1174 2853 1195 2900 a
1221 2831 1309 2904 deo:
1337 2833 1406 2904 hoc
1431 2831 1608 2906 Abraham
1634 2855 1705 2905 non
1730 2835 1784 2906 le·-

296 2953 349 3024 cit.
394 2941 416 2988 ⁴¹
434 2952 503 3022 Vos
530 2949 639 3021 facitis
665 2972 776 3043 opera
802 2950 909 3043 patris
935 2949 1053 3020 vestri.
1106 2950 1275 3022 Dixerunt
1301 2951 1416 3041 itaque
1443 2951 1476 3022 ei
1503 2951 1575 3022 Nos
1602 2973 1650 3022 ex
1677 2953 1783 3026 torni-

297 3071 433 3142 catione
460 3089 530 3140 non
557 3091 677 3140 sumus
702 3070 781 3154 nati,
809 3091 915 3140 unum
940 3077 1075 3160 patrem
1101 3067 1273 3138 babemus
1299 3068 1414 3140 deum.
1459 3059 1590 3140 ”Dixit
1616 3089 1704 3160 ergo
1732 3071 1784 3146 eis

297 3191 394 3259 lesus
427 3187 463 3258 Si
497 3187 585 3258 deus
617 3196 717 3280 pater
750 3195 867 3257 vester
900 3194 1010 3269 esset,
1044 3183 1233 3277 diligeretis
1268 3186 1385 3277 utique
1413 3208 1485 3257 ma:
1519 3208 1588 3278 ego
1615 3187 1709 3257 enim
1736 3209 1783 3258 ex

298 3307 368 3378 deo
395 3306 552 3398 processi
586 3316 621 3376 et
653 3307 749 3390 veni;
786 3326 902 3396 neque
937 3304 1029 3374 enim
1063 3325 1083 3373 a
1110 3304 1273 3396 meipso
1300 3304 1394 3387 veni,
1420 3303 1486 3376 sed
1513 3303 1568 3374 ille
1596 3326 1654 3374 me
1681 3305 1781 3376 misit.

296 3415 323 3464 “¹
341 3427 456 3509 Quare
482 3425 666 3514 loquellam
694 3445 810 3496 meam
836 3445 908 3494 non
934 3421 1166 3513 cognoscitis?
1193 3421 1274 3512 quia
1300 3443 1370 3492 non
1395 3423 1541 3513 potestis
1559 3421 1680 3494 audire
1703 3442 1781 3494 ser·

298 3563 439 3615 monem
466 3561 592 3614 meum.
645 3533 672 3580 ⁴⁴
688 3545 759 3614 Vos
787 3565 835 3614 ex
862 3551 960 3634 patre
987 3539 1129 3611 diabolo
1158 3538 1251 3623 estis,
1279 3551 1314 3610 et
1340 3539 1516 3612 desideria
1543 3540 1648 3632 patris
1674 3542 1781 3614 vestri

298 3663 398 3734 vultis
423 3663 558 3732 iacere:
585 3663 641 3734 ille
669 3661 843 3734 homicida
870 3669 945 3732 erat
971 3659 1016 3730 ab
1043 3657 1135 3728 initio
1163 3665 1198 3728 et
1224 3657 1430 3730 inveritate
1457 3679 1526 3730 non
1553 3657 1662 3742 stetit,
1700 3658 1781 3750 quia

296 3803 367 3853 non
393 3789 448 3852 est
472 3781 601 3852 veritas
631 3783 666 3852 in
699 3802 761 3852 eo:
798 3802 876 3850 oum
909 3778 1058 3870 loquitur
1097 3775 1332 3859 mendacium,
1366 3797 1414 3846 ex
1447 3775 1596 3868 propriis
1622 3776 1779 3872 loquitur,

295 3902 376 3993 quia
402 3899 554 3970 mendax
581 3909 696 3971 estet
723 3907 821 3992 pater
848 3898 931 3968 eius.
984 3885 1011 3932 ⁴⁵
1027 3895 1103 3987 Ego
1130 3903 1246 3965 autam
1273 3893 1352 3984 quia
1378 3895 1559 3964 veritatem
1585 3893 1683 3978 dico,
1710 3913 1781 3966 uon

297 4018 437 4090 creditis
464 4019 555 4088 mihi.
601 4008 626 4054 '¹⁰
640 4019 725 4102 Quis
753 4039 800 4087 ex
825 4015 929 4086 vobis
947 4015 1060 4106 arguit
1084 4035 1141 4084 me
1169 4011 1214 4083 de
1233 4015 1404 4103 peccato?
1432 4013 1466 4082 Si
1484 4012 1663 4084 veritatem
1691 4012 1779 4095 dico,

296 4157 404 4230 quare
432 4159 498 4207 vos
524 4157 594 4206 non
621 4135 761 4209 creditis
788 4134 894 4204 mibi?
938 4123 963 4170 ‘³
984 4133 1049 4217 Qui
1076 4141 1130 4203 est
1156 4152 1203 4201 ex
1229 4129 1309 4212 deo,
1337 4131 1445 4200 verba
1471 4129 1530 4200 dei
1556 4130 1667 4218 audit:
1696 4151 1779 4222 pro-

297 4266 416 4348 pterea
449 4277 514 4326 vos
547 4273 618 4326 non
652 4254 789 4337 auditis,
825 4253 905 4344 quia
933 4272 981 4322 ex
1013 4251 1082 4323 deo
1110 4248 1298 4321 nonestis.
1352 4237 1653 4340 ⁴⁸llespouderunt
1679 4247 1780 4338 igitur

296 4373 414 4445 ludaei
442 4381 477 4444 et
502 4374 665 4446 dixerunt
691 4373 723 4444 ei
750 4373 872 4444 Nonne
899 4370 990 4441 bene
1022 4369 1168 4441 dicimus
1198 4388 1264 4438 nos
1292 4367 1371 4458 quin
1405 4367 1638 4438 Samaritanus
1672 4385 1711 4436 es
1745 4373 1780 4436 tu

296 4503 331 4564 et
358 4491 580 4563 daemonium
607 4491 745 4562 babes?
798 4481 825 4528 ⁸⁹
837 4489 1027 4581 Respondit
1059 4489 1157 4558 lesus
1191 4486 1267 4576 Ego
1301 4483 1523 4556 daemonium
1558 4503 1628 4554 non
1654 4483 1778 4564 babeo,
1839 4505 1847 4516 ·

296 4611 362 4682 sod
388 4610 578 4682 honorifico
605 4619 740 4704 patrem
768 4630 893 4693 meum,
921 4617 956 4678 et
982 4625 1046 4678 vos
1072 4604 1284 4678 inhonoratis
1310 4625 1377 4672 me.
1429 4594 1543 4692 50Εεο
1571 4609 1782 4672 autemnon

297 4751 428 4822 quaero
456 4731 600 4822 gloriam
628 4751 759 4801 meam:
789 4727 926 4818 estqui
959 4725 1091 4818 quaerit
1123 4733 1158 4794 et
1190 4721 1324 4794 iudicat.
1378 4711 1400 4756 ⁵¹
1422 4717 1532 4790 Amen
1567 4738 1669 4790 aman
1702 4717 1780 4790 dico

295 4848 415 4932 vobis,
451 4848 479 4918 si
507 4847 582 4940 (pris
609 4867 807 4922 sermonem
842 4867 957 4916 meum
991 4842 1198 4924 servaverit,
1233 4847 1379 4910 mortem
1407 4858 1476 4908 non
1501 4835 1633 4908 videbit
1658 4835 1692 4906 in
1719 4855 1780 4906 ae-

299 4979 440 5038 ternum.
493 4959 520 5002 ⁵²
536 4966 706 5036 Dixenmt
732 4983 817 5055 ergo
843 4963 958 5036 ludaei
986 4965 1082 5034 Nunc
1109 4957 1336 5053 cognovimus
1363 4956 1442 5048 quia
1468 4953 1688 5026 daemonium
1715 4953 1780 5022 ha-

296 5087 382 5164 bes:
409 5085 586 5156 Abraham
614 5092 768 5154 mortuus
795 5091 849 5152 est
875 5093 910 5152 et
935 5081 1144 5172 prophetae,
1181 5087 1216 5148 et
1241 5083 1278 5146 tu
1304 5075 1388 5148 dicis
1417 5074 1451 5144 Si
1478 5073 1556 5164 quis
1583 5087 1781 5144 sermonem

888 5199 962 5280 llll,
992 5200 1038 5266 ⁴26
1070 5235 1114 5282 ·.·
1145 5197 1203 5270 59.

1393 5313 1433 5382 2l
1457 5311 1478 5354 l
