4242 6118
377 387 425 466 ts
790 395 1031 460 nvsueannnr
1059 395 1260 460 emmanu
1286 395 1442 460 rancun

376 499 906 554 ...-.-Γ...-.-

377 602 558 686 dimittere,
584 609 767 673 temtantes
784 623 874 672 eum.
908 592 979 670 ³At
1004 601 1059 670 ille
1086 599 1305 693 respondens
1332 601 1419 672 dixit
1445 601 1496 672 eis
1514 599 1606 686 Q'uid
1631 601 1733 674 vobis
1751 623 1857 694 prae-

342 783 345 792 .
377 722 470 817 cepit
494 724 634 794 Moses?
671 702 769 808 ‘Oui
795 720 957 792 dixerunt
981 720 1099 792 Moses
1124 719 1280 813 permisit
1305 720 1456 792 libellum
1481 719 1617 814 repudii
1642 721 1796 792 scribere
1822 729 1859 792 et

377 843 559 914 dimittere.
598 833 614 880 ⁵
632 842 764 927 Quibus
786 839 1006 936 respondens
1023 840 1120 910 lesus
1137 840 1184 911 ait
1200 839 1256 910 Ad
1280 840 1438 913 duritiam
1464 841 1581 913 cordis
1599 842 1705 912 vestri
1722 842 1858 936 scripsit

377 963 479 1034 vobis
505 975 728 1056 praeceptum
754 963 862 1048 istud;
912 952 984 1033 lah
1010 959 1103 1032 initio
1130 969 1245 1033 autem
1272 971 1454 1034 creaturae
1481 963 1669 1034 manentum
1696 972 1731 1034 et
1755 963 1856 1034 lemi-

378 1084 563 1154 nantem
587 1103 651 1154 eos
678 1081 781 1154 dens:
823 1073 997 1176 'propter
1023 1081 1092 1153 hoo
1117 1081 1285 1174 relinquet
1310 1082 1417 1154 bomo
1441 1091 1575 1177 patrem
1601 1105 1700 1156 suum
1727 1093 1763 1154 et
1779 1105 1856 1154 ma-

378 1187 471 1274 trem*
493 1212 529 1274 et
554 1203 735 1274 adherebit
761 1202 980 1274 adnuerem
1007 1223 1115 1286 suem,
1158 1193 1225 1272 ⁸et
1249 1212 1350 1274 erunt
1375 1201 1444 1274 duo
1470 1203 1504 1274 in
1530 1223 1634 1274 omne
1660 1225 1738 1275 nna.
1787 1204 1856 1274 lta-

378 1345 447 1416 que
472 1323 539 1394 ium
565 1346 635 1398 uon
660 1333 739 1395 sunt
764 1322 835 1394 duo
862 1321 927 1394 sed
954 1343 1022 1392 una
1047 1341 1141 1392 earo.
1192 1313 1328 1407 ⁹Quod
1362 1343 1448 1415 ergo
1484 1322 1571 1394 deus
1597 1323 1722 1408 iunxit,
1749 1323 1856 1395 bomo

377 1467 448 1515 non
473 1453 621 1537 separet.
673 1433 816 1492 ΨΜ)
834 1443 877 1515 Et
902 1443 935 1512 in
962 1441 1067 1514 domo
1094 1441 1217 1512 iterum
1244 1441 1400 1536 discipuli
1426 1442 1500 1514 eius
1526 1443 1573 1515 de
1598 1443 1726 1514 eodem
1748 1431 1856 1544 inter?

378 1555 589 1656 rogaverunt
613 1585 703 1634 eum.
757 1555 779 1600 ¹¹
795 1555 886 1610 (Μ)
904 1563 947 1634 bt
972 1562 1054 1635 dicit
1078 1561 1142 1632 illis
1160 1563 1375 1656 Quicumque
1401 1562 1566 1634 dimiserit
1582 1583 1730 1636 risorem
1756 1585 1856 1636 suam

379 1695 415 1756 et
440 1685 540 1757 oliam
567 1683 713 1770 duxerit,
741 1683 944 1756 adulterium
971 1682 1150 1754 committit
1175 1703 1281 1777 super
1307 1703 1403 1754 eam:
1447 1675 1473 1720 ⁴²
1489 1691 1525 1754 et
1547 1684 1579 1778 si
1604 1707 1696 1756 uxor
1713 1686 1855 1756 dimise-

377 1807 421 1876 rit
445 1806 556 1876 virum
582 1825 681 1875 suum
709 1813 745 1875 et
770 1803 824 1876 alii
846 1804 1010 1897 nupserit,
1037 1803 1248 1874 moechatur.
1286 1793 1413 1850 ΜΝ)
1430 1803 1474 1874 Et
1499 1803 1691 1876 offerebant
1714 1805 1759 1876 illi
1773 1827 1856 1898 par-

377 1927 478 1997 vulos
495 1935 533 1996 ut
549 1935 707 2018 tangeret
723 1925 817 1996 illos:
844 1924 1000 2018 discipuli
1017 1933 1131 1994 autem
1150 1923 1446 1996 comminabantur
1463 1924 1695 1996 offerentibus.
1721 1918 1747 1964 ⁴⁸
1761 1927 1858 2011 Quos

320 2067 324 2078 ’
379 2069 457 2117 eum
484 2046 747 2131 videretlesus,
775 2044 914 2138 indigne
939 2044 1013 2116 tulit
1037 2055 1073 2116 et
1098 2043 1145 2116 ait
1169 2044 1232 2116 illis
1259 2043 1364 2114 Sinite
1389 2045 1554 2138 parvulos
1571 2045 1691 2117 venire
1718 2045 1763 2116 ad
1789 2067 1856 2130 me,

379 2177 485 2238 etue
510 2166 754 2259 prohibueritis
779 2187 861 2238 eos:
889 2165 1005 2236 talium
1032 2175 1087 2236 est
1112 2165 1203 2236 enim
1230 2185 1375 2256 regnum
1403 2164 1468 2236 dei.
1508 2153 1658 2236 ⁴⁵Amen
1685 2165 1764 2236 dico
1789 2187 1856 2236 vo-

378 2287 449 2372 bis,
477 2287 622 2380 quisque
654 2307 724 2358 non
757 2285 929 2380 receperit
959 2305 1103 2378 regnum
1137 2286 1195 2357 dei
1225 2285 1320 2389 yelut
1353 2285 1532 2378 parvulus,
1567 2308 1637 2356 non
1661 2285 1799 2357 introbit
1824 2286 1858 2356 in

377 2407 470 2478 illud.
522 2399 549 2444 ⁴⁶
565 2407 608 2479 Et
633 2409 860 2502 complexans
886 2427 949 2477 eos
976 2415 1012 2477 et
1037 2406 1207 2500 inponens
1239 2425 1362 2476 manus
1394 2427 1500 2500 snper
1525 2405 1601 2478 illos
1626 2405 1858 2492 benedicebat

379 2549 452 2599 eos.
504 2518 530 2562 ⁴⁷
543 2518 631 2575 (ω)
645 2529 688 2599 Et
720 2549 800 2598 cum
833 2549 998 2620 egressus
1031 2536 1125 2598 esset
1156 2525 1191 2596 in
1220 2525 1329 2612 dam,
1364 2547 1574 2619 procurrens
1600 2525 1739 2619 quidam
1766 2547 1859 2620 genu

379 2647 473 2718 llexo
500 2656 580 2718 ante
607 2669 686 2719 eum
712 2649 860 2742 rogabat
885 2669 964 2719 eum
998 2646 1161 2740 Magister
1192 2647 1302 2730 bone,
1336 2646 1418 2740 quid
1452 2647 1573 2718 faciam
1601 2655 1637 2718 ut
1662 2633 1767 2718 vittim
1794 2669 1857 2718 ae-

379 2777 513 2850 ternam
539 2767 753 2863 percipiam?
792 2761 818 2805 ¹⁸
834 2771 930 2840 lesus
956 2777 1071 2838 autem
1097 2766 1184 2838 dixit
1209 2767 1241 2837 ei
1260 2766 1351 2852 Quid
1377 2787 1435 2838 me
1460 2767 1547 2838 dieis
1571 2767 1727 2838 bonum‘l
1754 2789 1858 2840 nemo

379 2888 492 2960 bonus
517 2888 582 2959 nisi
613 2913 701 2962 unus
733 2890 830 2962 deus.
883 2881 910 2928 ⁴⁹
926 2889 1115 2982 Praecepta
1147 2887 1237 2958 nosti
1262 2888 1314 2958 Ne
1340 2885 1530 2973 adulteres,
1556 2909 1602 2958 ne
1628 2887 1785 2974 occidas,
1813 2909 1857 2960 ne

238 3017 240 3022 '
380 3008 517 3094 lureris,
543 3029 589 3079 ne
621 3011 742 3083 salsum
777 3009 1007 3082 testimonium
1043 3006 1190 3092 dixeris,
1217 3029 1262 3078 ne
1288 3007 1444 3078 lraudem
1471 3008 1604 3093 leceris,
1631 3008 1765 3080 honora
1791 3031 1857 3102 pu-

328 3139 329 3148 ’
380 3138 468 3200 trem
494 3142 589 3200 tuum
615 3138 651 3200 et
681 3139 838 3202 matrem.
889 3123 916 3168 ¹⁰
932 3129 975 3200 Et
1007 3129 1062 3200 ille
1095 3127 1313 3222 respondens
1347 3127 1394 3198 ait
1424 3129 1602 3222 Magister,
1629 3129 1858 3200 haecomnia

380 3249 566 3321 observavi
592 3271 613 3320 a
638 3249 812 3324 iuventute
838 3271 926 3322 mea.
964 3241 988 3286 ²⁴
1003 3240 1093 3296 (ω)
1110 3249 1206 3320 lesus
1232 3257 1347 3320 autem
1373 3247 1510 3320 intuitus
1535 3269 1615 3320 eum
1642 3248 1762 3320 dilexit
1778 3271 1858 3320 euru

379 3381 416 3441 et
440 3369 527 3442 dixit
552 3371 730 3442 illi·Unum
757 3371 818 3442 tibi
844 3370 957 3442 deest:
984 3368 1077 3442 vade
1103 3369 1343 3462 quaecumque
1370 3369 1480 3440 babes
1505 3369 1619 3442 vende
1645 3379 1682 3440 et
1697 3369 1744 3441 da
1771 3392 1858 3464 pan—

378 3491 530 3585 peribus,
557 3499 592 3562 et
617 3489 763 3564 habebis
788 3492 988 3563 thesaurum
1013 3489 1174 3574 incaelo,
1201 3499 1238 3560 et
1261 3489 1340 3560 veni
1367 3511 1515 3583 sequere
1542 3510 1608 3560 me.
1642 3481 1775 3538 ”out-t
1794 3489 1859 3576 Qui

379 3611 598 3682 contristatus
623 3611 658 3681 in
682 3613 793 3684 verbo
820 3612 903 3683 abiit
928 3631 1106 3682 maerens:
1133 3619 1209 3680 erat
1234 3609 1324 3682 enim
1352 3609 1486 3682 habens
1512 3609 1752 3704 possessiones
1769 3611 1858 3682 mul-

380 3741 443 3801 tas.
495 3723 522 3770 ¹³
538 3732 581 3802 Et
605 3731 884 3825 circumspiciens
909 3733 1004 3803 lesus
1031 3731 1078 3802 ait
1103 3729 1278 3824 discipulis
1307 3730 1379 3801 suis
1406 3733 1517 3817 Quem
1549 3729 1685 3802 dillicile
1711 3731 1767 3824 qui
1793 3751 1857 3825 pe-

381 3852 498 3922 cunias
524 3850 652 3922 babent
676 3854 711 3923 in
736 3873 881 3944 regnum
913 3851 971 3923 dei
1002 3851 1196 3924 introibunt
1247 3838 1448 3946 *Discipuli
1481 3861 1602 3940 autem,
1628 3852 1858 3944 obstupesce·

380 3973 463 4042 bant
494 3971 529 4042 in
559 3973 675 4044 verbis
708 3971 791 4044 eius.
843 3969 889 4044 bt
920 3973 1016 4044 lesus
1048 3993 1167 4044 rursus
1200 3971 1417 4065 respondens
1451 3971 1498 4041 ait
1522 3971 1586 4044 illis
1611 3972 1726 4056 Filioli,
1753 3951 1858 4066 quarn

380 4089 516 4162 difficile
543 4101 596 4165 est
622 4093 836 4165 confidentes
862 4093 896 4164 in
921 4093 1074 4188 pecuniis
1100 4095 1133 4164 in
1159 4115 1305 4187 regnum
1331 4093 1388 4164 dei
1414 4091 1562 4163 introire.
1601 4083 1628 4128 ἦ
1643 4091 1788 4163 Facilius
1804 4103 1859 4164 est

365 4205 551 4285 'camelum
577 4216 825 4308 perforamen
850 4235 933 4287 aeus
958 4215 1103 4286 transire
1129 4235 1233 4308 quam
1259 4212 1400 4284 divitem
1426 4213 1553 4282 intrare
1569 4211 1604 4282 in
1629 4233 1773 4305 regnum
1790 4213 1857 4286 dei.

378 4325 406 4371 ¹³
422 4333 489 4418 Qui
514 4335 626 4428 magis
651 4333 917 4422 admirabantur,
944 4335 1099 4407 dicentes
1125 4335 1172 4406 ad
1197 4343 1311 4406 semet
1341 4333 1438 4427 ipsos
1471 4333 1515 4404 lit
1544 4332 1621 4426 quis
1645 4343 1762 4426 potest
1787 4333 1857 4405 sal-

380 4475 445 4525 vus
471 4453 571 4524 lieri‘l
613 4449 640 4494 ²²
655 4457 699 4527 Et
723 4456 857 4528 intuens
881 4455 958 4528 illos
983 4457 1079 4527 lesus
1105 4454 1152 4525 uit
1176 4448 1279 4548 Apud
1305 4453 1689 4547 bominesinpossibile
1706 4463 1768 4539 est,
1794 4453 1859 4525 sed

380 4553 459 4644 non·
477 4574 571 4668 apud
597 4575 718 4646 deum:
747 4577 861 4648 omnia
888 4577 978 4648 enim
1005 4574 1182 4670 possibilia
1209 4585 1288 4646 sunt
1313 4574 1407 4668 apud
1434 4574 1549 4646 deum.
1601 4565 1628 4612 ²⁸
1644 4573 1766 4670 Coepit
1791 4573 1859 4645 Pe-

379 4705 452 4765 trus
479 4695 510 4765 ei
537 4694 655 4766 dicere
672 4693 763 4770 Eece
789 4719 855 4770 nos
881 4698 1070 4770 dimisimus
1097 4695 1212 4768 omnia
1239 4705 1275 4766 et
1300 4695 1409 4767 secuti
1435 4717 1553 4766 sumus
1571 4704 1615 4767 te.
1641 4687 1771 4742 ”imi
1790 4694 1860 4764 Re-

381 4815 559 4908 spondens
584 4817 679 4889 lesus
706 4819 753 4890 ait
785 4817 896 4890 Amen
929 4819 1008 4891 dico
1041 4817 1158 4902 vobis,
1191 4837 1295 4887 nemo
1333 4826 1387 4888 est
1419 4815 1476 4910 qui
1508 4815 1684 4908 reliquerit
1717 4814 1860 4886 domurn

380 4943 440 5004 aut
463 4937 587 5010 batres
612 4949 672 5012 aut
697 4961 839 5012 sorores
865 4949 924 5012 aut
949 4947 1094 5010 matrem
1121 4947 1179 5008 aut
1204 4945 1338 5030 patrem
1365 4947 1424 5009 aut
1449 4935 1537 5008 lilios
1562 4944 1620 5007 eut
1645 4957 1750 5027 agros
1775 4957 1861 5028 pro-

382 5065 460 5147 pter
486 5081 542 5130 me
567 5069 604 5131 et
629 5071 772 5155 propter
798 5059 1025 5152 evangelium,
1068 5048 1095 5094 ³⁰
1107 5057 1165 5148 qui
1191 5079 1261 5128 non
1287 5059 1433 5153 accipiat
1459 5057 1589 5128 centies
1615 5065 1745 5128 tantum
1772 5075 1862 5162 nune

381 5173 415 5246 in
443 5185 602 5275 tempore
629 5180 696 5255 hoc
721 5181 849 5254 domos
875 5188 910 5252 et
935 5180 1058 5250 iratres
1084 5187 1120 5249 et
1145 5199 1287 5256 sorores
1314 5187 1349 5252 et
1374 5187 1503 5254 matres
1520 5188 1556 5250 et
1581 5176 1670 5292 lilios
1697 5184 1732 5247 et
1758 5194 1864 5268 agros

991 5299 1031 5384 X,
1060 5301 1082 5370 :t
1112 5339 1158 5352 -
1187 5303 1246 5372 30.
