4220 6124
815 329 997 398 aetatula
1022 331 1074 397 An
1099 329 1280 396 aomos
1707 333 1774 406 25⁴

309 539 525 612 ambulamus
541 537 617 610 vsed
644 537 835 612 secundum
849 539 1026 633 ‘spiritum
1068 528 1165 622 ⁵Qui
1191 537 1281 610 enim
1308 537 1501 611 secundum
1527 559 1667 612 carnem
1694 541 1785 627 sunt,

309 681 399 754 quae
425 659 550 731 carnis.
565 667 644 731 sunt
669 659 819 754 sapiunt,
846 659 904 752 qui
929 680 1016 731 vero
1042 656 1231 730 secundnm
1257 655 1432 751 spiritum,
1460 681 1551 754 quiae
1573 660 1657 733 'sunt
1682 661 1785 756 spiri-

309 789 363 851 tus
390 778 552 873 sapiunt:
586 767 662 827 “¹⁰¹
679 779 767 851 Nam
793 778 975 873 prudentia
1001 778 1113 850 carnis
1140 800 1235 850 mors
1262 785 1337 864 est,
1360 778 1542 874 prudentia
1569 789 1684 854 autem
1711 780 1784 876 spi-

308 900 393 971 ritus
421 901 493 972 vita
525 909 562 971 et
592 923 674 994 pax.
726 893 928 987 ⁷Quoniam
959 897 1126 994 sapientia
1160 891 1271 971 carnis
1301 894 1478 973 inimicitia
1512 910 1567 973 est
1596 901 1630 972 in
1663 901 1785 975 deum:

309 1019 379 1112 legi
412 1029 527 1092 autem
560 1019 617 1092 dei
649 1042 720 1093 non
746 1019 919 1106 subicitur,
945 1041 1012 1092 nec
1045 1020 1136 1091 enirn
1169 1028 1295 1114 potest.
1349 1011 1448 1106 8Qui
1466 1027 1595 1092 autem
1610 1022 1656 1092 in
1681 1043 1786 1094 carne

310 1147 396 1224 sunt,
423 1139 492 1212 deo
519 1141 659 1235 placere
683 1161 754 1213 non
779 1149 935 1236 possunt.
985 1133 1086 1212 ⁹Vos
1112 1150 1227 1214 autem
1252 1141 1286 1212 in
1311 1162 1419 1214 carne
1444 1161 1514 1212 non
1543 1141 1628 1212 estis
1660 1141 1725 1214 sed
1750 1142 1785 1212 in

311 1259 446 1354 spiritu,
481 1261 511 1332 si
537 1271 653 1334 tarnen
679 1261 816 1356 spiritus
851 1260 908 1333 dei
934 1259 1124 1332 habitatin
1156 1261 1265 1334 vobis.
1318 1263 1355 1334 Si
1382 1261 1459 1355 quis
1486 1269 1602 1332 autem
1628 1261 1784 1354 spiritum

311 1379 434 1452 Christi
458 1381 677 1468 nonhabet,
712 1381 768 1452 hic
793 1402 864 1453 non
889 1389 944 1452 est
968 1381 1053 1452 eius.
1105 1371 1132 1420 ⁴⁰
1148 1383 1183 1454 Si
1210 1391 1325 1456 autem
1352 1381 1506 1454 Christus
1531 1379 1566 1450 in
1593 1379 1692 1452 vobis
1719 1391 1782 1466 est,

311 1523 437 1595 corpus
463 1502 604 1595 qrridern
630 1509 803 1574 mortuum
829 1509 884 1572 est
908 1509 1052 1594 propter
1076 1511 1267 1594 peccatum,
1295 1502 1434 1597 spiritus
1450 1521 1536 1574 vero
1554 1501 1624 1573 vita
1639 1511 1783 1596 propter

311 1601 591 1694 iustificationem.
644 1613 667 1660 ¹⁴
683 1620 786 1708 Quod
818 1621 849 1692 si
880 1620 1016 1712 spiritns
1048 1621 1122 1694 eius
1157 1623 1214 1717 qui
1246 1623 1424 1696 suscitavit
1454 1622 1567 1694 lesum
1593 1643 1615 1692 a
1639 1622 1783 1694 mortuis

311 1741 442 1814 habitat
473 1743 508 1814 in
538 1742 657 1828 vobis,
692 1742 751 1835 qui
784 1741 960 1813 suscitavit
989 1741 1101 1813 lesum
1128 1743 1294 1817 Christum
1327 1741 1516 1816 amortuis
1540 1740 1731 1814 vivificavit
1748 1751 1784 1814 et

310 1863 466 1934 mortalia
501 1883 649 1956 corpora
681 1869 797 1933 vestra
835 1869 980 1956 propter
1010 1851 1253 1936 inhabitantem
1292 1841 1446 1957 spiritum
1487 1863 1561 1934 eius
1600 1861 1635 1933 in
1670 1861 1782 1940 vohis.

311 1973 337 2020 ¹²
352 1981 460 2075 Ergo,
494 1983 631 2068 tratres,
665 1982 841 2054 debitores
876 1993 996 2054 sumus
1025 2003 1095 2054 non
1121 1984 1214 2055 carni
1239 1995 1277 2078 ut
1302 1963 1492 2055 secundum
1518 2004 1667 2055 carnem
1683 1982 1781 2055 viva-

310 2123 396 2173 mus.
448 2094 474 2140 ¹³
490 2103 525 2174 Si
551 2101 641 2174 enim
667 2103 855 2176 secundum
882 2123 1021 2175 carnem
1046 2103 1219 2190 vixeritis,
1236 2102 1446 2188 moriemini;
1473 2103 1503 2174 si
1529 2112 1644 2176 autem
1662 2103 1781 2197 spirita

309 2223 399 2294 lacta
425 2223 536 2295 carnis
562 2221 780 2308 mortificatis,
806 2223 954 2305 vivetis..
990 2213 1244 2318 “Oricumque
1269 2223 1360 2294 enim
1393 2223 1512 2317 spiritu
1544 2222 1601 2295 dei
1627 2233 1780 2316 aguntur,

309 2343 403 2414 hilili
421 2355 498 2415 sunt
523 2341 589 2414 dei.
642 2333 730 2388 “ml
747 2343 826 2415 Non
844 2343 934 2415 enirn
954 2343 1135 2438 accepistis
1154 2343 1309 2438 spiritum
1327 2341 1497 2414 servitutis
1530 2343 1651 2414 iterum
1677 2343 1712 2414 in
1736 2344 1780 2414 ti-

309 2485 417 2550 more,
444 2464 510 2536 sed
536 2462 716 2556 accepistis
742 2463 895 2558 spiritum
922 2463 1116 2559 adoptionis
1142 2463 1297 2549 filiorum,
1323 2463 1358 2534 in
1385 2483 1454 2556 quo
1473 2463 1660 2536 clamamus
1676 2461 1779 2536 Abba

309 2593 417 2678 pater.
467 2575 494 2622 ¹⁰
509 2585 587 2678 lpse
624 2583 760 2677 spiritus
800 2583 1030 2658 testimonium
1065 2584 1180 2658 reddit
1213 2583 1358 2678 spiritui·
1377 2593 1496 2656 nostro
1529 2584 1626 2678 quod
1661 2605 1779 2658 surnns

308 2703 354 2774 lili
371 2704 437 2776 dei.
490 2695 583 2766 ΠΜ)
601 2705 637 2776 Si
663 2717 778 2776 autem
804 2703 870 2791 filii,
897 2713 933 2776 et
957 2705 1121 2792 heredes;
1148 2703 1299 2778 heredes
1312 2703 1465 2798 ‘quidem
1491 2703 1558 2792 dei,
1585 2703 1778 2778 coheredes
1900 2808 1904 2814 Ι

309 2835 423 2896 autern
449 2824 585 2910 Christi,
614 2825 642 2897 si
675 2834 792 2898 tamen
826 2825 1039 2919 conpatimur
1072 2835 1110 2897 ut
1143 2834 1178 2897 et
1212 2823 1541 2916 conglorificamus·
1569 2817 1596 2863 ¹⁸
1609 2825 1777 2898 Existimo

309 2943 399 3015 enirn
440 2943 535 3036 quod
566 2965 638 3016 non
671 2953 750 3016 sunt
783 2943 977 3037 condignae
1011 2946 1193 3042 passiones
1224 2943 1324 3016 huius
1356 2945 1521 3039 temporis
1553 2943 1600 3016 ad
1632 2947 1777 3018 futuram

308 3063 451 3156 gloriam
478 3085 567 3156 quae
593 3063 800 3136 revelabitur
824 3064 859 3134 in
883 3066 993 3138 nobis.
1045 3058 1071 3104 ¹⁹
1086 3066 1175 3138 Nam
1201 3065 1398 3160 expectatio
1431 3073 1610 3136 creaturae
1640 3066 1772 3138 revela·

308 3183 436 3254 tionem
463 3181 607 3254 filiorum
634 3183 700 3255 dei*
716 3193 887 3279 expectat.
939 3177 967 3224 ²⁰
982 3185 1124 3258 Vanitati
1150 3183 1239 3257 enim
1259 3195 1423 3258 'creatura
1440 3183 1594 3256 subiecta
1617 3193 1681 3271 est,
1706 3207 1776 3258 non

308 3303 430 3376 volens
443 3301 521 3374 ¹sed
545 3313 699 3397 propter
720 3323 800 3376 eum
833 3304 891 3396 qui
917 3306 1074 3392 subiecit,
1108 3305 1144 3376 in
1169 3325 1268 3399 spem
1310 3297 1334 3344 ²¹
1354 3306 1433 3400 quia
1459 3313 1494 3376 et
1518 3305 1594 3399 ipsa
1620 3315 1776 3378 creatura

307 3421 505 3508 liberabitur
538 3443 560 3493 a
593 3423 756 3496 servitute
789 3426 1015 3519 corruptionis
1042 3421 1098 3497 'in
1136 3426 1331 3499 libertatem
1364 3425 1493 3521 gloriae
1529 3423 1673 3498 filiorum
1708 3424 1776 3497 dei·

307 3535 484 3614 ”Scimus
510 3543 601 3614 enim
626 3544 721 3637 quod
748 3543 859 3616 omnis
886 3556 1043 3619 creatura
1067 3546 1260 3640 ingemiscit
1285 3556 1321 3619 et
1345 3545 1487 3642 parturit
1511 3565 1621 3639 usque
1646 3544 1774 3618 adbuc:

305 3656 333 3704 ³
348 3684 420 3735 non
446 3663 558 3735 solum
585 3672 699 3736 autem
725 3664 796 3750 illa,
828 3663 894 3736 sed
925 3675 970 3737 et·
993 3687 1059 3740 nos
1090 3665 1158 3761 ipsi
1190 3667 1356 3760 primitias
1382 3666 1518 3762 spiritns
1544 3665 1713 3739 habentes
1739 3677 1775 3739 et

306 3785 372 3880 ipsi
397 3784 484 3856 intra
517 3787 598 3855 nos'
616 3785 786 3876 gemimus
820 3783 1043 3879 adoptionem
1069 3785 1216 3858 liliorum
1249 3791 1475 3883 expectantes
1500 3761 1773 3881 redemptionem

306 3905 596 4000 corporisssnostri.
639 3896 666 3944 ’⁸
680 3897 734 3975 ‘⁸¹³1
742 3905 813 4000 Spe
830 3907 921 3978 onim
938 3907 1025 3979 salvi
1040 3906 1120 3979 lacti
1137 3929 1273 3980 sumus:
1300 3915 1513 4004 spesautem
1532 3927 1622 4000 quae
1637 3904 1773 3979 videtur

305 4047 375 4097 non
401 4036 456 4097 est
489 4045 592 4119 spes:
625 4047 707 4097 narn
740 4025 837 4121 quod
855 4025 963 4104 ‘videt
998 4027 1088 4121 quis,
1124 4028 1220 4122 quid.
1238 4032 1380 4122 sperat?
1406 4019 1459 4066 '¹⁵
1475 4026 1511 4098 Si
1527 4033 1651 4100 'autem
1678 4024 1773 4121 quod

305 4168 387 4218 non.
400 4144 568 4218 videmus
590 4167 787 4240 speramus,
824 4167 889 4243 per
913 4147 1111 4244 patientiam
1132 4157 1381 4244 expectamus.
1431 4139 1459 4186 ¹⁸
1475 4146 1632 4220 Similiter
1657 4156 1803 4248 antam¹

305 4275 341 4336 et
366 4263 503 4358 spiritus
523 4264 933 4341 'adiuvatinfirmitatam
947 4277 1113 4340 nostram.
1136 4301 1138 4308 v
1163 4269 1252 4343 Nam
1279 4269 1361 4362 quid
1387 4289 1525 4341 oremus
1551 4267 1639 4340 sicut
1655 4289 1770 4363 opor-

306 4384 567 4470 letnescimus,
586 4386 651 4458 sed
676 4387 751 4482 ipse
777 4387 914 4482 spiritus
941 4389 1091 4483 postulat
1114 4389 1305 4483 proznobis
1324 4387 1770 4483 ¹gentitibus·inenarrabili-

303 4505 402 4576 bus:'
426 4496 527 4598 ’iqui
553 4511 670 4578 autam
697 4505 1011 4595 scrutaturtcorda,
1035 4509 1099 4580 scit
1124 4509 1207 4603 quid
1232 4509 1417 4582 desideret:
1432 4509 1579 4602 spiritus,
1606 4509 1769 4602 qnia'se-

305 4623 598 4698 cundumdeum.
613 4626 763 4722 postulat
785 4648 850 4719 pro
877 4629 1013 4702 sanctis.
1064 4619 1381 4702 ”animantem
1401 4629 1575 4721 ·quoniam
1600 4627 1770 4722 diligenti-

303 4744 370 4816 bus
384 4744 514 4817 deum.
528 4746 643 4818 omnia
670 4753 900 4840 cooperantur
925 4749 967 4820 in:
983 4749 1130 4834 bonurn,
1155 4748 1210 4819 his
1235 4747 1293 4841 qui
1319 4747 1509 4822 seormdum
1534 4743 1768 4843 'propositum

303 4865 416 4937 vocati
449 4875 529 4938 sunt
559 4867 676 4937 sancti.
719 4857 747 4904 ²⁹
762 4867 849 4939 Nam
884 4891 971 4963 quos
997 4866 1196 4962 praescivit,
1222 4873 1265 4938 et·
1281 4867 1551 4961 praedestinavit
1576 4871 1770 4948 conformes

302 4985 375 5058 fieri
407 4986 573 5078 'imaginis
611 4985 667 5058 lilii
708 4986 813 5072 eins,
835 4993 877 5060 ut'
905 4989 948 5060 sit
975 4987 1064 5083 ,ipse
1080 5005 1082 5012 ’
1096 4987 1343 5080 primogenitus
1383 4989 1583 5064 tnsmuttts·
1600 4989 1768 5066 fratribus.

300 5097 391 5154 Μ’)
410 5107 507 5193 Qnos
525 5113 638 5179 autern
665 5105 942 5200 praedestinavit,
969 5109 1034 5181 hos
1061 5117 1097 5180 at
1121 5109 1272 5182 vocavit:
1300 5118 1336 5182 et
1361 5131 1450 5205 quos
1475 5111 1621 5198 vocavit,
1648 5110 1768 5184 hosat

891 5229 1018 5317 Vlll,‘5
1048 5269 1094 5283 -
1123 5232 1181 5302 30.

1394 5351 1471 5426 32*
