4220 6124
397 373 472 450 248
899 375 1081 440 EPISTULA
1106 376 1157 440 Ab
1183 375 1365 440 ROMANOS

396 580 638 678 perspiritum
672 581 827 654 sanetum
853 581 911 674 qui
936 580 1042 654 'datus
1071 585 1129 654 'est
1160 580 1270 653 nohis.
1318 573 1336 684 ¹⁰
1349 569 1394 626 ‘¹⁸’
1413 581 1454 652 Ut
1468 581 1679 675 'quid'enim
1704 583 1865 669 Christus,

396 725 476 776 eum
499 702 615 777 'adh'uc
639 692 761 773 inhr'mi
793 721 966 786 essemus,
999 701 1189 774 secundum
1216 707 1352 796 tempus
1379 722 1443 796 pro
1468 701 1580 795 impiis
1606 675 1762 776 morthus
1788 685 1866 776 est?

393 818 486 896 'Vix
511 823 601 896 enim
634 844 698 917 pro
725 823 814 896 iusto
847 816 928 914 quis
957 823 1115 894 moritur:
1147 844 1228 894 nam
1261 842 1325 915 pro
1351 821 1445 894 bono
1470 823 1623 896 forsitan
1637 824 1713 918 quis
1739 823 1867 898 audeat

395 945 492 1017 mori.
542 936 800 1017 ⁸Commendat
832 950 947 1014 autem
981 962 1080 1013 suam
1112 943 1288 1016 caritatem
1319 941 1407 1015 deus
1432 942 1466 1016 in
1491 951 1572 1029 nos,
1599 944 1761 1038 quoniam
1787 965 1865 1017 cum

395 1065 509 1139 adhue
534 1075 738 1158 peccatores
764 1083 930 1148 essemus
957 1061 1108 1134 Christus
1133 1083 1198 1156 pro
1223 1063 1325 1134 nohis
1350 1069 1505 1136 mortuus
1531 1073 1593 1136 est.
1635 1056 1771 1134 9ΜιιΙιο
1789 1085 1865 1136 ma·

394 1187 447 1279 gis
473 1185 573 1278 igitur
599 1183 768 1256 iustificati
785 1203 874 1254 nuno
891 1181 925 1252 in
952 1181 1117 1276 sangnine
1142 1181 1250 1274 ipsius
1276 1183 1361 1254 salvi
1387 1184 1515 1256 erimus
1532 1185 1576 1256 ab
1594 1183 1644 1256 ira
1662 1205 1727 1278 per
1742 1185 1864 1279 ipsum.

393 1299 420 1343 ⁴⁰
437 1306 473 1377 Si
498 1305 589 1376 enim
615 1327 693 1377 oum
719 1303 843 1375 inimici
869 1297 1046 1375 'essemus
1072 1301 1277 1374 reconciliati
1303 1324 1421 1374 sumus
1447 1303 1516 1376 deo
1542 1326 1606 1399 per
1630 1314 1777 1376 mortem
1809 1304 1865 1376 filii

393 1425 477 1512 eius,
504 1425 610 1496 multo
636 1425 747 1517 magis
774 1423 981 1496 reconciliati
1014 1423 1100 1494 salvi
1126 1421 1266 1494 erimus·
1284 1421 1319 1492 in
1343 1423 1413 1494 vita
1439 1423 1555 1516 ipsius.
1607 1415 1630 1460 ¹¹
1648 1425 1726 1496 Non
1752 1425 1863 1498 sotum

335 1527 340 1540 ’
393 1555 516 1630 autem,
544 1545 608 1618 sed
634 1555 669 1616 et
694 1544 880 1638 gloriamur
904 1543 939 1614 in
971 1543 1040 1616 deo
1074 1563 1139 1636 per
1164 1541 1340 1614 dominum
1367 1551 1520 1614 nostrum
1547 1545 1659 1616 lesum
1686 1543 1862 1632 Christum,

391 1687 456 1760 per
482 1687 585 1759 quem
612 1687 700 1737 nune
724 1663 1035 1736 reconciliationem
1062 1662 1270 1758 accepimus.
1319 1653 1346 1700 ⁴¹
1362 1661 1550 1757 Propterea
1568 1665 1654 1738 siout
1670 1687 1734 1759 per
1759 1688 1863 1738 unum

391 1785 564 1858 hominem
590 1785 624 1858 in
650 1785 740 1856 huno
764 1782 936 1855 mundum
956 1791 1137 1879 peecatum
1161 1782 1305 1867 intravit,
1332 1791 1367 1854 et
1391 1803 1455 1877 per
1479 1794 1660 1878 peecatum
1686 1807 1801 1872 mors,
1829 1796 1864 1858 et

390 1907 438 1978 ita
463 1907 497 1976 in
524 1927 646 1978 omnes
672 1904 830 1976 homines
855 1924 950 1976 mors
976 1903 1178 1998 pertransiit,
1204 1903 1239 1974 in
1265 1924 1334 1996 quo
1353 1923 1474 1976 omnes
1490 1915 1730 1998 peecaverunt.
1755 1899 1781 1944 '³
1798 1906 1861 1978 Us-

390 2047 459 2122 que
485 2027 530 2099 ad
556 2026 670 2118 legem
697 2025 787 2098 enim
812 2033 993 2118 peccatum
1020 2034 1094 2096 erat
1126 2023 1161 2094 in
1185 2022 1332 2095 mundo:
1364 2033 1547 2116 peecatum
1573 2037 1688 2098 autem
1713 2047 1784 2098 non
1809 2027 1861 2098 in·

251 2193 256 2200 ,
389 2156 529 2242 putatur
555 2167 633 2218 eum
659 2147 717 2217 lex
751 2153 911 2216 nonest.
962 2132 1051 2192 Μ’)
1069 2143 1141 2216 Sed
1166 2143 1322 2236 regnavit
1346 2165 1442 2216 mors
1468 2145 1513 2216 ab
1539 2144 1653 2220 Adam
1678 2167 1789 2240 usqne
1814 2147 1859 2220 ad

388 2267 511 2341 Mosen
536 2267 640 2338 etiam
664 2266 698 2336 in
725 2285 789 2337 eos
815 2265 871 2358 qui
897 2285 967 2336 non
991 2273 1225 2359 peecaverunt
1249 2262 1283 2334 in
1309 2263 1559 2337 similitudinem
1592 2267 1860 2360 praevaricatio-

388 2388 442 2460 nis
466 2385 576 2474 Adae,
604 2386 661 2479 qui
687 2394 741 2456 est
764 2381 875 2456 forma
900 2384 1009 2456 buturi.
1062 2373 1146 2428 ⁴⁵⁰⁴>
1159 2381 1231 2454 Sed
1255 2405 1325 2454 non
1350 2367 1438 2457 siout
1463 2384 1633 2472 delictum,
1660 2387 1708 2460 ita
1733 2397 1768 2460 et
1794 2387 1860 2460 do·

388 2529 489 2580 num:
524 2507 553 2580 si
585 2506 675 2578 enirn
701 2505 800 2576 unius
834 2505 962 2578 delieto
986 2500 1081 2574 multi
1111 2502 1235 2574 mortui
1266 2513 1359 2589 sunt,
1392 2503 1498 2576 multo
1531 2505 1643 2600 magis
1669 2508 1778 2600 gratia
1803 2508 1859 2581 dei

388 2638 425 2699 et
458 2627 587 2700 donum
620 2626 655 2696 in
686 2625 833 2718 gratiam
867 2623 966 2696 unius
1000 2621 1147 2694 hominis
1180 2623 1257 2694 lesu
1290 2623 1425 2696 Christi
1450 2625 1485 2696 in
1517 2625 1634 2720 plures
1665 2627 1858 2702 abundavit

387 2738 567 2820 16Ειηοιι
597 2745 684 2818 siout
716 2767 780 2839 per
813 2768 917 2818 unum
949 2753 1167 2838 peccantem,
1198 2743 1245 2814 ita
1275 2753 1311 2814 et
1341 2744 1486 2817 donum:
1519 2767 1600 2817 nam
1626 2745 1786 2820 iudicium
1813 2769 1859 2820 ex

388 2887 457 2940 uno
481 2867 518 2938 in
543 2865 873 2951 condemnationem,
890 2864 1010 2958 ‘gratia
1036 2871 1149 2934 antem
1167 2883 1214 2934 ex
1239 2863 1351 2936 multis
1369 2863 1502 2937 dehetis
1526 2865 1559 2936 in
1578 2865 1858 2942 iustificationem.

386 2979 413 3024 ¹³
426 2987 461 3058 Si
480 2987 578 3060 ‘enim
604 2986 639 3057 in
664 2985 762 3058 unius
788 2985 913 3058 delicto
937 2985 1035 3057 'mors
1061 2982 1219 3076 regnavit
1243 3004 1307 3076 per
1333 3007 1445 3070 unum,
1473 2985 1580 3058 rnrdto
1611 2987 1722 3080 magis
1747 2988 1858 3060 abun-

387 3108 539 3187 dantiam
565 3106 696 3200 gratiae
722 3113 757 3176 et
783 3105 976 3178 donationis
1002 3114 1038 3176 et
1063 3102 1207 3174 iustitiae
1233 3104 1439 3198 aooipientes
1464 3104 1498 3176 in
1529 3105 1634 3178 vitam
1669 3107 1859 3200 regnabunt

386 3249 579 3322 perunum
612 3227 725 3298 lesum
756 3225 933 3297 Christum.
985 3214 1012 3260 ¹⁸
1028 3223 1130 3317 igitur
1161 3222 1248 3295 sicut
1271 3245 1336 3318 per
1366 3225 1465 3297 unius
1491 3224 1652 3298 delictum
1676 3227 1709 3298 in
1738 3249 1859 3302 omnes

386 3348 543 3420 homines
569 3347 603 3418 in
636 3345 972 3429 condemnationem,
1007 3343 1057 3416 sio
1082 3354 1117 3414 ot
1142 3365 1205 3438 per
1230 3345 1329 3418 unius
1354 3345 1512 3418 iustitiam
1538 3346 1573 3417 in
1599 3367 1721 3420 omnes
1746 3349 1857 3421 homi·

385 3489 450 3539 nes
475 3468 509 3538 in
534 3463 806 3538 iustificationem
839 3467 946 3538 vitae:
996 3456 1022 3500 ¹⁹
1035 3459 1122 3535 siout
1147 3463 1235 3536 enim
1262 3485 1325 3558 per
1351 3465 1642 3540 inoboedientiam
1668 3467 1766 3540 unius
1792 3467 1857 3541 ho-

385 3587 485 3658 minis
510 3600 714 3680 peccatores
741 3586 910 3659 constituti
936 3593 1014 3656 sunt
1039 3585 1141 3670 mariti,
1167 3585 1212 3656 ita
1240 3595 1275 3654 et
1300 3607 1364 3680 per
1382 3586 1479 3658 unius
1498 3585 1755 3660 oboeditionem
1781 3589 1857 3662 iusti

386 3708 630 3780 constituentur
656 3706 758 3778 multi.
810 3698 926 3777 ²⁰*Len
952 3715 1066 3776 autem
1094 3705 1294 3778 subintravit
1319 3717 1355 3778 ut
1380 3706 1572 3780 abundaret
1597 3707 1772 3780 delictum:
1798 3709 1857 3782 ubi

386 3837 500 3900 autem
533 3825 721 3898 abundavit
752 3826 928 3911 dehetum,
962 3825 1253 3918 superabundavit
1286 3825 1430 3917 gratia,
1472 3818 1495 3864 ²¹
1515 3837 1552 3898 ut
1585 3828 1672 3900 sieut
1703 3829 1857 3922 regnavit

384 3955 563 4041 peceatum
589 3947 623 4017 in
648 3957 768 4030 morte,
795 3947 841 4018 ita
866 3955 901 4018 et
926 3945 1035 4038 gratia
1060 3955 1183 4040 regnet
1208 3967 1272 4039 per
1297 3945 1455 4018 iustitiam
1482 3947 1516 4017 in
1548 3947 1653 4020 vitam
1680 3959 1854 4020 aeternam

383 4087 448 4161 per
473 4068 584 4138 lesum
611 4067 777 4138 Christum
804 4065 979 4138 dominum
1005 4075 1169 4138 nostrum.

1097 4343 1146 4412 vt.

460 4540 581 4633 ⁴de
615 4567 700 4640 ergo
728 4547 911 4620 dicemus?
945 4549 1222 4642 permanebimus
1252 4549 1286 4620 in
1311 4557 1455 4642 peceato
1482 4555 1525 4620 ut'
1544 4548 1652 4641 gratia
1679 4548 1853 4620 abundet?

381 4661 524 4740 ²Absit:
552 4669 610 4761 qni
636 4668 726 4740 enim
745 4667 868 4740 mortui
894 4689 1011 4740 sumus
1030 4679 1184 4762 peecata,
1212 4668 1390 4760 quomodo
1417 4669 1530 4742 adhue
1546 4667 1704 4740 vivemus
1720 4668 1754 4740 in
1771 4669 1853 4741 illo?

381 4778 452 4835 ³⁰⁸¹
467 4785 521 4860 An
546 4788 709 4882 ignoratis
728 4789 785 4882 qui
803 4789 1029 4883 aquioumque
1051 4787 1217 4882 baptizati
1235 4809 1354 4860 snmus
1371 4790 1404 4860 in
1431 4789 1563 4862 Christo
1580 4790 1666 4875 lesu,
1694 4789 1728 4860 in
1744 4799 1854 4862 morte

381 4908 488 5002 ipsius
512 4891 672 5004 baptizati
698 4912 841 4982 snmus?
884 4896 1122 5002 *Consepulti
1136 4908 1364 4980 enimsumus
1390 4931 1467 4982 oum
1493 4909 1548 4980 itto
1566 4929 1630 5002 per
1646 4908 1853 5004 baptismum
1952 4941 1957 4950 ·

381 5027 415 5097 in
441 5037 597 5116 mortem,
624 5041 673 5102 ut*
686 5030 864 5123 quomodo
891 5029 1040 5101 surrexit
1072 5027 1223 5100 Christus
1254 5049 1275 5100 a
1310 5029 1452 5102 mortuis
1479 5049 1541 5123 per
1566 5029 1712 5120 gloriam
1737 5029 1851 5122 patris,

382 5145 428 5217 ita
454 5155 489 5217 et
515 5169 579 5220 nos
605 5151 639 5221 in
664 5151 816 5224 novitate
842 5149 932 5222 vitae
959 5149 1181 5222 ambulemus.
1219 5141 1241 5184 ‘⁵
1258 5149 1292 5220 Si
1310 5150 1400 5222 enim
1418 5148 1717 5244 oonptnntatitaoti
1735 5167 1851 5220 sumus

969 5270 1005 5354 V,
1034 5271 1056 5340 6
1086 5309 1131 5322 -
1159 5269 1210 5353 Vi,
1239 5272 1271 5340 5.
