4254 6130
371 327 443 408 ιιι
755 329 993 396 svmesuuu
1019 333 1220 398 snouvmu
1245 331 1444 398 ιοιιιιιιιιιι

291 605 295 628 ,
370 540 555 614 manducat
580 557 716 608 mecum
742 557 880 630 panem,
907 535 1036 608 levabit
1061 545 1181 610 contra
1207 559 1264 608 me
1283 539 1482 628 calcaneum
1500 560 1608 612 snum.
1654 532 1722 612 ⁴⁹A
1740 542 1848 614 modo

327 725 333 738 .
370 662 451 735 dico
477 659 578 732 vobis
604 657 699 753 prius
727 679 832 750 quam
859 656 927 742 fiat
954 667 992 728 ιιι
1017 657 1166 730 credatis
1184 643 1261 730 cum
1289 659 1416 731 iactum
1433 658 1532 730 fuerit
1557 657 1638 751 quia
1664 680 1733 752 ego
1761 681 1847 734 sum.

285 839 287 844 .
370 773 498 828 ”imi
515 779 627 852 Amen
653 799 755 850 amen
781 776 861 850 dico
887 776 999 862 vobis,
1026 779 1085 870 qni
1112 778 1235 872 accipit
1261 777 1291 850 si
1316 801 1421 872 quem
1454 779 1597 864 misero,
1624 800 1681 850 me
1704 759 1847 874 accipit:

371 903 428 996 quii
446 909 560 974 autem
586 919 644 970 me
668 898 801 992 accipit,
828 897 954 992 accipit
979 919 1059 970 eum
1086 899 1144 991 qui
1168 920 1225 972 me
1251 899 1351 972 misit.
1377 892 1400 936 ²⁴
1416 888 1504 946 “²¹³³
1523 899 1606 970 Cum
1632 899 1721 972 haec
1738 900 1874 974 dixis-³

371 1033 425 1094 set
449 1022 564 1105 iesus,
599 1019 754 1092 turbatus
790 1027 843 1090 est
875 1017 995 1114 spiritu
1026 1028 1062 1090 et
1093 1027 1303 1112 protestatus
1334 1028 1389 1090 est
1422 1028 1456 1090 et
1489 1018 1576 1092 dixit
1608 1017 1721 1094 Amen
1746 1043 1848 1102 amen

372 1143 450 1214 dico
476 1140 579 1227 vobis
605 1139 685 1232 quia
711 1161 799 1210 uuus
826 1159 872 1211 cx
899 1138 1001 1210 vobis
1027 1138 1142 1211 undet
1166 1160 1232 1210 me.
1285 1131 1311 1176 ²²
1324 1131 1413 1186 (Μ
1431 1137 1655 1232 Aspiciebant
1688 1160 1774 1232 ergo
1801 1141 1849 1214 ad

372 1261 517 1332 invicem
545 1259 710 1354 discipuli,
738 1259 927 1332 hesitantes
955 1258 1000 1330 de
1035 1281 1104 1352 quo
1138 1259 1280 1331 diceret.
1332 1251 1358 1296 ²³
1372 1249 1471 1306 (Μ)
1489 1259 1571 1330 Erat
1596 1281 1683 1353 ergo
1708 1282 1847 1332 recum-

370 1383 458 1454 bens
484 1401 573 1452 uuus
599 1399 646 1452 ex
672 1378 847 1473 discipulis
874 1377 948 1452 eius
974 1378 1008 1450 in
1034 1379 1109 1452 sinu
1135 1380 1220 1464 lesu,
1248 1398 1352 1471 quem
1369 1377 1536 1471 diligebat
1560 1380 1671 1452 lesus:
1703 1369 1848 1452 “innuit

371 1523 457 1595 ergo
483 1501 563 1573 huic
589 1500 708 1573 Simon
734 1499 857 1572 Petms
883 1508 919 1570 et
935 1497 1018 1571 dicit
1042 1499 1076 1572 ei
1102 1499 1187 1584 Quis
1204 1509 1257 1570 est
1283 1499 1417 1592 dequo
1445 1498 1551 1572 dioitt
1595 1493 1751 1595 ”itaque
1768 1522 1847 1574 cum

371 1621 587 1694 recubuisset
611 1621 667 1692 ille
694 1642 799 1714 supra
824 1627 946 1714 pectus
971 1619 1058 1704 Iesu,
1085 1617 1166 1690 dicit
1191 1619 1224 1690 ei
1249 1618 1405 1704 Domine,
1433 1620 1510 1712 quis
1536 1623 1617 1693 esti
1658 1613 1685 1660 ’⁶
1702 1621 1763 1693 Cui
1787 1641 1846 1693 re-

373 1741 513 1836 spondit
536 1741 632 1814 Iesus
659 1742 717 1814 ille
744 1750 798 1812 est
823 1740 878 1812 cui
906 1761 973 1832 ego
1000 1738 1174 1812 intinctum
1199 1759 1326 1833 panem
1358 1760 1562 1834 porrexero.
1595 1733 1684 1790 “Mi
1701 1742 1744 1814 Et
1769 1761 1848 1814 cum

372 1862 566 1934 intinxisset
590 1851 726 1956 panem,
759 1859 856 1933 dedit
886 1859 991 1932 Iudae
1023 1859 1170 1930 Simonis
1205 1860 1378 1933 Scariotis.
1429 1853 1457 1898 ²³
1473 1861 1516 1932 Et
1541 1871 1622 1956 post
1645 1861 1846 1946 buccellam,
1937 1925 1939 1934 ,
1976 1849 1982 1858 ’

372 1993 453 2054 tunc
478 1981 626 2054 introivit
651 1983 685 2054 in
710 1981 803 2052 iilum
830 1989 977 2052 satanas.
1004 1969 1109 2028 (Mi
1122 1979 1210 2051 Dicit
1235 1980 1268 2052 ei
1293 1981 1388 2052 lesus
1416 1981 1519 2066 Quod
1544 1982 1629 2055 iacis
1660 1983 1713 2054 iac
1740 1982 1847 2054 citius.

370 2096 398 2141 '⁸
414 2103 488 2174 Hoc
515 2112 630 2174 antem
656 2122 760 2174 nemo
787 2102 884 2173 scivit
918 2099 1202 2174 discumbentium
1237 2099 1283 2173 ad
1310 2100 1392 2194 quid
1425 2100 1553 2174 dixerit
1579 2102 1625 2174 ei:
1668 2093 1848 2195 ²⁹quidam

373 2223 463 2296 enim
500 2222 667 2318 putabant
701 2222 780 2316 quia
813 2221 945 2294 loculos
978 2219 1131 2313 babebat
1160 2220 1262 2294 ludas
1289 2221 1374 2315 quia
1406 2220 1489 2294 dicit
1515 2222 1548 2292 ei
1572 2222 1668 2294 lesus
1693 2222 1779 2294 Eme
1805 2243 1848 2294 ea

373 2365 463 2436 quae
490 2363 578 2438 opus
603 2350 681 2415 sunt
705 2341 806 2414 nobis
832 2341 878 2414 ad
895 2340 987 2414 diem
1005 2341 1138 2426 testum,
1165 2351 1224 2412 aut
1240 2341 1363 2435 egenis
1379 2351 1417 2414 ut
1433 2331 1561 2436 aliquid
1578 2341 1687 2415 daret.
1723 2334 1750 2378 ³⁰
1763 2341 1847 2413 Cum

374 2485 459 2556 ergo
486 2463 680 2557 accepisset
705 2463 760 2536 iile
786 2462 987 2547 buccellam,
1015 2459 1122 2532 exivit
1148 2460 1327 2534 continuo:
1355 2471 1429 2534 erat
1453 2473 1569 2535 autam
1594 2483 1675 2535 nox.
1718 2453 1742 2498 ³¹
1762 2461 1848 2534 Cum

352 2605 459 2676 ‚ergo
487 2583 628 2670 exisset,
656 2581 738 2655 dicit
763 2583 859 2656 lesus
885 2582 981 2654 Nunc
1007 2579 1211 2654 clarificatus
1238 2591 1292 2654 est
1317 2581 1405 2655 filius
1431 2581 1587 2668 hominis,
1615 2593 1651 2654 et
1668 2581 1756 2654 dous
1774 2581 1847 2654 clau

374 2703 522 2778 riiicatus
549 2713 603 2776 cst
628 2705 663 2776 in
687 2725 741 2776 eo.
793 2695 820 2740 ³²
836 2703 871 2776 Si
898 2701 984 2774 deus
1011 2700 1214 2774 clarificatus
1239 2713 1294 2776 est
1319 2703 1354 2774 in
1380 2725 1442 2789 eo,
1477 2713 1513 2775 et
1537 2701 1625 2776 deus
1651 2701 1849 2776 clarificabit

374 2845 453 2897 eum
479 2825 513 2895 in
538 2833 650 2896 semet
673 2823 760 2918 ipso,
788 2833 823 2895 et
848 2822 1007 2895 continuo
1034 2820 1233 2896 clarificabit
1257 2845 1347 2896 eum.
1397 2815 1557 2909 ³³Filioli²
1592 2823 1706 2897 adhuc
1732 2821 1846 2896 modi-

375 2968 453 3017 cum
479 2944 660 3017 vobiscum
686 2966 772 3016 sum.
818 2943 1000 3029 Quaeretis
1025 2963 1091 3028 me,
1120 2953 1155 3014 et
1180 2944 1268 3016 sicut
1293 2945 1365 3016 dixi
1390 2943 1526 3018 ludaeis
1554 2945 1632 3029 Quo
1659 2964 1727 3038 ego
1755 2941 1846 3016 vado

339 3119 343 3130 .
373 3088 439 3138 vos
464 3087 535 3137 nun
560 3064 705 3160 potestis
731 3064 865 3150 venire,
901 3073 936 3134 et
967 3062 1068 3134 vobis
1100 3061 1179 3135 dico
1211 3063 1328 3138 modo.
1379 3051 1407 3102 ³⁴
1422 3063 1620 3138 Mandatum
1645 3087 1773 3137 novum
1798 3063 1846 3136 do

373 3187 475 3258 vobis
513 3195 551 3258 nt
583 3185 729 3280 diligatis
762 3185 922 3269 invicem,
958 3183 1044 3256 siem
1076 3183 1181 3256 dilexi
1207 3206 1272 3257 vos
1298 3195 1335 3257 ut
1368 3197 1403 3256 et
1428 3207 1493 3258 vos
1519 3184 1667 3277 diligatis
1692 3183 1847 3257 invicem.

373 3300 448 3378 35Ιιι
474 3307 543 3378 hoc
568 3314 780 3399 cognoscent
805 3325 927 3378 omnes
954 3303 1033 3397 quin
1066 3304 1134 3374 mei
1160 3303 1315 3398 discipuli
1341 3305 1440 3392 estis,
1474 3307 1502 3378 si
1531 3304 1748 3378 dilectionem
1781 3304 1841 3376 ba-

375 3427 517 3498 bueritis
543 3426 589 3500 ad
615 3426 770 3498 invicem.
822 3416 952 3472 mim)
969 3424 1058 3496 Dicit
1083 3425 1115 3496 ei
1147 3425 1266 3498 Simon
1298 3425 1419 3498 Petms
1445 3426 1600 3510 Domine,
1628 3445 1698 3517 quo
1724 3425 1846 3498 vadis?

243 3649 246 3660 Ι
374 3547 564 3642 Respondit
589 3548 683 3618 lesus
710 3547 787 3632 Quo
813 3567 881 3640 ego
907 3546 1000 3618 vado
1024 3566 1095 3616 nou
1120 3555 1223 3640 potes
1249 3565 1306 3617 me
1332 3546 1439 3619 modo
1466 3545 1574 3640 sequi,
1602 3545 1757 3638 sequeris
1783 3565 1847 3616 au-

376 3679 444 3740 tem
470 3679 602 3762 postea.
654 3658 680 3704 ³⁷
692 3665 779 3738 Dicit
804 3666 836 3738 ei
861 3665 981 3737 Petrus
1009 3666 1124 3750 Quare
1149 3687 1219 3736 non
1242 3687 1385 3759 possum
1420 3678 1456 3740 te
1488 3665 1584 3759 sequi
1609 3663 1739 3738 modo?
1773 3665 1847 3736 ani-

377 3811 468 3862 mam
500 3809 615 3860 meam
650 3808 714 3880 pro
748 3797 783 3858 te
817 3806 954 3880 ponam.
1005 3775 1032 3822 ³⁸
1056 3785 1245 3880 Despondit
1269 3786 1365 3858 lesus
1395 3784 1553 3859 dirimam
1579 3796 1673 3858 tuam
1699 3807 1764 3880 pro
1790 3806 1846 3856 me

346 3906 348 3914 ⁴
377 3909 501 4002 ponis?
528 3908 640 3980 Amen
666 3927 767 3978 amen
793 3906 872 3979 dico
899 3905 966 3988 tibi,
992 3927 1062 3978 nou
1089 3905 1238 3980 cantabit
1263 3907 1372 3998 gallus
1399 3907 1514 3980 donec
1540 3929 1596 3978 me
1622 3915 1675 3978 ter
1700 3927 1819 4001 neges.

1068 4179 1148 4252 xlv.

453 4383 579 4438 'immi
598 4390 674 4462 Non
700 4388 852 4462 turbetur
878 4411 938 4461 cor
955 4397 1124 4462 vestrum:
1152 4389 1289 4464 creditis
1315 4389 1349 4460 in
1366 4389 1480 4474 deum,
1508 4397 1543 4462 et
1569 4389 1603 4460 iu
1629 4411 1685 4462 me
1708 4389 1848 4463 credite.

377 4506 442 4584 ’ln
468 4513 576 4586 domo
611 4511 717 4604 patris
751 4510 820 4582 mei
853 4510 1049 4582 mansiones
1082 4509 1209 4583 multae
1242 4521 1333 4581 sunt:
1370 4510 1399 4582 si
1432 4509 1654 4602 quominus,
1683 4510 1850 4584 dixissem

379 4634 493 4706 vobis:
522 4631 602 4725 qnia
633 4631 726 4704 vado
761 4649 886 4726 parare
916 4630 1017 4702 vobis
1051 4631 1173 4702 locum.
1224 4623 1296 4700 3ιιι
1321 4631 1350 4701 si
1383 4629 1502 4702 abiero
1533 4640 1568 4702 et
1593 4653 1850 4726 praeparavero

379 4754 480 4825 vobis
512 4755 643 4838 locum,
676 4753 798 4824 iterum
832 4750 934 4823 venio
965 4759 1000 4821 et
1033 4748 1201 4844 accipiam
1233 4773 1299 4824 vos
1326 4751 1370 4824 ad
1396 4749 1601 4844 meipsum,
1627 4760 1665 4823 ut
1691 4751 1851 4824 abisam

379 4895 447 4967 ego
474 4884 510 4944 et
534 4895 600 4946 vos
626 4873 708 4944 sitis.
759 4861 832 4944 ‘Et
865 4893 935 4966 quo
968 4891 1037 4965 ego
1071 4869 1163 4943 vado
1190 4870 1299 4956 scitis,
1332 4879 1367 4942 et
1401 4870 1490 4942 viam
1523 4871 1624 4944 scitis.
1675 4861 1794 4944 ‘uicit
1819 4871 1852 4942 ei

240 5011 246 5022 ·
379 4993 529 5066 Thomas
554 4993 708 5080 Domine,
736 4991 906 5067 nescimus
933 5014 1002 5086 quo
1028 4991 1137 5076 vadis,
1164 5001 1200 5064 et
1216 4991 1391 5086 quomodo
1409 5009 1595 5085 possumus
1620 4991 1712 5064 viam
1734 4990 1850 5062 scire‘?

400 5113 489 5186 Dicit
514 5115 547 5188 ei
573 5115 669 5188 lesus
696 5115 771 5210 Ego
798 5138 874 5188 sum
901 5115 956 5186 via
992 5122 1027 5184 et
1050 5113 1179 5186 veritas
1205 5119 1240 5184 et
1264 5112 1365 5204 vita:¹
1383 5132 1484 5184 nemo
1519 5113 1613 5186 venit
1644 5111 1690 5186 nd
1716 5121 1850 5206 patrem

913 5234 992 5319 xm,
1023 5236 1068 5306 ιιι
1100 5273 1143 5288 -
1172 5233 1253 5318 XIV,
1281 5235 1314 5302 6.
