4220 6124
260 464 264 472 .
382 417 457 492 280
843 417 1027 482 Eptstbst
1051 414 1103 480 AD
1131 418 1356 484 CORINTHIOS
1382 421 1401 482 1.

384 647 513 720 corpus
545 623 710 708 animale,
758 631 813 694 est
847 633 883 694 ει
914 623 1074 718 spiritale.
1131 623 1187 694 Sic
1218 633 1254 696 et
1294 625 1457 718 scriptum
1492 633 1546 696 εει
1602 615 1630 663 ‘⁵
1645 623 1768 696 Factus
1808 633 1861 695 est

381 747 513 841 primus
539 745 644 816 homo
671 742 783 816 Adam
809 743 844 814 in
870 743 1018 814 animam
1049 743 1241 830 viventem,
1275 745 1487 816 novissimus·
1509 741 1622 814 Adam
1647 743 1682 814 in
1706 741 1859 838 spiritum

382 865 620 948 emicantem.
671 853 698 902 ⁸⁶
715 862 787 935 Sed
821 860 935 956 ‘prius
967 885 1038 934 non
1071 864 1168 956 quod
1198 864 1349 960 spiritale
1381 873 1452 948 est,
1489 862 1555 934 sed
1585 862 1681 956 quod
1714 860 1860 933 animale

383 997 454 1071 εει;
485 985 612 1058 deinde
646 984 743 1078 quod
770 983 931 1078 spiritale.
982 976 1009 1022 *⁷
1026 983 1158 1055 Primus
1193 984 1299 1058 homo
1320 985 1380 1058 ·de
1415 995 1506 1057 terra
1531 993 1700 1068 terrenus,
1734 1001 1859 1052 secun-

381 1106 447 1178 dus
482 1106 588 1178 horno
615 1105 661 1177 de
698 1099 826 1176 caelo'.
877 1093 905 1140 ⁴⁸
918 1103 1035 1190 Qualis
1062 1113 1235 1190 terrenus,
1263 1107 1350 1178 tales
1382 1115 1417 1176 et
1445 1105 1586 1189 terreni,
1622 1097 1751 1197 ‘qualis
1777 1121 1858 1172 cae-

382 1227 494 1310 lestis,
528 1225 615 1298 teies
653 1235 689 1296 et
727 1225 913 1296 caelestes:
961 1213 988 1262 ⁴⁰
1004 1223 1106 1318 igitur
1139 1223 1227 1296 sicut
1259 1224 1472 1318 portavimus
1504 1223 1691 1318 imaginem
1722 1221 1858 1306 terreni,

380 1355 559 1444 portemus
594 1354 629 1417 et
660 1344 846 1438 imaginem
880 1344 1050 1416 caelestis.
1102 1337 1130 1382 ³⁰
1145 1346 1221 1416 Hoc
1253 1358 1368 1418 autem
1400 1345 1495 1430 dico,
1529 1346 1668 1428 iratres,
1697 1340 1859 1435 quoniam

381 1489 464 1542 caro
500 1473 535 1538 et
568 1465 709 1557 sanguis
749 1486 896 1556 regnum
928 1463 985 1537 dei
1017 1459 1220 1558 'possidere
1251 1485 1322 1535 non
1353 1475 1516 1558 possunt,
1543 1485 1664 1558 neque
1683 1461 1858 1555 corruptio

379 1586 646 1680 incorruptelam
671 1583 864 1677 possidere.
915 1577 939 1622 ⁵⁴
958 1585 1050 1656 Ecce
1076 1585 1279 1679 mysterium
1305 1583 1406 1655 vobis
1432 1582 1522 1654 dico.
1562 1581 1692 1654 Omnes
1719 1581 1857 1676 quidem

380 1706 605 1799 resurgimus,
633 1704 698 1776 sed
723 1726 795 1776 uon
820 1725 943 1776 omnes
967 1704 1237 1790 immutabimur,
1280 1695 1308 1740 ⁵²
1324 1703 1359 1774 in
1384 1711 1579 1786 momento,
1604 1701 1640 1772 in
1663 1703 1734 1774 ictu
1759 1702 1857 1786 occdi,

380 1829 413 1898 in
439 1826 629 1900 novissima
654 1824 753 1896 tuba:
781 1826 999 1910 canetenim,
1027 1834 1063 1898 ει
1088 1825 1213 1896 mortui
1237 1834 1420 1916 restugent
1444 1822 1639 1916 incorrupti,
1665 1833 1701 1894 et
1715 1841 1782 1892 nos
1805 1821 1857 1892 in-

379 1945 598 2020 mutabimur.
649 1935 676 1982 ⁵³
693 1944 838 2038 Oportet
864 1946 954 2016 enim
988 1945 1207 2039 corruptibile
1242 1946 1309 2016 hoc
1342 1943 1487 2044 induere
1516 1943 1796 2037 incorruptelam,
1824 1951 1858 2013 et

380 2067 526 2142 mortale
552 2065 620 2136 hoc
646 2063 791 2137 induere
818 2066 1103 2139 inmortalitatem.
1154 2054 1181 2102 ⁵⁸
1194 2065 1277 2138 Cum
1306 2073 1421 2136 autem
1447 2063 1593 2135 mortale
1619 2063 1687 2136 hoc
1711 2061 1858 2135 induerit

380 2186 672 2270 inmortalitatem,
708 2195 787 2258 tunc
817 2185 876 2258 fiet
910 2207 1027 2258 sermo
1063 2181 1141 2280 'qui
1175 2187 1321 2280 scriptus
1355 2195 1410 2256 est
1438 2184 1591 2256 Absorta
1625 2193 1678 2256 est
1703 2205 1798 2256 mors
1823 2183 1856 2252 in

380 2307 533 2382 uctoda.
585 2296 613 2342 ⁵⁶
629 2305 694 2376 Ubi
724 2317 795 2391 est,
829 2327 942 2390 mors,
975 2306 1121 2380 victoria
1154 2308 1239 2378 tua‘l
1266 2305 1325 2379 ubi
1351 2314 1413 2390 est,
1441 2326 1544 2389 mors,
1572 2303 1727 2376 sonum
1752 2305 1855 2374 utus?

379 2419 407 2464 ⁵⁶
423 2407 728 2500 sommus'autem
760 2427 880 2498 mortis
912 2435 1092 2520 peccatum
1119 2435 1186 2516 est,
1219 2427 1326 2498 virtus
1351 2447 1437 2498 vero
1463 2425 1688 2519 peccatilex.
1737 2415 1765 2462 ⁶⁷
1780 2425 1855 2494 Deo

381 2557 496 2618 autem
522 2543 664 2638 gratias,
691 2545 751 2637 qui
782 2545 881 2619 dedit
912 2545 1013 2618 nobis
1046 2547 1224 2618 victoriam
1259 2569 1325 2640 per
1356 2545 1532 2619 dominum
1563 2553 1720 2616 nostrum
1744 2545 1855 2615 lesum

381 2666 560 2738 Christum.
612 2656 640 2702 ⁵⁸
654 2665 782 2757 ltaque,
808 2665 932 2736 iratres
957 2665 1027 2737 mei
1052 2666 1177 2752 dilecti,
1205 2668 1346 2738 stabiles
1368 2675 1481 2738 estote
1507 2675 1542 2737 et
1567 2664 1764 2748 inmobiles,
1791 2664 1855 2736 ah-

380 2785 551 2858 undantes
585 2785 620 2860 in
652 2805 764 2878 opera
794 2785 923 2858 domini
956 2807 1113 2880 semper,
1146 2786 1295 2859 scientes
1321 2786 1417 2881 quod
1441 2787 1541 2890 labor
1565 2793 1684 2858 vester
1708 2807 1779 2857 non
1803 2794 1856 2856 est

379 2906 489 2980 inanis
514 2905 549 2976 in
574 2904 725 2977 domino.

1074 3182 1156 3254 xvt.

457 3373 606 3458 1(ΜΒε
632 3385 784 3458 collectis
811 3397 927 3460 autem
954 3409 1044 3480 quae
1070 3387 1153 3460 fiunt
1178 3389 1214 3460 in
1238 3390 1374 3474 sanctis,
1399 3388 1487 3466 sicut
1519 3388 1675 3462 ordinavi
1702 3385 1855 3458 ecclesiis

380 3505 548 3590 Galatiae,
586 3507 632 3578 ita
672 3515 709 3578 ει
746 3529 812 3578 uos
846 3507 956 3580 tacite
1008 3501 1105 3580 ²Per
1137 3531 1240 3581 unam
1273 3509 1408 3582 sabbati
1438 3507 1671 3602 unusquisque
1702 3517 1868 3580 vestrum·

380 3637 464 3721 aput
495 3647 535 3698 se
566 3636 674 3720 ponat
703 3627 901 3699 recondens
935 3630 1030 3722 quod
1062 3629 1095 3700 ei
1129 3629 1309 3722 placuerit,
1336 3639 1373 3702 ut
1405 3651 1476 3702 non
1510 3649 1588 3701 oum
1618 3649 1750 3700 venero
1777 3639 1854 3699 tnnc

381 3743 545 3820 'colecta
569 3745 660 3818 fiant.
712 3738 827 3818 3ιῖιιιιι
854 3759 970 3820 autem
997 3745 1162 3842 'presens
1185 3749 1293 3834 luero,
1322 3771 1410 3842 quos
1436 3749 1664 3842 probaveritis
1689 3765 1754 3842 per
1779 3747 1854 3841 epi·

378 3867 501 3966 stulas,
528 3867 595 3938 hos
627 3866 759 3938 mittam
790 3869 944 3961 perferre
977 3869 1122 3962 gratiam
1155 3879 1308 3941 vestram
1341 3869 1375 3939 in
1400 3869 1631 3941 Hierusalem:
1673 3857 1799 3960 *quod
1825 3867 1862 3938 si,
1928 3859 1933 3868 ’

379 3985 522 4078 dignum
546 3987 646 4058 fuerit
671 3997 709 4058 ut
733 3994 801 4079 ego
829 4009 922 4074 eam,
955 4010 1091 4060 mecum
1118 3989 1222 4061 ibunt.
1273 3981 1447 4062 ⁵Veniam
1473 3999 1588 4060 autem
1613 3988 1660 4061 ad
1685 4007 1750 4058 vos
1775 4007 1853 4056 cum

378 4105 616 4178 Macedoniam
649 4107 897 4200 pertransiero:
931 4129 1013 4180 nam
1045 4109 1306 4181 Machedoniam
1341 4110 1568 4203 pertransibo.
1626 4100 1759 4206 ⁶Apud
1788 4125 1854 4178 vos

378 4225 521 4300 forsitan
552 4225 704 4298 manebo
736 4228 794 4298 vel
827 4229 931 4301 etiarn
963 4229 1143 4314 hiemabo,
1178 4239 1214 4299 et
1245 4250 1311 4300 vos
1345 4251 1402 4299 me
1429 4228 1610 4302 deducatis
1637 4245 1854 4323 quocumque

377 4346 462 4420 iero.
504 4339 618 4417 ⁷Nolo
653 4345 744 4417 enim
770 4367 835 4418 vos
868 4348 975 4421 modo
1007 4349 1041 4420 in
1074 4349 1252 4420 transitum
1285 4347 1420 4420 videre:
1453 4371 1558 4444 spero
1591 4349 1682 4420 enirn
1709 4369 1766 4418 me
1792 4346 1854 4417 ali-

293 4477 296 4487 ’
375 4476 543 4560 quantum
561 4466 725 4559 temporis
743 4487 884 4539 manere
911 4468 1005 4562 apud
1030 4490 1104 4553 vos,
1132 4469 1161 4539 si
1179 4468 1340 4540 dominus
1365 4469 1567 4563 permiserit.
1613 4461 1853 4540 8Ρειιιιιιιιειιο

377 4597 496 4660 eutem
520 4585 650 4681 Ephesi
681 4608 792 4680 usque
824 4587 871 4660 ad
902 4597 1143 4681 pentecosten:
1188 4580 1344 4660 ⁹ostium
1379 4589 1469 4660 enim
1502 4589 1584 4660 mihi
1617 4598 1774 4683 apertum
1801 4595 1854 4657 est

377 4727 541 4801 magnum
568 4715 603 4778 et
636 4705 797 4791 evidens,
824 4717 859 4778 et
884 4707 1075 4778 adversarii
1101 4707 1205 4778 multi
1248 4701 1274 4747 ¹⁰
1287 4709 1322 4779 Si
1349 4719 1464 4780 autern
1490 4707 1622 4778 venerit
1647 4707 1854 4785 Timotheus.

377 4825 495 4900 videte
521 4837 558 4896 ut
583 4826 657 4897 sine
683 4827 807 4900 timore
833 4827 875 4898 sit
901 4826 995 4921 apud
1020 4849 1102 4898 vos:
1129 4849 1220 4920 opus
1246 4827 1337 4899 enim
1363 4827 1493 4900 domini
1519 4837 1682 4921 operatur
1707 4828 1794 4898 sicut
1820 4837 1856 4896 et

378 4967 461 5040 ego:
504 4939 527 4983 ⁴¹
547 4967 592 5018 ne
618 4947 695 5040 quis
729 4969 815 5040 ergo
849 4947 940 5018 illum
973 4958 1123 5041 spernat
1175 4947 1344 5020 Deducite
1370 4959 1485 5021 autem
1510 4947 1601 5019 illum
1627 4947 1661 5019 in
1687 4969 1792 5042 pace,
1819 4955 1855 5018 ut

376 5065 492 5138 veniat
517 5065 563 5138 ad
589 5088 661 5138 me:
690 5077 840 5163 expecto
867 5065 958 5138 enim
985 5067 1077 5140 illum
1104 5069 1369 5140 cumfratribus.
1412 5059 1438 5106 ⁴¹
1455 5059 1507 5116 (⁶⁷)
1522 5069 1574 5140 De
1591 5067 1716 5162 Apollo
1739 5075 1854 5139 antem

376 5185 496 5270 hatra,
531 5187 670 5260 multum
702 5189 822 5282 rogavi
856 5209 934 5260 eum
967 5198 1004 5258 ut
1037 5189 1170 5261 vendet
1195 5188 1241 5260 ad
1274 5211 1352 5261 vos·
1365 5211 1444 5263 cum
1478 5187 1649 5261 tratribus:
1677 5197 1712 5258 et
1737 5187 1853 5280 utique

906 5307 973 5392 XV,
1003 5306 1050 5379 l5
1076 5349 1130 5362 -
1154 5309 1235 5395 XVI,
1266 5311 1322 5385 ⁴2.
