4102 6128
978 389 1260 454 PROLEGOMENA

1066 595 1174 666 XVlll.

472 803 813 876 Emendationes
840 800 873 870 in
892 800 1013 872 codice
1031 799 1202 872 Amiatino
1222 803 1409 876 maximam
1431 813 1565 898 partem
1585 805 1723 898 antiqua
1741 827 1853 892 manu,

379 923 506 998 saeculi
533 924 604 994 lere
632 923 744 993 octavi
772 920 827 990 vel
853 920 944 1004 noni,
971 922 1083 992 laetae
1111 931 1206 992 surrt:
1234 943 1367 1016 paucae
1401 925 1612 1008 recentiores
1648 935 1743 996 sunt:
1776 949 1855 1020 pas·

378 1046 441 1116 sim
469 1042 603 1116 difficile
637 1041 730 1112 dictu
764 1049 819 1110 est
844 1051 955 1114 utrum
990 1041 1188 1140 emendatio
1216 1041 1263 1114 ad
1293 1044 1404 1135 ipsum
1440 1055 1619 1116 auctorem
1647 1067 1691 1116 an
1719 1068 1854 1118 manum

378 1165 451 1236 eius
477 1163 658 1256 aequalem
686 1184 729 1232 an
756 1160 801 1232 ad
829 1169 1062 1232 correctorem
1089 1162 1318 1256 posteriorem
1354 1164 1398 1232 sit
1427 1163 1620 1236 referenda.
1674 1168 1854 1238 Correcto-

377 1287 424 1358 ris
457 1284 571 1356 studio
604 1304 709 1374 quum
742 1281 847 1352 multa
880 1281 1050 1352 debentur
1081 1282 1205 1374 quibus
1239 1283 1316 1376 ipse
1350 1293 1466 1354 textus
1493 1283 1717 1378 amplificatur
1742 1287 1797 1358 vel
1822 1288 1857 1357 in

366 1405 478 1478 'aliam
513 1401 694 1472 lectionem
730 1410 895 1486 mutatur,
929 1411 998 1472 tum
1028 1403 1197 1496 permulta
1225 1403 1348 1496 quibus
1375 1403 1479 1475 dictio
1507 1403 1552 1476 ad
1580 1406 1675 1497 leges
1703 1407 1856 1500 antiquas

377 1524 619 1618 grammaticas
653 1521 912 1592 convenientior
947 1531 1002 1592 est
1034 1522 1188 1594 reddita:
1220 1544 1428 1616 quamquam
1457 1535 1511 1594 sat
1537 1526 1641 1596 multa
1667 1547 1731 1619 per
1755 1548 1855 1598 erro-

376 1667 450 1717 rem
477 1653 535 1716 aut
561 1642 803 1714 soloecismum
831 1642 958 1735 scripta
983 1643 1109 1713 intacta
1134 1652 1343 1714 manserunt.
1395 1644 1472 1714 Non
1489 1644 1603 1716 inutile
1622 1655 1719 1718 esset
1736 1669 1855 1718 emen-

378 1767 537 1838 dationes
564 1785 625 1834 eas
653 1783 744 1854 quae
771 1761 805 1832 in
831 1782 870 1832 re
897 1761 1012 1834 critica
1039 1763 1166 1856 aliquid
1192 1763 1357 1836 momenti
1384 1763 1555 1836 baberent
1582 1766 1759 1858 colligere,
1787 1789 1854 1860 quo

377 1887 499 1958 melius
535 1884 563 1954 is
596 1892 711 1954 textus
752 1881 927 1974 adquam
959 1893 1136 1954 corrector
1171 1883 1329 1957 codicem
1362 1887 1580 1956 conformare
1607 1885 1769 1958 studebat
1794 1908 1855 1956 co-

377 2006 498 2100 gnosci
524 2013 653 2098 posset.
706 2002 779 2074 Nos
806 2001 945 2094 quidem
978 2002 1012 2074 in
1046 2003 1186 2076 edendo
1215 2015 1310 2074 textu
1342 2025 1408 2075 nec
1433 2005 1562 2098 ubique
1587 2006 1662 2078 illas
1689 2007 1856 2078 arcendas

377 2149 444 2198 neo
477 2125 680 2218 plerumque
712 2121 928 2216 recipiendas
963 2125 1175 2194 curavimus:
1211 2145 1278 2216 qua
1309 2124 1344 2194 in
1369 2147 1407 2194 re
1434 2125 1548 2218 paullo
1575 2127 1743 2198 maiorem
1771 2149 1852 2200 con-

379 2245 537 2318 stantiam
563 2243 688 2314 vellem
715 2242 902 2314 adhibitam
929 2263 1020 2314 esse.

1078 2485 1162 2554 XlX.

379 2701 497 2763 lNDEX
531 2695 745 2760 LECTIONUM
771 2697 842 2758 VEL
875 2691 980 2756 MANU
1011 2693 1248 2756 POSTElllOllE
1273 2653 1347 2758 *vm
1379 2695 1405 2756 Α
1431 2696 1544 2757 NOBIS
1571 2695 1856 2759 CORRECTARUM.

378 2883 575 2977 Epistula
603 2879 854 2974 Hieronymi
881 2878 934 2950 ad
959 2879 1197 2949 Damasum.

430 3003 510 3094 Pag.
541 3005 572 3072 l.
600 3000 705 3072 editio
739 3020 826 3070 uno:
854 2998 970 3070 codex
997 2998 1101 3070 babet
1128 3001 1207 3070 unio
1232 2993 1237 3096 Ι
1261 2985 1514 3091 duaerendum:
1542 2998 1658 3072 codex
1686 3023 1855 3093 quaeren-

430 3123 496 3194 d'us
520 3122 525 3214 Ι
548 3121 630 3212 Pag.
657 3124 692 3194 2.
721 3121 807 3190 baec
832 3141 1017 3230 praesens:
1045 3119 1161 3190 codex
1184 3119 1251 3190 hoc
1268 3141 1436 3212 praesens
1453 3121 1464 3207 Ἰ
1488 3119 1714 3213 perscriptus:
1743 3123 1855 3194 codex

430 3242 687 3338 peraescriptus

379 3365 599 3455 Prologus
624 3361 658 3430 in
684 3382 760 3431 evv.
786 3361 841 3430 lV.

430 3485 511 3576 Pag.
540 3485 573 3554 8.
601 3481 758 3552 Basilidis
784 3491 887 3572 atque
913 3480 1059 3573 Apellis:
1088 3479 1203 3550 codex
1231 3478 1394 3550 basilides
1421 3489 1525 3571 atque
1559 3480 1689 3572 apelles
1712 3479 1718 3570 l
1740 3481 1855 3551 Boeo-

431 3606 584 3696 tiaeque:
612 3601 729 3672 codex
756 3601 920 3692 boetique
944 3593 949 3698 Ι
973 3601 1053 3691 Pag.
1083 3603 1115 3670 9.
1143 3599 1188 3670 de
1216 3597 1407 3670 divinitate:
1435 3599 1470 3669 in
1496 3599 1618 3670 codice
1637 3597 1682 3670 de
1700 3611 1856 3693 praeter-

431 3725 573 3796 missum
600 3716 678 3792 est.¹

380 3842 609 3915 Praelatio.

431 3966 512 4058 Peg.
542 3966 599 4034 to.
627 3985 673 4033 ex
699 3961 846 4053 virgine:
875 3960 991 4031 codex
1018 3979 1065 4028 ex
1091 3959 1125 4027 in
1151 3957 1283 4052 uirgine

380 4085 585 4180 Capitula.

429 4205 552 4277 LXVII.
580 4203 764 4275 Parabola:
801 4201 917 4272 codex
942 4177 1147 4272 Parabolarn
1176 4200 1416 4294 (improbatum
1450 4202 1630 4292 igiturest
1663 4223 1697 4272 m
1729 4211 1859 4295 puncto

430 4320 662 4421 superposito)
687 4323 693 4414 Ι
716 4322 825 4392 LXIX.
854 4321 963 4391 sconti
989 4331 1068 4391 sunt
1094 4343 1189 4392 eum:
1217 4320 1333 4391 codex
1361 4321 1469 4411 dsunt
1495 4343 1573 4393 eum
1603 4321 1743 4414 ysecuti,
1788 4322 1859 4390 Hoc

429 4442 537 4514 modo
564 4445 673 4514 verba
702 4441 960 4535 transponenda
987 4463 1067 4512 esse
1095 4440 1278 4534 significari
1304 4441 1401 4510 solet.

329 4635 332 4642 ,
380 4563 665 4656 Evangelium
692 4562 930 4634 secundum
957 4563 1196 4633 Mattheum.

433 4687 463 4770 l,
497 4687 552 4754 15.
579 4683 729 4756 blattban
756 4695 888 4754 autem:
917 4683 1033 4754 codex
1058 4683 1221 4753 lllattham
1248 4679 1391 4770 autent
1419 4683 1448 4764 1,
1480 4682 1539 4749 17.-
1570 4680 1859 4772 quattuordecim:

429 4803 547 4876 codex
575 4805 859 4896 quattuordecem
888 4802 945 4898 (ita
971 4802 1126 4875 secundo
1153 4802 1248 4884 loco,
1276 4799 1343 4870 sod
1369 4799 1480 4892 primo
1508 4811 1544 4870 et
1562 4801 1662 4871 tertio
1681 4811 1858 4893 quattuor-

430 4921 554 5018 decim)
578 4924 583 5014 Ι
608 4928 640 5008 2,
672 4927 728 4994 t3.
757 4924 908 4996 somnio:
936 4925 1043 4994 altera
1070 4942 1193 4992 manus
1220 4919 1350 4990 delevit
1375 4941 1396 4989 o
1425 4929 1638 5004 extremum,
1655 4921 1730 4991 -sed
1758 4917 1860 4990 oblita

430 5043 543 5114 estin
577 5043 650 5115 eius
684 5047 798 5118 locum
832 5044 1041 5116 substituere
1069 5063 1101 5124 s,
1131 5051 1167 5110 ut
1199 5049 1294 5140 esset
1327 5040 1457 5110 somnis
1480 5041 1487 5130 Ι
1512 5039 1550 5124 l,
1581 5043 1637 5110 l8.
1669 5039 1860 5114 mittentes:

431 5163 549 5234 codex
575 5185 639 5256 per
665 5185 821 5236 errorem
849 5164 994 5234 mittens.
1047 5159 1177 5231 lbidem
1205 5159 1239 5228 in
1264 5179 1362 5229 mare
1397 5162 1592 5253 suppletum
1627 5170 1681 5230 est
1707 5161 1741 5232 in
1768 5179 1860 5230 mar-

431 5285 510 5377 gine
534 5278 540 5382 Ι
565 5287 598 5368 5,
627 5283 685 5354 lo.
714 5285 865 5355 remitte:
892 5284 926 5352 in
952 5281 1074 5352 codice
1102 5302 1140 5350 re
1159 5302 1265 5374 super
1283 5279 1406 5351 lineam
1425 5282 1621 5374 suppletum
1641 5291 1695 5351 est
1718 5281 1724 5373 Ι
1749 5283 1781 5364 8,
1801 5275 1859 5348 3l.
