4242 6118
745 385 994 490 EVANGELlUlll·
1010 387 1209 449 SECUNDUM
1235 385 1438 449 MATTHEUM

411 491 514 500 -----

1044 623 1140 694 XXll.

436 819 548 874 ΗΜ)
566 831 608 900 lit
633 829 850 923 respondens
875 830 971 900 lesus
997 828 1084 898 dixit
1108 831 1230 900 iterum
1248 829 1282 900 in
1307 827 1482 922 parabolis
1500 829 1561 912 eis,
1588 827 1717 911 dicens,
1742 817 1824 899 ¹Si-

359 950 438 1020 mile
464 949 588 1020 lactum
614 959 670 1021 est
693 971 838 1042 regnum
865 949 1039 1020 caelorum
1065 949 1193 1020 homini
1219 949 1293 1042 regi
1318 949 1376 1042 qui
1401 949 1480 1020 lecit
1503 948 1638 1041 nuptias
1663 947 1824 1020 filiosuo.

357 1061 430 1140 3Ει
455 1071 545 1140 misit
570 1089 692 1140 servos
724 1091 807 1141 suos
834 1091 962 1140 vocare
992 1070 1151 1141 invitatos
1185 1069 1231 1142 ad
1262 1070 1413 1162 nuptias,
1449 1079 1485 1140 ct
1509 1049 1671 1140 nolebant
1695 1069 1824 1140 venire.

358 1179 511 1262 ‘lterum
539 1189 629 1260 misit
661 1189 746 1260 alios
772 1210 895 1260 servos
921 1189 1040 1262 dicen's
1070 1189 1179 1261 Dicite
1205 1190 1353 1262 invitatis
1384 1191 1473 1261 Ecce
1503 1188 1684 1283 prandium
1710 1211 1826 1261 meum

358 1311 487 1404 paravi,
515 1309 600 1380 tauri
626 1310 695 1380 mei
721 1317 756 1380 et
791 1309 891 1380 altilia
924 1311 1040 1382 occisa
1071 1320 1106 1382 et
1139 1311 1254 1381 omnia
1286 1320 1420 1404 parata:
1454 1310 1569 1381 venite
1603 1309 1648 1382 ad
1681 1311 1824 1403 nuptias.

358 1423 431 1500 ⁵lli
457 1439 571 1500 antem
597 1429 832 1522 neglexemnt,
859 1440 895 1500 et
920 1431 1077 1502 abierunt
1103 1432 1188 1502 alius
1215 1431 1249 1501 in
1275 1431 1388 1502 villam
1421 1451 1528 1514 suam,
1556 1430 1752 1501 alinsvcro
1779 1431 1825 1502 ad

358 1550 627 1642 negotiationem
654 1569 760 1620 snam.
813 1543 970 1644 ⁶lleliqni
995 1573 1081 1622 veru
1108 1561 1288 1622 tenuerunt
1313 1572 1435 1623 servos
1461 1550 1535 1621 eins
1562 1558 1596 1620 et
1622 1551 1826 1622 contumelia

360 1671 514 1742 adlectus
542 1669 747 1742 occidemnt.
799 1664 899 1742 ⁷llex
925 1681 1040 1744 autem
1066 1693 1144 1742 oum
1170 1669 1324 1742 audisset
1348 1671 1452 1741 iratus
1478 1679 1540 1755 est,
1567 1679 1603 1741 et
1628 1669 1741 1741 missis
1760 1691 1825 1741 ex·
1887 1659 1895 1672 '

361 1791 521 1862 ercitibus
561 1791 631 1862 suis
664 1791 815 1884 perdidit
850 1792 1041 1864 homicidas
1073 1792 1165 1876 illos,
1201 1799 1236 1862 et
1272 1791 1442 1862 civilatem
1474 1792 1608 1862 illomm
1641 1790 1825 1862 succendit.

359 1903 480 1980 8Τιιηο
506 1910 552 1980 ait
577 1911 687 1981 servis
713 1913 784 1984 suis
810 1914 956 2006 Nuptiae
982 1912 1122 2006 quidem
1148 1921 1290 2004 paratae
1316 1921 1403 1996 sunt,
1426 1909 1491 1982 sed
1509 1910 1567 2003 qui
1583 1910 1712 1980 invitati
1731 1919 1828 1981 crant

334 2011 430 2103 ¹nun
455 2031 588 2100 luerunt
613 2029 716 2123 digni.
768 2024 847 2104 ⁹lte
872 2055 957 2126 ergo
985 2033 1031 2104 ad
1061 2033 1173 2104 exitus
1210 2033 1356 2117 viarum,
1391 2042 1426 2102 et
1458 2051 1695 2123 quoscumque
1728 2030 1827 2101 inve-

362 2149 477 2220 neritis
504 2157 627 2220 vocate
653 2151 699 2222 ad
724 2154 868 2247 nuptias.
919 2146 945 2192 ¹⁰
960 2154 1003 2224 Et
1028 2153 1161 2244 egressi
1187 2153 1280 2224 servi
1305 2153 1379 2223 eius
1413 2153 1447 2223 in
1479 2152 1554 2223 vias
1588 2171 1827 2244 congregave-

362 2279 438 2340 mnt
463 2291 584 2340 omnes
611 2291 699 2363 quos
725 2272 935 2360 invenenant,
961 2273 1071 2345 malos
1097 2283 1132 2342 et
1163 2271 1293 2358 bonos,
1331 2283 1366 2343 et
1399 2272 1561 2364 impletae
1586 2281 1665 2344 sunt
1689 2271 1827 2364 nuptiae

362 2389 656 2462 discumbentium.
683 2383 705 2427 ¹⁴
721 2383 822 2440 (Μ)
841 2393 979 2464 lntravit
996 2404 1109 2465 autem
1127 2413 1192 2464 rex
1209 2401 1247 2464 ut
1263 2392 1396 2466 videret
1414 2391 1680 2478 discumbentes,
1700 2391 1829 2463 elvidit

361 2510 407 2580 ibi
426 2510 599 2581 hominem
617 2533 687 2583 non
704 2512 863 2584 vestitum
880 2523 980 2585 veste
996 2513 1145 2607 nuptiali,
1181 2502 1206 2548 ¹¹
1223 2521 1258 2582 et
1275 2513 1321 2582 ait
1337 2513 1383 2584 illi
1403 2511 1533 2597 Amice,
1559 2513 1737 2606 quomodo
1761 2513 1828 2584 huc

361 2630 489 2702 intrasti
512 2653 583 2702 non
600 2631 732 2703 habens
757 2643 890 2704 vestem
907 2635 1117 2728 nuptialem?
1143 2631 1188 2702 At
1212 2632 1268 2703 ille
1287 2631 1464 2704 obmutuit.
1490 2624 1516 2670 ⁴³
1533 2633 1627 2704 Tunc
1653 2633 1739 2706 dixit
1763 2654 1828 2704 rex

361 2751 520 2822 ministris
546 2752 671 2844 Ligatis
696 2752 844 2846 pedibus
870 2755 944 2826 eius
970 2764 1006 2826 et
1030 2754 1187 2826 manibus
1219 2753 1341 2824 mittite
1367 2775 1447 2826 eum
1472 2753 1506 2823 in
1538 2753 1699 2825 tenebras
1726 2763 1826 2858 exte-

361 2872 485 2942 riores:
527 2871 574 2942 ibi
608 2873 671 2942 erit
703 2873 803 2945 lletus
838 2885 873 2945 et
904 2874 1031 2946 stridor
1066 2873 1227 2946 dentium.
1280 2861 1409 2946 “Multi
1445 2883 1558 2946 autem
1592 2883 1671 2946 sunt
1703 2873 1826 2957 vocati,

362 2992 462 3085 pauci
487 3012 573 3064 vero
600 2994 708 3065 electi.
759 2986 784 3030 ¹⁵
797 2985 885 3041 (Μ)
904 2997 997 3066 Tunc
1023 2995 1189 3066 abeuntes
1216 2994 1390 3066 Pharisaei
1417 2994 1593 3067 consilinm
1620 2994 1766 3065 inierunt
1791 3003 1829 3064 nt
1917 3009 1925 3030 ·

362 3121 526 3205 caperent
550 3134 630 3184 enm
656 3114 690 3186 in
715 3136 885 3187 sermone.
937 3107 963 3153 ¹⁶
979 3117 1020 3186 Et
1046 3116 1180 3187 mittunt
1211 3116 1243 3186 ei
1269 3115 1456 3208 discipulos
1488 3136 1571 3186 suos
1604 3136 1682 3185 cum
1714 3113 1826 3184 Hero-

361 3215 471 3304 dianis
499 3231 659 3305 dicentes
691 3235 870 3328 Magister,
901 3237 1027 3308 scimus
1060 3237 1140 3330 qnia
1171 3257 1282 3306 verax
1307 3257 1347 3306 es
1372 3243 1408 3306 et
1432 3235 1524 3306 viam
1550 3235 1608 3306 dei
1632 3233 1827 3305 inveritate

362 3351 480 3438 doces,
508 3362 544 3424 et
569 3375 638 3425 non
664 3365 718 3426 est
744 3357 804 3427 tibi
830 3377 912 3428 cura
938 3356 984 3429 de
1010 3356 1143 3448 aliquo:
1169 3376 1239 3426 non
1265 3357 1355 3428 enirn
1382 3356 1524 3450 respicis
1551 3375 1735 3450 personam
1761 3353 1827 3425 hc-

362 3473 508 3544 minum:
549 3467 573 3510 ¹⁷
590 3474 647 3580 dic
673 3495 758 3568 ergo
784 3477 885 3548 nobis
912 3477 995 3570 quid
1021 3476 1082 3548 libi
1107 3476 1281 3562 videatur,
1315 3475 1395 3546 licet
1421 3497 1562 3548 censum
1589 3476 1664 3549 dari
1691 3475 1829 3546 Caesari
1920 3495 1927 3508 ·

363 3615 406 3662 an
431 3596 525 3664 non?
565 3587 590 3631 ⁴⁸
604 3595 747 3689 Cognita
781 3607 895 3668 autem
928 3599 1022 3670 lesus
1057 3597 1208 3690 nequitia
1241 3617 1363 3668 comm
1397 3597 1444 3668 ait
1470 3596 1561 3682 Quid
1586 3617 1644 3668 me
1669 3595 1828 3680 tenutis,

363 3713 587 3806 hypocritae?
627 3707 652 3754 ¹⁹
669 3716 847 3789 Ostendite
872 3717 955 3789 mihi
979 3718 1149 3789 nomisma
1176 3725 1309 3790 census.
1347 3714 1392 3787 At
1417 3717 1463 3788 illi
1490 3717 1685 3810 optulerunt
1710 3716 1743 3786 ei
1762 3713 1828 3785 de-

363 3833 503 3903 narium.
556 3827 582 3872 ²⁰
597 3836 640 3906 Et
683 3837 730 3908 ait
770 3837 834 3910 illis
866 3839 961 3908 lesus
995 3837 1095 3909 Cuius
1129 3847 1183 3910 est
1216 3839 1332 3929 imago
1366 3836 1455 3908 haec
1491 3845 1526 3908 et
1558 3833 1827 3930 suprascriptio?

363 3942 524 4025 ¹*Dicunt
555 3955 588 4026 ei
623 3955 788 4029 Caesaris.
828 3959 923 4030 Tunc
957 3957 1004 4029 ait
1034 3957 1098 4028 illis
1131 3957 1277 4030 Reddite
1311 3977 1397 4049 ergo
1438 3977 1528 4050 qnae
1560 3965 1639 4028 sunt
1671 3954 1828 4026 Caesaris

364 4072 510 4160 Caesari,
538 4084 574 4146 et
598 4099 687 4170 qnae
714 4087 793 4149 sunt
818 4077 876 4150 dei
903 4077 981 4150 deo.
1032 4069 1113 4148 ”Et
1138 4077 1317 4150 audientes
1343 4077 1454 4149 mirati
1480 4085 1566 4157 sunt,
1592 4087 1628 4148 et
1647 4075 1765 4146 relicto
1783 4095 1827 4145 eo

364 4193 531 4267 abicmnt
580 4189 606 4236 ²³
622 4199 659 4269 ln
683 4199 740 4271 illo
767 4199 824 4271 die
851 4208 1070 4270 adcesserunt
1101 4195 1147 4268 ad
1179 4219 1258 4270 eum
1291 4194 1500 4289 Sadducaei,
1534 4197 1592 4290 qni
1618 4195 1734 4268 dicunt
1759 4216 1828 4267 non

364 4335 443 4388 esse
469 4321 764 4404 resurrectionem,
792 4330 828 4391 et
851 4319 1148 4411 interrogavenmt
1173 4339 1253 4390 eum
1290 4305 1483 4389 ¹¹‘dicentes
1507 4315 1685 4408 Magister,
1712 4315 1829 4388 lllcsas

308 4465 311 4474 ·
363 4433 451 4507 dixit
476 4439 511 4508 Si
538 4439 614 4530 quis
640 4450 795 4512 mortuus
820 4439 919 4511 luerit
943 4459 1013 4512 non
1038 4440 1170 4512 habens
1196 4438 1310 4522 lilium,
1336 4445 1374 4508 nt
1399 4437 1503 4509 ducat
1521 4436 1624 4508 trater
1643 4437 1717 4508 eius
1737 4457 1830 4508 uxo-

363 4579 437 4628 rem
463 4559 550 4630 illius
578 4568 613 4629 et
638 4561 778 4632 suscitet
803 4581 922 4633 semen
948 4561 1039 4632 fratri
1065 4583 1140 4632 suo.
1191 4552 1218 4597 ¹⁵
1234 4559 1337 4630 Erant
1362 4567 1477 4629 autem
1503 4557 1596 4651 apud
1613 4579 1678 4630 nos
1694 4567 1830 4652 septem

364 4679 503 4750 tratres:
530 4689 565 4750 st
590 4680 719 4772 primns
745 4703 858 4755 uxore
883 4683 985 4754 ducta
1012 4680 1190 4753 defunctus
1223 4688 1284 4764 est,
1312 4687 1348 4749 ct
1372 4700 1443 4750 non
1469 4678 1599 4750 hahens
1627 4699 1747 4750 semen
1772 4697 1830 4748 re-

364 4799 459 4892 liquit
490 4823 636 4873 uxorem
668 4823 765 4874 snam
797 4804 890 4875 trani
924 4825 998 4874 sno.
1049 4793 1077 4838 ²⁶
1093 4801 1252 4872 Similiter
1286 4799 1458 4872 secundus
1491 4809 1526 4871 et
1557 4799 1691 4884 tertius,
1718 4817 1831 4889 usqne

367 4917 413 4988 ad
438 4921 631 5012 septimum.
683 4913 709 4962 Ἡ
726 4923 921 4996 Novissime
947 4932 1062 4994 autam
1089 4921 1240 4993 omnium
1266 4929 1302 4990 st
1327 4922 1448 4993 mulier
1473 4919 1632 4992 deluncta
1658 4927 1720 4997 cst.
1756 4907 1831 4986 ”ln
1866 4901 1870 4918 '

364 5041 614 5140 resurrectione
646 5061 731 5134 ergo
758 5045 854 5116 cuius
880 5044 944 5115 crit
969 5043 1014 5116 de
1048 5051 1181 5135 septem
1212 5041 1327 5112 uxori
1363 5061 1483 5114 omnes
1517 5041 1608 5112 enim
1640 5039 1831 5110 hahuerunt

366 5179 453 5229 eam.
504 5151 768 5256 ”Respondeas
803 5173 917 5236 autem
949 5165 1043 5234 lesus
1076 5163 1123 5234 ait
1155 5162 1218 5234 illis
1251 5161 1392 5248 Erratis,
1426 5161 1619 5234 nescientes
1646 5158 1830 5251 scripturas

919 5285 1059 5369 XXll,l
1121 5323 1164 5335 -
1220 5285 1279 5358 29.
