4238 6134
347 411 422 484 260
855 413 1036 476 EPISTULA
1061 411 1114 474 ab
1140 411 1324 476 aestates

1585 517 1829 528 -----.—-=--..--

346 627 516 710 cognatos
544 626 580 686 et
604 615 833 708 concaptivos
859 637 968 701 meos,
996 617 1055 710 qui
1080 629 1159 686 shut
1183 616 1319 687 nobiles
1346 617 1381 686 in
1407 615 1595 708 apostolis,
1611 617 1671 708 qui
1697 627 1733 688 et
1752 627 1832 690 aute

346 757 403 806 me
429 736 565 806 luerunt
597 736 631 805 in
658 735 801 806 Christo.
853 727 1037 806 8Salutate
1069 734 1276 828 Ampliatum
1303 733 1561 806 dilectissimum
1595 735 1676 806 mihi
1702 737 1737 806 iu
1762 737 1831 809 do-

345 854 449 926 mino.
501 844 706 926 ⁹'Salutate
740 847 915 926 Urbar'rum
950 853 1142 927 adiutorem
1175 863 1330 925 nostrum
1364 855 1399 924 iu
1433 853 1584 938 Christo,
1618 861 1654 924 et
1680 851 1832 944 Stachyn

345 973 506 1044 dilectrrm
533 993 660 1044 meum.
712 964 738 1008 ¹⁰
755 973 908 1044 Salutate
932 971 1078 1068 Apellen
1103 973 1252 1067 probum
1279 974 1313 1042 iu
1340 973 1483 1044 Christo.
1537 965 1559 1008 ¹¹
1579 974 1732 1044 Salutate
1766 991 1831 1044 eoa

345 1093 402 1184 qai
430 1102 509 1162 sunt
535 1113 581 1162 ex
607 1091 815 1163 Arestoboli.
860 1093 1012 1164 Salutate
1038 1091 1273 1164 Herodionem
1301 1101 1486 1185 cognatum
1513 1113 1639 1163 meum.
1680 1091 1831 1162 Salutate

346 1229 410 1281 eos
436 1211 494 1304 qui
521 1221 600 1282 sunt
625 1233 671 1282 ex
698 1212 860 1296 Narcissi,
887 1213 945 1304 qui
972 1223 1051 1284 sunt
1076 1213 1110 1282 in
1137 1209 1288 1283 domiuo.
1340 1204 1366 1248 ¹²
1383 1212 1534 1282 Salutate
1562 1211 1768 1304 Thrylenam
1797 1219 1833 1280 et
1919 1264 1923 1277 .

346 1329 537 1424 Trylosam,
566 1353 656 1424 quae
683 1331 842 1402 laborant
867 1331 901 1402 in
928 1331 1080 1403 domino.
1120 1331 1271 1402 Salutate
1290 1330 1470 1402 Persidem
1488 1330 1711 1415 carissimam,
1740 1349 1831 1422 quae

346 1451 487 1520 multum
521 1449 692 1522 laboravit
726 1451 760 1520 in
794 1450 947 1522 domino.
999 1444 1026 1489 ¹³
1042 1451 1196 1524 Salutate
1228 1451 1349 1520 Rufum
1375 1451 1521 1520 electum
1548 1451 1583 1520 in
1608 1449 1768 1532 domino,
1796 1457 1831 1518 et

346 1577 491 1640 matrem
519 1570 596 1640 eius
626 1579 661 1639 et
694 1589 820 1640 meam.
872 1559 1063 1642 “Salutate
1089 1569 1317 1664 Asyncritum,
1345 1567 1547 1662 Phlegonta,
1573 1569 1735 1651 Hermen,
1762 1566 1830 1638 Pa-

345 1689 490 1772 trobam,
517 1689 690 1775 Hermam,
718 1699 751 1760 et
778 1687 835 1780 qui
862 1708 940 1758 eum
967 1689 1018 1760 eis
1044 1697 1122 1760 snut
1147 1687 1279 1760 narres.
1332 1681 1359 1726 ¹⁵
1376 1687 1528 1759 Salutate
1554 1687 1769 1779 Philologum
1796 1695 1832 1758 et

343 1808 470 1892 Iuliam,
497 1809 647 1879 Nereum
675 1819 711 1878 et
744 1827 904 1879 sororem
931 1807 1020 1891 eius,
1049 1817 1084 1877 et
1110 1807 1348 1901 olimpiadem,
1376 1817 1412 1878 et
1439 1827 1562 1878 omnes
1589 1806 1648 1900 qui
1673 1827 1751 1877 oum
1779 1805 1830 1876 eis

346 1923 513 1998 ’aeneos
566 1917 756 1998 ⁴⁶Salutate
783 1925 930 1997 invicem
956 1926 992 1996 in
1018 1928 1137 1997 osculo
1163 1937 1293 1999 sancto.
1347 1927 1500 1996 Salutant
1526 1947 1591 1996 vos
1618 1947 1743 1997 omnes
1769 1941 1830 1996 ec-

344 2047 471 2116 desiae
499 2045 632 2117 Christi.
683 2038 820 2138 ''ltogo
847 2055 963 2116 autem
991 2065 1063 2130 vos,
1090 2047 1223 2132 batres,
1249 2056 1287 2116 ut
1313 2045 1507 2116 observetis
1534 2045 1676 2138 eosqui
1692 2043 1829 2116 dimon-

345 2165 462 2236 nones
499 2175 535 2236 et
570 2164 776 2236 offendicula
808 2175 948 2259 prester
983 2163 1173 2236 doctrinam
1208 2185 1312 2257 quam
1339 2186 1405 2236 vos
1432 2163 1600 2235 didicistis
1626 2164 1767 2247 laniunt,
1796 2175 1831 2234 et

344 2283 515 2355 declinate
541 2285 586 2354 ab
612 2285 690 2354 illis:
736 2276 762 2322 ¹⁸
778 2283 1017 2356 huiuscemodi
1045 2285 1141 2354 euim
1168 2282 1302 2355 Christo
1335 2281 1477 2356 domino
1508 2293 1630 2354 nostro
1655 2304 1728 2354 nou
1752 2303 1830 2354 ser-

344 2403 439 2474 viunt
465 2403 530 2475 sed
556 2422 620 2474 suo
646 2403 773 2488 ventri,
809 2413 846 2474 et
871 2423 936 2497 per
960 2404 1079 2476 dinosa
1105 2421 1286 2472 sermones
1312 2407 1348 2472 et
1372 2401 1633 2474 benedictiones
1660 2401 1831 2474 seducunt

344 2521 454 2593 eorda
479 2522 722 2593 innocentium.
774 2514 801 2560 ¹⁹
816 2519 939 2594 Vestra
965 2520 1056 2592 enim
1084 2519 1307 2593 oboedientia
1340 2521 1375 2592 iu
1401 2543 1542 2593 omnem
1574 2523 1688 2592 locum
1715 2521 1829 2594 divul-

344 2649 425 2732 gata
457 2651 530 2711 est:
562 2640 701 2733 gaudeo
735 2641 837 2732 igitur
861 2641 896 2710 in
921 2641 1039 2725 vobis,
1073 2641 1138 2711 sed
1163 2641 1245 2710 volo
1270 2657 1337 2711 vos
1365 2641 1541 2733 sapientes
1568 2661 1647 2711 esse
1672 2641 1829 2712 inbono

344 2767 379 2829 et
403 2759 577 2852 simplices
603 2760 637 2830 in
663 2759 766 2830 malo.
818 2751 845 2798 ²⁰
861 2761 956 2831 Deus
982 2767 1097 2831 autem
1123 2759 1221 2852 pacis
1246 2767 1402 2830 conterat
1427 2771 1569 2832 satanan
1596 2759 1661 2830 sub
1680 2759 1830 2852 pedibus

342 2870 471 2949 ves'tns
493 2878 670 2950 velociter.
723 2878 837 2950 Gratia
864 2879 994 2951 domini
1020 2878 1129 2949 nostri
1154 2879 1233 2948 lesu
1259 2877 1382 2948 Christi
1412 2879 1605 2950 vobiscum.
1655 2871 1679 2916 ²¹
1699 2879 1830 2950 Salutat

342 3013 408 3068 vos
444 2993 644 3068 Timotheus
677 2996 815 3068 adiutor
848 3015 962 3082 meus,
990 3009 1027 3068 et
1057 2995 1181 3068 Ludus
1215 3006 1252 3068 et
1282 2997 1387 3068 iason
1418 3007 1454 3068 et
1487 2999 1665 3091 Sosipater
1691 2999 1829 3090 cognati

343 3112 421 3187 mel.
472 3109 500 3156 ¹⁹
517 3117 634 3188 Saluto
661 3135 727 3188 vos
754 3135 822 3209 ego
849 3117 991 3201 Tertius,
1007 3117 1078 3209 ¹qui
1104 3115 1226 3186 scribsi
1252 3116 1443 3208 epistulam,
1469 3117 1504 3186 in
1529 3117 1683 3188 domiuo.
1723 3109 1828 3188 ”sn-

316 3237 425 3318 ‚lutat
449 3251 515 3306 vos
543 3235 646 3306 (inim
673 3231 808 3328 hospes
829 3253 928 3306 meus
955 3246 991 3307 ot
1015 3233 1199 3308 universae
1225 3233 1405 3308 eeclesiae.
1446 3235 1577 3306 Salutat
1601 3237 1743 3309 Erasms
1770 3257 1828 3307 ar-

342 3355 455 3426 carius
481 3349 625 3426 civitatis
651 3361 686 3424 et
713 3355 863 3439 Quernas
888 3351 1002 3426 irater.
1054 3347 1132 3425 effi
1159 3361 1275 3426 autem
1301 3353 1359 3446 qui
1386 3365 1512 3448 potens
1548 3365 1604 3427 est
1631 3347 1716 3428 ’vos
1742 3377 1828 3428 eon-

296 3516 299 3526 «
342 3473 480 3545 firmare
506 3476 602 3546 iaxta
629 3471 847 3565 evangelium
873 3493 990 3546 meum
1016 3485 1053 3545 et
1067 3473 1364 3568 praedicationem
1380 3475 1460 3546 lesu
1477 3475 1608 3560 Christi,
1635 3475 1828 3546 secundum

341 3585 590 3665 revelationem
616 3593 770 3686 mysterii
787 3594 1005 3687 temporibus
1030 3594 1182 3665 aeternis
1199 3593 1310 3679 tadtI,
1354 3585 1382 3630 ’⁸
1399 3593 1495 3687 quod
1511 3615 1602 3665 nunc
1618 3597 1828 3689 patefactum

343 3723 398 3784 est
423 3733 488 3806 per
521 3713 707 3805 scripturas
741 3712 990 3806 prophetarum
1023 3713 1213 3785 seeundum
1247 3722 1472 3807 praeceptum
1506 3715 1637 3785 aeterni
1670 3714 1745 3799 dei,
1781 3713 1827 3786 ad

112 3827 114 3834 ’
231 3851 238 3864 ’
343 3830 602 3902 oboeditionem
628 3827 711 3900 fidei
737 3831 772 3900 in
798 3832 928 3902 cunctis
954 3831 1124 3924 gentibus,
1152 3831 1291 3923 cognito
1334 3825 1360 3872 ’Ἴ
1377 3835 1454 3906 solo
1482 3835 1629 3927 sapienti
1655 3835 1736 3920 deo,
1763 3855 1828 3926 per

198 4033 200 4040 s
341 3950 452 4020 lesum
481 3949 659 4035 Christum,
687 3950 741 4020 oui
767 3951 880 4022 honor
905 3951 939 4021 in
965 3952 1103 4022 saecula
1130 3952 1358 4022 saeculorum.

748 4085 919 4150 EXPLICIT
941 4083 1125 4148 EPISTULA
1146 4082 1199 4146 Ab
1221 4083 1417 4150 IIOIIANOS.
