4146 6120
421 393 494 462 ³88
704 419 708 428 ·
941 389 1121 454 uersauit
1147 389 1325 454 IOHANNIS
1352 393 1372 454 t

426 499 577 508 --—·——
602 497 886 504 -—--..—-—.-.--..

702 512 705 520 ι

421 599 508 670 sicut
532 597 587 668 ille
614 596 801 666 ambulavit
826 597 959 689 etipse
986 595 1171 667 ambulare.
1223 587 1287 642 ’(4)
1306 595 1486 682 Carissimi,
1513 619 1582 668 non
1607 596 1802 669 mandatum
1824 620 1882 668 nc

422 741 504 790 vum
531 717 646 788 scribo
674 716 783 800 vobis,
811 715 876 787 sed
902 715 1099 788 mandatum
1125 727 1226 787 vetus
1253 716 1351 808 quod
1375 717 1541 788 habuistis
1576 715 1620 788 ab
1652 715 1762 788 initio:
1794 739 1882 788 man-

422 837 540 909 datum
566 847 665 908 vetus
692 845 745 907 est
766 837 910 908 verbum
936 836 1034 930 quod
1051 835 1203 908 audistis.
1246 826 1401 909 ⁸1tcrum
1419 831 1616 909 mandatum
1633 858 1762 908 novum
1778 838 1882 909 scribo

422 958 534 1042 vobis,
561 957 656 1049 quod
683 967 737 1028 εει
761 979 883 1028 verum
910 967 945 1028 et
968 957 1003 1026 in
1029 957 1106 1050 ipso
1132 967 1168 1028 ει
1193 957 1227 1027 in
1243 956 1355 1040 vobis,
1383 957 1545 1050 quoniam
1567 957 1733 1029 tenebrae
1749 959 1883 1028 transis

424 1086 501 1148 runt
526 1087 561 1148 et
586 1079 702 1150 lumen
728 1099 848 1148 verum
875 1078 943 1148 iam
969 1077 1067 1150 lucet.
1119 1069 1213 1162 ”Qui
1239 1077 1322 1148 dicit
1348 1098 1393 1148 se,
1420 1077 1454 1148 in
1487 1078 1563 1148 lnce
1589 1099 1670 1148 esse
1696 1089 1732 1150 et
1755 1079 1883 1148 baben

423 1220 522 1268 suum
549 1189 637 1281 odit,
664 1199 699 1268 in
725 1197 877 1268 tenebris
903 1207 1094 1290 estusque
1122 1197 1245 1269 adbuc.
1293 1185 1319 1231 ⁴⁰
1336 1197 1402 1282 Qui
1428 1197 1535 1290 diligit
1559 1199 1699 1269 iratrcm
1725 1198 1883 1283 suumin

421 1319 548 1388 lumine
573 1327 697 1401 manet,
726 1327 761 1388 et
786 1316 985 1388 scandalum
1011 1317 1045 1388 in
1079 1339 1123 1389 co
1155 1339 1226 1389 non
1257 1327 1325 1388 est:
1375 1309 1398 1353 ”
1418 1318 1476 1410 εει
1505 1327 1620 1389 autem
1654 1317 1726 1389 odit
1756 1320 1884 1388 uadem

422 1460 531 1523 suum,
558 1438 769 1510 intenebris
795 1447 849 1508 εει
875 1447 910 1507 ει
935 1437 969 1507 ιε
995 1437 1146 1508 ιεεειειε
1171 1438 1322 1508 ambulat
1347 1447 1382 1508 et
1406 1438 1516 1509 nescit
1542 1459 1611 1531 quo
1637 1449 1707 1522 cat,
1734 1437 1884 1530 quoniam

424 1558 586 1629 tenebrae
614 1559 892 1629 obcaecaverunt
922 1557 1044 1628 oculos
1074 1557 1158 1628 eius.
1213 1547 1287 1602 ''i‘’
1305 1558 1427 1630 Scribo
1453 1558 1570 1642 vobis,
1598 1557 1705 1643 filioli,
1732 1556 1883 1650 quoniam

422 1680 636 1750 remittentur
658 1679 761 1748 vobis
787 1686 931 1770 peccata
964 1687 1108 1771 propter
1139 1695 1267 1747 nomen
1298 1678 1381 1748 eius.
1434 1671 1459 1715 ¹³
1476 1679 1597 1750 Scribo
1624 1679 1741 1762 vebia,
1769 1687 1883 1771 patres,

422 1799 583 1890 quoniam
611 1799 821 1890 cognovistis
848 1818 927 1868 eum
954 1797 1011 1890 εει
1042 1796 1087 1867 ει)
1113 1795 1207 1865 initio
1242 1807 1304 1868 εει.
1358 1799 1479 1869 Scribo
1505 1798 1618 1883 vobis,
1645 1797 1884 1878 adulescentes,

423 1918 584 2010 quoniam
616 1918 743 1988 vicistis
777 1918 972 2010 malignum.
1024 1905 1050 1952 ”
1068 1915 1187 1986 Scribo
1217 1916 1333 2004 vobis,
1372 1919 1531 2003 infantes,
1566 1919 1647 2011 quia
1683 1918 1886 2012 cognovistis

421 2047 564 2131 patrem.
617 2038 744 2132 Scripsi
769 2037 880 2122 vobis,
907 2038 1059 2120 iuvenes,
1086 2037 1167 2129 εειε
1193 2037 1301 2108 sortes
1327 2040 1412 2110 estis
1443 2050 1478 2110 et
1509 2039 1655 2110 verbum
1685 2039 1744 2111 dei
1771 2040 1805 2110 in
1828 2059 1885 2107 vo-

421 2157 476 2228 bis
502 2168 617 2230 manet
642 2169 678 2229 ct
703 2157 831 2228 vicistis
856 2157 1051 2249 malignum.
1103 2147 1178 2202 ”’(’)
1196 2157 1308 2228 Nolite
1333 2157 1478 2252 diligere
1508 2159 1674 2232 mundum
1704 2181 1821 2252 neque
1850 2179 1886 2227 ea

422 2299 511 2370 quae
537 2277 571 2348 in
596 2278 725 2350 mundo
753 2287 840 2348 sunt.
893 2277 928 2348 Si
954 2277 1031 2370 εειε
1057 2275 1164 2369 diligit
1189 2277 1462 2362 mundum,‹non
1493 2289 1547 2350 est
1580 2280 1703 2352 caritas
1729 2279 1835 2372 pat-ris
1858 2277 1888 2346 in

422 2420 483 2472 eo:
528 2390 554 2434 ¹⁶
571 2399 732 2491 quoniam
759 2419 863 2469 omne
891 2396 987 2490 qnod
1020 2398 1055 2468 in
1086 2397 1216 2468 mundo
1243 2407 1312 2483 est,
1341 2399 1618 2493 concupiscentia
1645 2399 1757 2470 carnis
1784 2408 1836 2469 εει
1858 2405 1888 2464 ει

423 2519 700 2610 concupiscentia
726 2521 906 2590 ocrdorum
932 2529 968 2588 et
994 2518 1156 2611 superbia
1182 2517 1284 2603 vitae,
1313 2538 1403 2609 quae
1437 2541 1507 2590 non
1540 2529 1594 2590 εει
1625 2541 1671 2590 ex
1695 2529 1805 2613 patre,
1830 2516 1887 2587 sed

423 2660 469 2708 cx
495 2638 623 2709 mundo
650 2647 713 2708 cst.
766 2631 792 2673 ⁴⁷
803 2639 846 2709 Et
871 2638 1018 2710 mundus
1044 2637 1200 2708 transibit
1226 2649 1261 2708 et
1286 2639 1563 2732 concupiscentia
1581 2641 1671 2711 eius:
1698 2639 1757 2732 εει
1782 2647 1886 2710 εειεε

422 2759 501 2829 facit
526 2758 735 2830 voluntatem
761 2757 828 2841 dei,
855 2767 971 2829 manet
996 2758 1030 2828 in
1056 2767 1241 2828 aeternum.
1276 2749 1302 2793 ¹⁸
1315 2747 1351 2804 ’Ὁ
1363 2759 1479 2843 viliori,
1505 2759 1693 2831 novissima
1718 2759 1807 2831 bora
1831 2767 1887 2838 εει,

423 2888 458 2948 ει
484 2879 571 2949 sicut
597 2877 737 2948 audistis
765 2879 844 2970 quia
870 2876 1085 2949 antichristus
1111 2877 1213 2962 venit,
1239 2899 1331 2948 nunc
1354 2888 1469 2949 autem
1486 2879 1672 2950 antichristi
1697 2879 1793 2950 mult-i
1818 2875 1887 2949 iacti

288 3099 292 3107 ¹
423 3009 509 3083 sunt,
536 2999 628 3070 unde
654 2999 782 3070 scimus
808 2999 887 3091 quia
912 2999 1102 3070 novissima
1128 2998 1214 3069 hora
1241 3007 1303 3069 est.
1346 2989 1373 3035 ¹⁹
1388 2999 1442 3069 Ex
1467 2999 1569 3070 nobis
1593 2999 1805 3093 prodienmt
1831 2995 1887 3068 sed

422 3141 492 3198 non
518 3129 615 3190 erant
641 3141 688 3190 ex
713 3119 831 3192 nobis:
858 3141 937 3190 nam
965 3120 994 3189 si
1019 3118 1162 3189 ιειεεεει
1187 3138 1234 3188 ex
1260 3117 1371 3202 nobis,
1398 3119 1669 3212 permansissent
1685 3119 1805 3213 utique
1828 3139 1888 3188 no-

421 3241 567 3324 viscum3
595 3239 661 3310 sed
687 3249 724 3310 ut
749 3239 918 3310 manifesti
945 3238 1011 3309 sint
1037 3239 1198 3331 quoniam
1226 3259 1295 3309 uon
1323 3247 1401 3309 sunt
1419 3259 1542 3311 omnes
1569 3261 1616 3310 ex
1641 3239 1754 3310 nobis.
1786 3231 1889 3308 ”Sed

421 3384 487 3433 vos
513 3361 706 3432 rmctionem
734 3360 868 3430 habetis
902 3381 924 3429 a
949 3368 1083 3444 saneto,
1117 3369 1151 3428 et
1178 3358 1285 3428 nostis
1317 3358 1442 3428 omnia.
1494 3351 1517 3394 ²¹
1537 3359 1614 3430 Non
1646 3359 1768 3430 scribsi
1794 3356 1889 3428 vobis

421 3484 518 3575 quasi
544 3480 780 3574 ignorantibus
805 3480 985 3551 veritatem
1013 3479 1077 3550 scd
1104 3479 1200 3570 quasi
1228 3477 1415 3550 scientibus
1441 3501 1530 3564 cam,
1558 3489 1593 3549 et
1611 3479 1776 3572 quoniam
1794 3497 1889 3551 omno

420 3602 636 3674 mendacium
662 3622 709 3670 ex
735 3600 878 3671 veritate
904 3621 975 3671 non
1000 3608 1062 3668 εει.
1113 3591 1141 3634 ²²
1155 3600 1238 3685 Quis
1265 3609 1319 3669 est
1344 3599 1498 3671 mendax
1524 3599 1588 3670 nisi
1606 3599 1664 3690 εει
1680 3611 1790 3692 negat
1805 3619 1889 3692 quo-

420 3724 510 3794 niam
536 3723 641 3794 lesus.
657 3741 727 3792 non
752 3731 807 3790 cst
832 3719 1009 3791 Christus?
1035 3719 1097 3790 Hic
1122 3729 1176 3791 est
1207 3719 1441 3804 autichristus,
1475 3719 1533 3812 εει
1564 3731 1669 3812 negat
1699 3729 1833 3813 patrem
1859 3729 1889 3786 et

421 3843 533 3915 filium.
584 3835 611 3879 ’Β
628 3842 747 3912 Omnis
774 3839 831 3933 εει
857 3849 961 3933 negat
984 3837 1097 3924 filium,
1124 3861 1190 3911 nec
1208 3851 1341 3934 patrem
1359 3839 1479 3911 babet:
1506 3840 1563 3933 εει
1582 3839 1763 3911 confitetur
1781 3839 1888 3919 filiurn,

420 3973 454 4035 et
479 3972 612 4056 patrem
638 3962 752 4033 babet.
804 3951 879 4007 ’(8)
896 3961 967 4031 Vos
993 3958 1089 4052 quod
1116 3959 1257 4031 audistis
1284 3959 1328 4030 ab
1355 3959 1463 4044 initio,
1497 3959 1531 4030 in
1557 3961 1658 4031 vobis
1682 3969 1888 4054 permaneat.

421 4085 455 4155 Si
481 4085 516 4154 in
541 4083 640 4154 vobis
665 4081 894 4176 permanserit
920 4079 1015 4172 quod
1042 4081 1086 4152 ab
1114 4079 1206 4150 initio
1235 4079 1393 4164 audistis,
1427 4090 1462 4150 et
1487 4102 1553 4152 vos
1579 4082 1612 4151 in
1638 4079 1706 4152 filio
1735 4091 1771 4153 et
1797 4091 1889 4176 patre

420 4205 610 4277 manebitis.
662 4196 742 4274 2'’'Et
769 4202 856 4272 baec
883 4209 936 4270 εει
962 4201 1146 4293 promissio
1174 4221 1277 4292 quam
1305 4199 1380 4291 ipse
1407 4200 1574 4293 pollicitus
1601 4211 1655 4272 est
1688 4202 1806 4287 vobis,
1840 4201 1888 4270 vi-

419 4335 501 4420 tam
516 4335 700 4396 aeternam.
753 4314 781 4358 ι’
794 4322 890 4393 Ηεεε
915 4321 1034 4414 scripsi
1060 4320 1161 4390 vobis
1188 4319 1234 4390 dc
1259 4319 1311 4389 his
1338 4320 1395 4412 εει
1420 4319 1589 4392 seducrmt
1614 4343 1689 4392 vos.
1731 4315 1813 4394 ”Et
1829 4343 1890 4392 vos

420 4447 613 4520 amotionem
640 4465 744 4537 quam
771 4441 953 4535 accepistis
978 4441 1023 4511 ab
1050 4463 1104 4524 ec,
1132 4449 1269 4512 maneat
1295 4440 1328 4509 in
1354 4440 1473 4512 vobis:
1500 4451 1537 4512 et
1560 4463 1631 4513 non
1657 4463 1803 4515 necesse
1830 4443 1891 4514 ba-

418 4567 509 4639 betis
534 4575 572 4636 ει
597 4562 717 4656 aliquis
745 4561 870 4634 doceat
894 4583 970 4645 vos,
997 4561 1064 4633 sed
1090 4561 1177 4632 sicut
1202 4561 1316 4631 unctio
1343 4563 1416 4632 eius
1443 4560 1548 4632 docet
1571 4584 1639 4633 vos
1657 4562 1703 4634 de
1721 4563 1889 4643 omnibus,

419 4697 455 4758 et
480 4707 600 4757 verum
627 4695 682 4756 est
707 4694 742 4754 ει
766 4705 836 4754 εοε
862 4691 916 4754 εει
941 4682 1167 4765 mendacium,
1195 4691 1229 4751 ει
1255 4682 1343 4780 sicut
1369 4681 1487 4753 docuit
1519 4703 1586 4754 vos
1612 4693 1751 4755 manete
1776 4684 1810 4753 in
1838 4703 1891 4754 eo.

417 4799 444 4844 ³
460 4805 502 4875 Et
527 4828 625 4890 nune,
653 4804 754 4889 filioli,
783 4813 918 4873 manete
945 4803 978 4872 io
1005 4823 1067 4884 eo,
1094 4811 1131 4870 ut
1163 4822 1240 4870 cum
1273 4804 1472 4895 apparuerit
1503 4803 1694 4875 babeamus
1721 4803 1889 4884 fiduciam,

419 4936 548 4998 utnon
575 4924 823 4998 confundamur
849 4923 893 4994 ab
921 4945 965 4994 eo
992 4921 1025 4992 in
1053 4921 1203 4992 adventu
1230 4921 1311 4991 eius.
1363 4914 1391 4958 ¹⁹
1407 4923 1441 4992 Si
1469 4923 1561 4994 scitis
1593 4925 1756 5018 quoniam
1782 4925 1891 4996 iustus

418 5057 480 5130 cst,
508 5048 629 5118 scitote
655 5045 816 5138 quoniam
845 5045 957 5116 omnis
983 5043 1040 5135 εει
1067 5041 1145 5112 iacit
1172 5041 1329 5115 iustitiam
1357 5063 1403 5114 ex
1430 5043 1506 5137 ipso
1531 5053 1632 5114 natus
1659 5055 1721 5116 est.

1028 5155 1278 5247 ιιι-29.
