4146 6120
898 1269 1106 1339 INCIPIUNT
1139 1263 1357 1338 CAPITULA.

488 1491 509 1559 l.
538 1489 640 1560 ludas
667 1489 784 1558 scribit
810 1487 862 1557 his
890 1481 966 1579 'qni
994 1489 1028 1558 in
1054 1479 1195 1558 caritate
1224 1487 1345 1558 Christi
1373 1497 1451 1556 sunt
1486 1485 1531 1557 de
1559 1489 1667 1558 salute
1701 1487 1876 1558 communi

426 1637 428 1642 ·
540 1607 648 1678 etde
675 1609 846 1700 quosdam
874 1618 1043 1698 negantes
1070 1606 1247 1678 dominum
1275 1615 1430 1678 nostrum
1457 1607 1571 1678 lesum
1600 1607 1778 1679 Christum.
1825 1657 1828 1670 ,

475 1729 510 1798 ll.
539 1729 772 1798 Commonens
799 1736 914 1798 autem
941 1729 1036 1819 quod
1063 1731 1157 1798 Iesus
1184 1727 1350 1819 populum
1377 1725 1423 1796 de
1450 1736 1542 1798 terra
1569 1725 1717 1820 Aegypti
1735 1728 1876 1797 salvans

540 1859 575 1918 et
601 1869 665 1918 eos
692 1847 751 1940 qui
778 1869 847 1918 non
874 1846 1094 1917 crediderunt
1120 1845 1271 1939 perdidit
1298 1855 1333 1915 et
1359 1847 1504 1938 angelos
1531 1847 1587 1940 qui
1621 1869 1719 1916 suum
1747 1845 1876 1939 princi-

539 1990 620 2062 pem
649 1967 867 2039 offenderunt
892 1967 957 2037 sub
984 1966 1128 2058 caligine
1155 1965 1355 2037 reservavit.

462 2089 510 2158 Ill.
540 2087 718 2158 Sodomae
745 2097 780 2157 et
807 2087 999 2158 Gomorrae
1027 2095 1062 2156 et
1088 2085 1250 2156 finitimae
1278 2085 1423 2156 civitatis
1442 2095 1609 2178 conparat
1631 2086 1876 2156 lomicatores:

543 2216 578 2277 et
604 2201 790 2278 'Michahel
819 2206 1047 2298 archangelus
1074 2228 1152 2276 cum
1181 2206 1321 2276 diabulo
1349 2205 1538 2298 disputans,
1566 2215 1601 2275 et
1627 2215 1753 2276 cetera.

451 2326 513 2396 llll.
541 2327 604 2398 Via
632 2326 714 2396 Cain
751 2335 786 2395 et
812 2347 932 2396 errore
966 2325 1108 2397 Balaam
1143 2335 1177 2394 et
1205 2325 1293 2398 Core
1318 2325 1496 2417 perierunt
1523 2325 1580 2417 qui
1607 2326 1762 2396 maculae
1790 2345 1879 2394 con-

539 2445 697 2515 viventes
724 2453 810 2515 sunt.

477 2562 513 2632 V.
541 2563 716 2656 Septimus
744 2573 824 2656 post
850 2562 963 2632 Adam
990 2563 1210 2656 prophetavit
1235 2561 1363 2647 Enoch,
1392 2574 1427 2633 et
1454 2573 1580 2634 cetera.

459 2681 510 2748 Vl.
538 2682 574 2750 In
598 2681 793 2752 novissimis
818 2681 942 2752 diebus
972 2691 1071 2752 erunt
1097 2683 1280 2765 inlusores,
1309 2704 1329 2752 a
1360 2681 1485 2774 quihus
1512 2684 1702 2754 ohservare
1734 2681 1876 2753 debere.

382 2784 385 2792 ’
447 2800 512 2869 vu.
540 2799 578 2869 Ei
608 2809 736 2870 tantum
766 2799 937 2871 oboedire
964 2802 1022 2892 qui
1048 2811 1165 2894 potest
1193 2823 1256 2872 nos
1284 2823 1492 2872 conservare
1520 2803 1754 2873 inmaculatos.

910 2935 1135 2998 EXPLICIUNT
1157 2935 1349 2998 CAPITULII.

852 3445 1002 3516 INCIPIT
1035 3445 1242 3516 EPISTULA
1274 3444 1414 3517 IUDAE.

332 3635 335 3642 ⁵
463 3643 641 3721 ⁴<¹t1udas
675 3650 751 3719 lesu
786 3649 909 3720 Christi
943 3671 1080 3734 servae,
1117 3651 1221 3720 frater
1257 3662 1371 3720 autem
1403 3651 1534 3734 lacobi,
1569 3651 1621 3722 his
1656 3654 1710 3745 qui
1744 3653 1777 3722 in
1804 3652 1875 3724 deo

343 3791 347 3808 ·
387 3780 484 3864 patre
512 3769 646 3840 dilectis
673 3779 709 3839 et
733 3769 810 3839 lesu
838 3769 973 3840 Christo
1000 3770 1215 3840 conservatis
1240 3770 1382 3841 vocatis.
1426 3763 1687 3844 2Misericordia
1713 3773 1814 3842 vobis
1842 3785 1879 3842 et

387 3912 457 3983 pax
492 3900 527 3959 et
560 3890 684 3959 caritas
720 3888 958 3982 adimpleatur.
1011 3881 1228 3974 ³Carissimi,
1263 3911 1402 3960 omnem
1445 3890 1707 3962 sollicitudinem
1748 3893 1880 3962 ludens

386 4007 561 4079 scribendi
589 4009 690 4080 vobis
718 4007 763 4079 de
791 4009 963 4079 communi
989 4018 1107 4079 vestra
1135 4011 1253 4092 salute,
1281 4030 1429 4080 necesse
1456 4009 1559 4080 habui
1593 4012 1746 4082 scrihere
1773 4012 1878 4082 vobis

386 4129 605 4221 depraecans
631 4111 861 4222 supercertari
887 4129 995 4200 semel
1022 4129 1167 4200 traditae
1187 4129 1314 4202 sanctis
1332 4128 1422 4200 fidei.
1462 4116 1768 4202 *smintrmerunt
1786 4131 1881 4200 enim

386 4249 529 4341 quidam
557 4249 729 4333 homines,
766 4249 823 4341 qui
859 4249 939 4319 olim
974 4249 1178 4340 praescripti
1211 4259 1290 4320 sunt
1321 4249 1355 4318 in
1387 4247 1456 4318 hoc
1482 4247 1660 4334 iudicium,
1686 4250 1790 4343 impii,
1819 4251 1881 4322 dei

386 4369 494 4440 nostri
522 4369 667 4460 gratiam
693 4351 939 4438 transferentes
966 4368 999 4438 in
1025 4367 1209 4452 luxuriam,
1244 4379 1278 4438 et
1312 4371 1424 4441 solum
1458 4369 1714 4440 dominatorem
1741 4365 1882 4438 'domi-

385 4511 468 4558 num
494 4497 650 4558 nostrum
678 4488 790 4558 lesum
819 4487 989 4558 Christum
1015 4497 1193 4579 negantes.
1232 4479 1294 4534 Μ)
1309 4489 1539 4562 Commonere
1567 4495 1681 4557 autem
1701 4511 1767 4560 vos
1785 4490 1882 4574 volo,

387 4607 536 4678 scientes
563 4585 673 4678 semel
701 4609 831 4691 omnia,
860 4606 1020 4699 quoniam
1049 4607 1145 4677 lesus
1172 4609 1337 4701 populum
1371 4609 1416 4680 de
1442 4619 1535 4679 terra
1561 4607 1711 4700 Aegypti
1740 4609 1883 4680 salvans

343 4711 347 4719 ’
388 4725 542 4799 secundo
571 4749 635 4798 eos
662 4727 816 4820 quinon
844 4711 1066 4800 crediderunt
1087 4719 1257 4820 perdidit,
1302 4720 1473 4819 “angelos
1499 4749 1585 4798 vero
1615 4727 1673 4818 qui
1704 4749 1774 4799 non
1801 4750 1885 4798 ser-

387 4854 555 4916 vaverunt
582 4868 682 4916 suum
710 4847 946 4940 principatum,
975 4846 1039 4917 sed
1067 4847 1326 4939 dereliquerunt
1353 4869 1452 4918 suum
1480 4846 1701 4930 domicilium,
1729 4846 1762 4916 in
1789 4846 1886 4918 iudi-

388 4965 477 5035 cium
504 4967 620 5057 magni
648 4966 717 5037 diei
744 4966 886 5037 vincrdis
914 4966 1064 5036 aeternis
1091 4967 1155 5037 sub
1184 4965 1328 5060 caligine
1356 4968 1563 5051 reservavit;
1613 4953 1674 5008 '‘I”
1697 4966 1785 5036 sicut
1811 4967 1887 5038 So-

389 5084 495 5155 doma
522 5095 557 5155 et
584 5083 754 5156 Gomorra
782 5097 817 5156 et
842 5085 1004 5156 finitimae
1032 5086 1196 5170 civitates,
1225 5086 1324 5158 simili
1350 5085 1458 5156 modo
1487 5085 1725 5157 exfornicatae
1752 5097 1786 5156 et
1815 5088 1888 5158 al)-

389 5215 511 5276 euntes
537 5215 618 5298 post
644 5228 784 5278 carnem
812 5207 964 5290 alteram,
992 5207 1102 5276 factae
1131 5215 1210 5276 sunt
1226 5207 1437 5298 ,exemplum
1464 5207 1552 5298 ignis
1579 5205 1709 5276 aeterni
1726 5227 1887 5298 poenam
