<?xml version="1.0" encoding="UTF-8"?>
<!DOCTYPE html PUBLIC "-//W3C//DTD XHTML 1.0 Transitional//EN"
    "http://www.w3.org/TR/xhtml1/DTD/xhtml1-transitional.dtd">
<html xmlns="http://www.w3.org/1999/xhtml" xml:lang="en" lang="en">
 <head>
  <title>
</title>
<meta http-equiv="Content-Type" content="text/html;charset=utf-8" />
  <meta name='ocr-system' content='tesseract 3.04.00' />
  <meta name='ocr-capabilities' content='ocr_page ocr_carea ocr_par ocr_line ocrx_word'/>
</head>
<body>
  <div class='ocr_page' id='page_1' title='image "./novumtestamentu02tiscgoog_0183.png"; bbox 0 0 4242 6118; ppageno 0'>
   <div class='ocr_carea' id='block_1_1' title="bbox 358 409 1401 484">
    <p class='ocr_par' dir='ltr' id='par_1_1' title="bbox 358 409 1401 484">
     <span class='ocr_line' id='line_1_1' title="bbox 358 409 1401 484; baseline -0.005 -4"><span class='ocrx_word' id='word_1_1' title='bbox 358 413 430 484; x_wconf 78' lang='lat' dir='ltr'>t32</span> <span class='ocrx_word' id='word_1_2' title='bbox 778 409 1021 476; x_wconf 78' lang='lat' dir='ltr'>EVANGELIUM</span> <span class='ocrx_word' id='word_1_3' title='bbox 1047 411 1248 474; x_wconf 80' lang='lat' dir='ltr'><strong>SECUNDUM</strong></span> <span class='ocrx_word' id='word_1_4' title='bbox 1275 411 1401 476; x_wconf 81' lang='lat' dir='ltr'>LUCAH</span> 
     </span>
    </p>
   </div>
   <div class='ocr_carea' id='block_1_2' title="bbox 217 611 1844 708">
    <p class='ocr_par' dir='ltr' id='par_1_2' title="bbox 217 611 1844 708">
     <span class='ocr_line' id='line_1_2' title="bbox 217 611 1844 708; baseline 0 -22"><span class='ocrx_word' id='word_1_5' title='bbox 217 683 221 692; x_wconf 89' lang='grc'>,</span> <span class='ocrx_word' id='word_1_6' title='bbox 355 617 422 708; x_wconf 92' lang='lat' dir='ltr'>ipsi</span> <span class='ocrx_word' id='word_1_7' title='bbox 449 615 529 685; x_wconf 95' lang='lat' dir='ltr'>nibil</span> <span class='ocrx_word' id='word_1_8' title='bbox 556 616 678 686; x_wconf 92' lang='lat' dir='ltr'>horum</span> <span class='ocrx_word' id='word_1_9' title='bbox 706 615 955 698; x_wconf 82' lang='lat' dir='ltr'>intellexerunt,</span> <span class='ocrx_word' id='word_1_10' title='bbox 984 622 1018 683; x_wconf 91' lang='lat' dir='ltr'>et</span> <span class='ocrx_word' id='word_1_11' title='bbox 1045 623 1118 684; x_wconf 91' lang='lat' dir='ltr'>erat</span> <span class='ocrx_word' id='word_1_12' title='bbox 1146 616 1289 686; x_wconf 88' lang='lat' dir='ltr'>verbum</span> <span class='ocrx_word' id='word_1_13' title='bbox 1315 613 1407 685; x_wconf 92' lang='lat' dir='ltr'>istud</span> <span class='ocrx_word' id='word_1_14' title='bbox 1441 611 1682 685; x_wconf 90' lang='lat' dir='ltr'>absconditum</span> <span class='ocrx_word' id='word_1_15' title='bbox 1711 615 1755 685; x_wconf 90' lang='lat' dir='ltr'>ab</span> <span class='ocrx_word' id='word_1_16' title='bbox 1783 617 1844 700; x_wconf 92' lang='lat' dir='ltr'>eis,</span> 
     </span>
    </p>
   </div>
   <div class='ocr_carea' id='block_1_3' title="bbox 295 723 1845 2008">
    <p class='ocr_par' dir='ltr' id='par_1_3' title="bbox 295 723 1845 2008">
     <span class='ocr_line' id='line_1_3' title="bbox 356 723 1845 826; baseline 0.001 -22"><span class='ocrx_word' id='word_1_17' title='bbox 356 745 391 804; x_wconf 90' lang='lat' dir='ltr'>et</span> <span class='ocrx_word' id='word_1_18' title='bbox 424 756 507 814; x_wconf 90' lang='lat' dir='ltr'>non</span> <span class='ocrx_word' id='word_1_19' title='bbox 527 733 773 824; x_wconf 79' lang='lat' dir='ltr'>intellegebant</span> <span class='ocrx_word' id='word_1_20' title='bbox 811 755 902 826; x_wconf 88' lang='lat' dir='ltr'>quae</span> <span class='ocrx_word' id='word_1_21' title='bbox 938 733 1151 804; x_wconf 76' lang='lat' dir='ltr'><strong>dicebantur.</strong></span> <span class='ocrx_word' id='word_1_22' title='bbox 1201 723 1331 781; x_wconf 66' lang='lat' dir='ltr'>³⁵f²²⁴³i</span> <span class='ocrx_word' id='word_1_23' title='bbox 1349 735 1489 805; x_wconf 88' lang='lat' dir='ltr'>Factum</span> <span class='ocrx_word' id='word_1_24' title='bbox 1527 741 1581 802; x_wconf 89' lang='lat' dir='ltr'>est</span> <span class='ocrx_word' id='word_1_25' title='bbox 1614 741 1730 803; x_wconf 91' lang='lat' dir='ltr'>autem</span> <span class='ocrx_word' id='word_1_26' title='bbox 1766 755 1845 805; x_wconf 89' lang='lat' dir='ltr'>cum</span> 
     </span>
     <span class='ocr_line' id='line_1_4' title="bbox 355 852 1844 948; baseline -0.001 -23"><span class='ocrx_word' id='word_1_27' title='bbox 355 855 649 948; x_wconf 84' lang='lat' dir='ltr'>appropinquaret</span> <span class='ocrx_word' id='word_1_28' title='bbox 674 853 844 938; x_wconf 75' lang='lat' dir='ltr'>Hiericho,</span> <span class='ocrx_word' id='word_1_29' title='bbox 873 874 1001 924; x_wconf 89' lang='lat' dir='ltr'>caecus</span> <span class='ocrx_word' id='word_1_30' title='bbox 1029 852 1171 946; x_wconf 87' lang='lat' dir='ltr'>quidam</span> <span class='ocrx_word' id='word_1_31' title='bbox 1200 853 1348 924; x_wconf 87' lang='lat' dir='ltr'>sedebat</span> <span class='ocrx_word' id='word_1_32' title='bbox 1374 873 1478 923; x_wconf 89' lang='lat' dir='ltr'>secus</span> <span class='ocrx_word' id='word_1_33' title='bbox 1512 853 1605 922; x_wconf 77' lang='lat' dir='ltr'>viam</span> <span class='ocrx_word' id='word_1_34' title='bbox 1632 852 1844 936; x_wconf 79' lang='lat' dir='ltr'>mendicans,</span> 
     </span>
     <span class='ocr_line' id='line_1_5' title="bbox 353 963 1844 1064; baseline -0.001 -21"><span class='ocrx_word' id='word_1_35' title='bbox 353 963 380 1010; x_wconf 74' lang='lat'>³⁸</span> <span class='ocrx_word' id='word_1_36' title='bbox 398 983 433 1043; x_wconf 92' lang='lat' dir='ltr'>et</span> <span class='ocrx_word' id='word_1_37' title='bbox 465 993 543 1042; x_wconf 92' lang='lat' dir='ltr'>cum</span> <span class='ocrx_word' id='word_1_38' title='bbox 578 970 713 1043; x_wconf 89' lang='lat' dir='ltr'>audiret</span> <span class='ocrx_word' id='word_1_39' title='bbox 746 973 882 1043; x_wconf 91' lang='lat' dir='ltr'>turbam</span> <span class='ocrx_word' id='word_1_40' title='bbox 915 981 1211 1064; x_wconf 68' lang='lat' dir='ltr'>praetereuntem,</span> <span class='ocrx_word' id='word_1_41' title='bbox 1247 971 1485 1064; x_wconf 80' lang='lat' dir='ltr'>interrogabat</span> <span class='ocrx_word' id='word_1_42' title='bbox 1517 971 1601 1064; x_wconf 95' lang='lat' dir='ltr'>quid</span> <span class='ocrx_word' id='word_1_43' title='bbox 1636 971 1706 1040; x_wconf 88' lang='lat' dir='ltr'>hoc</span> <span class='ocrx_word' id='word_1_44' title='bbox 1739 981 1844 1042; x_wconf 86' lang='lat' dir='ltr'>es&#39;set.</span> 
     </span>
     <span class='ocr_line' id='line_1_6' title="bbox 353 1082 1844 1184; baseline 0.001 -25"><span class='ocrx_word' id='word_1_45' title='bbox 353 1084 566 1160; x_wconf 46' lang='lat' dir='ltr'>*Dixerunt</span> <span class='ocrx_word' id='word_1_46' title='bbox 591 1100 706 1161; x_wconf 88' lang='lat' dir='ltr'>autem</span> <span class='ocrx_word' id='word_1_47' title='bbox 735 1093 767 1162; x_wconf 91' lang='lat' dir='ltr'>ei</span> <span class='ocrx_word' id='word_1_48' title='bbox 793 1094 889 1184; x_wconf 93' lang='lat' dir='ltr'>quod</span> <span class='ocrx_word' id='word_1_49' title='bbox 915 1091 1012 1162; x_wconf 91' lang='lat' dir='ltr'>lesus</span> <span class='ocrx_word' id='word_1_50' title='bbox 1039 1091 1237 1162; x_wconf 89' lang='lat' dir='ltr'>Nazarenus</span> <span class='ocrx_word' id='word_1_51' title='bbox 1263 1090 1430 1161; x_wconf 88' lang='lat' dir='ltr'>transiret.</span> <span class='ocrx_word' id='word_1_52' title='bbox 1470 1082 1509 1182; x_wconf 30' lang='lat'>,³⁸</span> <span class='ocrx_word' id='word_1_53' title='bbox 1526 1091 1568 1162; x_wconf 86' lang='lat' dir='ltr'>Et</span> <span class='ocrx_word' id='word_1_54' title='bbox 1601 1089 1764 1161; x_wconf 89' lang='lat' dir='ltr'>clamavit</span> <span class='ocrx_word' id='word_1_55' title='bbox 1790 1091 1844 1161; x_wconf 74' lang='lat' dir='ltr'>di-</span> 
     </span>
     <span class='ocr_line' id='line_1_7' title="bbox 354 1202 1844 1303; baseline 0.001 -23"><span class='ocrx_word' id='word_1_56' title='bbox 354 1230 436 1280; x_wconf 89' lang='lat' dir='ltr'>cens</span> <span class='ocrx_word' id='word_1_57' title='bbox 462 1209 539 1279; x_wconf 92' lang='lat' dir='ltr'>lesu</span> <span class='ocrx_word' id='word_1_58' title='bbox 567 1209 623 1279; x_wconf 88' lang='lat' dir='ltr'>filii</span> <span class='ocrx_word' id='word_1_59' title='bbox 649 1207 771 1292; x_wconf 88' lang='lat' dir='ltr'>David,</span> <span class='ocrx_word' id='word_1_60' title='bbox 799 1207 966 1280; x_wconf 89' lang='lat' dir='ltr'>miserere</span> <span class='ocrx_word' id='word_1_61' title='bbox 997 1210 1076 1280; x_wconf 92' lang='lat' dir='ltr'>mei.</span> <span class='ocrx_word' id='word_1_62' title='bbox 1128 1202 1160 1247; x_wconf 76' lang='lat'>³⁹</span> <span class='ocrx_word' id='word_1_63' title='bbox 1174 1211 1217 1280; x_wconf 89' lang='lat' dir='ltr'>Et</span> <span class='ocrx_word' id='word_1_64' title='bbox 1234 1210 1291 1302; x_wconf 92' lang='lat' dir='ltr'>qui</span> <span class='ocrx_word' id='word_1_65' title='bbox 1310 1211 1490 1302; x_wconf 79' lang='lat' dir='ltr'>praeibant</span> <span class='ocrx_word' id='word_1_66' title='bbox 1515 1209 1844 1303; x_wconf 89' lang='lat' dir='ltr'>increpabanteum</span> 
     </span>
     <span class='ocr_line' id='line_1_8' title="bbox 353 1328 1843 1422; baseline -0.001 -23"><span class='ocrx_word' id='word_1_67' title='bbox 353 1337 390 1400; x_wconf 95' lang='lat' dir='ltr'>ut</span> <span class='ocrx_word' id='word_1_68' title='bbox 416 1337 560 1398; x_wconf 88' lang='lat' dir='ltr'>taceret:</span> <span class='ocrx_word' id='word_1_69' title='bbox 595 1328 670 1421; x_wconf 91' lang='lat' dir='ltr'>ipse</span> <span class='ocrx_word' id='word_1_70' title='bbox 705 1349 792 1398; x_wconf 88' lang='lat' dir='ltr'>vero</span> <span class='ocrx_word' id='word_1_71' title='bbox 829 1329 935 1399; x_wconf 91' lang='lat' dir='ltr'>multo</span> <span class='ocrx_word' id='word_1_72' title='bbox 969 1329 1081 1422; x_wconf 81' lang='lat' dir='ltr'>magis</span> <span class='ocrx_word' id='word_1_73' title='bbox 1116 1329 1275 1400; x_wconf 89' lang='lat' dir='ltr'>clamavit</span> <span class='ocrx_word' id='word_1_74' title='bbox 1306 1329 1379 1399; x_wconf 82' lang='lat' dir='ltr'>filii</span> <span class='ocrx_word' id='word_1_75' title='bbox 1412 1329 1538 1410; x_wconf 85' lang='lat' dir='ltr'>David,</span> <span class='ocrx_word' id='word_1_76' title='bbox 1569 1329 1843 1401; x_wconf 89' lang='lat' dir='ltr'>misereremei.</span> 
     </span>
     <span class='ocr_line' id='line_1_9' title="bbox 352 1437 1842 1541; baseline 0.001 -23"><span class='ocrx_word' id='word_1_77' title='bbox 352 1437 379 1484; x_wconf 79' lang='lat'>⁴⁰</span> <span class='ocrx_word' id='word_1_78' title='bbox 396 1447 497 1518; x_wconf 86' lang='lat' dir='ltr'>Stans</span> <span class='ocrx_word' id='word_1_79' title='bbox 525 1455 641 1518; x_wconf 91' lang='lat' dir='ltr'>autem</span> <span class='ocrx_word' id='word_1_80' title='bbox 669 1447 765 1518; x_wconf 90' lang='lat' dir='ltr'>lesus</span> <span class='ocrx_word' id='word_1_81' title='bbox 792 1447 890 1518; x_wconf 92' lang='lat' dir='ltr'>iussit</span> <span class='ocrx_word' id='word_1_82' title='bbox 915 1447 1009 1519; x_wconf 93' lang='lat' dir='ltr'>illum</span> <span class='ocrx_word' id='word_1_83' title='bbox 1036 1447 1164 1519; x_wconf 85' lang='lat' dir='ltr'>adduci</span> <span class='ocrx_word' id='word_1_84' title='bbox 1192 1449 1237 1520; x_wconf 88' lang='lat' dir='ltr'>ad</span> <span class='ocrx_word' id='word_1_85' title='bbox 1265 1471 1321 1520; x_wconf 88' lang='lat' dir='ltr'>se:</span> <span class='ocrx_word' id='word_1_86' title='bbox 1351 1459 1385 1519; x_wconf 89' lang='lat' dir='ltr'>et</span> <span class='ocrx_word' id='word_1_87' title='bbox 1412 1469 1491 1518; x_wconf 90' lang='lat' dir='ltr'>cum</span> <span class='ocrx_word' id='word_1_88' title='bbox 1518 1448 1842 1541; x_wconf 84' lang='lat' dir='ltr'>appropinquasset,</span> 
     </span>
     <span class='ocr_line' id='line_1_10' title="bbox 295 1554 1842 1658; baseline 0.006 -28"><span class='ocrx_word' id='word_1_89' title='bbox 295 1627 297 1630; x_wconf 83' lang='lat'>.</span> <span class='ocrx_word' id='word_1_90' title='bbox 352 1567 577 1658; x_wconf 82' lang='lat' dir='ltr'>interrogavit</span> <span class='ocrx_word' id='word_1_91' title='bbox 602 1567 695 1636; x_wconf 92' lang='lat' dir='ltr'>illum</span> <span class='ocrx_word' id='word_1_92' title='bbox 747 1554 770 1601; x_wconf 63' lang='grc' dir='ltr'>Μ</span> <span class='ocrx_word' id='word_1_93' title='bbox 791 1565 911 1637; x_wconf 79' lang='lat' dir='ltr'>dicem</span> <span class='ocrx_word' id='word_1_94' title='bbox 939 1567 1030 1652; x_wconf 86' lang='lat' dir='ltr'>Quid</span> <span class='ocrx_word' id='word_1_95' title='bbox 1057 1567 1116 1638; x_wconf 93' lang='lat' dir='ltr'>tibi</span> <span class='ocrx_word' id='word_1_96' title='bbox 1144 1567 1196 1637; x_wconf 92' lang='lat' dir='ltr'>vis</span> <span class='ocrx_word' id='word_1_97' title='bbox 1224 1569 1371 1638; x_wconf 86' lang='lat' dir='ltr'>faciam‘?</span> <span class='ocrx_word' id='word_1_98' title='bbox 1409 1567 1454 1638; x_wconf 80' lang='lat' dir='ltr'>m.</span> <span class='ocrx_word' id='word_1_99' title='bbox 1486 1567 1542 1636; x_wconf 91' lang='lat' dir='ltr'>ille</span> <span class='ocrx_word' id='word_1_100' title='bbox 1574 1565 1660 1638; x_wconf 83' lang='lat' dir='ltr'>dixit</span> <span class='ocrx_word' id='word_1_101' title='bbox 1686 1568 1842 1652; x_wconf 88' lang='lat' dir='ltr'>Domine,</span> 
     </span>
     <span class='ocr_line' id='line_1_11' title="bbox 350 1675 1844 1779; baseline 0 -24"><span class='ocrx_word' id='word_1_102' title='bbox 350 1695 387 1755; x_wconf 91' lang='lat' dir='ltr'>ut</span> <span class='ocrx_word' id='word_1_103' title='bbox 416 1686 562 1757; x_wconf 86' lang='lat' dir='ltr'>videam.</span> <span class='ocrx_word' id='word_1_104' title='bbox 616 1675 642 1722; x_wconf 75' lang='lat'>*²</span> <span class='ocrx_word' id='word_1_105' title='bbox 659 1685 701 1754; x_wconf 88' lang='lat' dir='ltr'>Et</span> <span class='ocrx_word' id='word_1_106' title='bbox 727 1686 823 1756; x_wconf 91' lang='lat' dir='ltr'>lesus</span> <span class='ocrx_word' id='word_1_107' title='bbox 850 1683 936 1760; x_wconf 85' lang='lat' dir='ltr'>dixit</span> <span class='ocrx_word' id='word_1_108' title='bbox 962 1685 1007 1756; x_wconf 95' lang='lat' dir='ltr'>illi</span> <span class='ocrx_word' id='word_1_109' title='bbox 1032 1686 1190 1779; x_wconf 84' lang='lat' dir='ltr'>Respice,</span> <span class='ocrx_word' id='word_1_110' title='bbox 1219 1685 1307 1757; x_wconf 89' lang='lat' dir='ltr'>fides</span> <span class='ocrx_word' id='word_1_111' title='bbox 1335 1694 1393 1755; x_wconf 88' lang='lat' dir='ltr'>tua</span> <span class='ocrx_word' id='word_1_112' title='bbox 1420 1695 1454 1756; x_wconf 86' lang='lat' dir='ltr'>te</span> <span class='ocrx_word' id='word_1_113' title='bbox 1482 1686 1730 1756; x_wconf 88' lang='lat' dir='ltr'>salvumfecit.</span> <span class='ocrx_word' id='word_1_114' title='bbox 1763 1675 1844 1758; x_wconf 61' lang='lat' dir='ltr'>“lit</span> 
     </span>
     <span class='ocr_line' id='line_1_12' title="bbox 352 1803 1843 1896; baseline 0 -22"><span class='ocrx_word' id='word_1_115' title='bbox 352 1805 532 1874; x_wconf 79' lang='lat' dir='ltr'>confestim</span> <span class='ocrx_word' id='word_1_116' title='bbox 559 1804 653 1888; x_wconf 83' lang='lat' dir='ltr'>vidit,</span> <span class='ocrx_word' id='word_1_117' title='bbox 682 1813 717 1874; x_wconf 87' lang='lat' dir='ltr'>et</span> <span class='ocrx_word' id='word_1_118' title='bbox 743 1803 955 1896; x_wconf 90' lang='lat' dir='ltr'>sequebatur</span> <span class='ocrx_word' id='word_1_119' title='bbox 980 1805 1072 1877; x_wconf 91' lang='lat' dir='ltr'>illum</span> <span class='ocrx_word' id='word_1_120' title='bbox 1100 1803 1325 1896; x_wconf 78' lang='lat' dir='ltr'>magnificans</span> <span class='ocrx_word' id='word_1_121' title='bbox 1358 1803 1473 1875; x_wconf 91' lang='lat' dir='ltr'>deum.</span> <span class='ocrx_word' id='word_1_122' title='bbox 1527 1805 1569 1874; x_wconf 89' lang='lat' dir='ltr'>Et</span> <span class='ocrx_word' id='word_1_123' title='bbox 1605 1805 1716 1874; x_wconf 90' lang='lat' dir='ltr'>omnis</span> <span class='ocrx_word' id='word_1_124' title='bbox 1744 1805 1843 1896; x_wconf 87' lang='lat' dir='ltr'>plebs</span> 
     </span>
     <span class='ocr_line' id='line_1_13' title="bbox 351 1922 1375 2008; baseline -0.004 -14"><span class='ocrx_word' id='word_1_125' title='bbox 351 1933 388 1994; x_wconf 94' lang='lat' dir='ltr'>ut</span> <span class='ocrx_word' id='word_1_126' title='bbox 413 1924 507 2008; x_wconf 90' lang='lat' dir='ltr'>vidit,</span> <span class='ocrx_word' id='word_1_127' title='bbox 536 1922 632 1994; x_wconf 84' lang='lat' dir='ltr'>dedit</span> <span class='ocrx_word' id='word_1_128' title='bbox 658 1923 797 1994; x_wconf 88' lang='lat' dir='ltr'>laudem</span> <span class='ocrx_word' id='word_1_129' title='bbox 825 1922 905 1992; x_wconf 88' lang='lat' dir='ltr'>dec.</span> <span class='ocrx_word' id='word_1_130' title='bbox 1372 1927 1375 1934; x_wconf 83' lang='grc'><strong>’</strong></span> 
     </span>
    </p>
   </div>
   <div class='ocr_carea' id='block_1_4' title="bbox 1053 2199 1136 2270">
    <p class='ocr_par' dir='ltr' id='par_1_4' title="bbox 1053 2199 1136 2270">
     <span class='ocr_line' id='line_1_14' title="bbox 1053 2199 1136 2270; baseline 0 -1"><span class='ocrx_word' id='word_1_131' title='bbox 1053 2199 1136 2270; x_wconf 88' lang='grc' dir='ltr'>ΧΙΧ.</span> 
     </span>
    </p>
   </div>
   <div class='ocr_carea' id='block_1_5' title="bbox 326 2381 1898 4624">
    <p class='ocr_par' dir='ltr' id='par_1_5' title="bbox 326 2381 1898 4624">
     <span class='ocr_line' id='line_1_15' title="bbox 366 2381 1843 2495; baseline -0.004 -23"><span class='ocrx_word' id='word_1_132' title='bbox 366 2381 367 2384; x_wconf 21' lang='lat'>¹</span> <span class='ocrx_word' id='word_1_133' title='bbox 427 2393 554 2448; x_wconf 55' lang='lat' dir='ltr'>&#39;Im’</span> <span class='ocrx_word' id='word_1_134' title='bbox 572 2403 614 2472; x_wconf 90' lang='lat' dir='ltr'>Et</span> <span class='ocrx_word' id='word_1_135' title='bbox 654 2403 831 2494; x_wconf 81' lang='lat' dir='ltr'>ingressus</span> <span class='ocrx_word' id='word_1_136' title='bbox 865 2385 1131 2495; x_wconf 73' lang='lat' dir='ltr'>perambulabat</span> <span class='ocrx_word' id='word_1_137' title='bbox 1177 2403 1346 2474; x_wconf 85' lang='lat' dir='ltr'>Hiericho.</span> <span class='ocrx_word' id='word_1_138' title='bbox 1400 2395 1467 2471; x_wconf 76' lang='lat' dir='ltr'>’Et</span> <span class='ocrx_word' id='word_1_139' title='bbox 1502 2422 1586 2472; x_wconf 88' lang='lat' dir='ltr'>ecce</span> <span class='ocrx_word' id='word_1_140' title='bbox 1619 2401 1672 2470; x_wconf 92' lang='lat' dir='ltr'>vir</span> <span class='ocrx_word' id='word_1_141' title='bbox 1705 2397 1843 2470; x_wconf 88' lang='lat' dir='ltr'>nomine</span> 
     </span>
     <span class='ocr_line' id='line_1_16' title="bbox 351 2512 1841 2614; baseline -0.004 -21"><span class='ocrx_word' id='word_1_142' title='bbox 351 2522 536 2606; x_wconf 76' lang='lat' dir='ltr'>zaccheus,</span> <span class='ocrx_word' id='word_1_143' title='bbox 565 2531 600 2590; x_wconf 88' lang='lat' dir='ltr'>et</span> <span class='ocrx_word' id='word_1_144' title='bbox 625 2521 682 2592; x_wconf 90' lang='lat' dir='ltr'>bic</span> <span class='ocrx_word' id='word_1_145' title='bbox 708 2531 783 2592; x_wconf 88' lang='lat' dir='ltr'>erat</span> <span class='ocrx_word' id='word_1_146' title='bbox 808 2523 970 2614; x_wconf 89' lang='lat' dir='ltr'>princeps</span> <span class='ocrx_word' id='word_1_147' title='bbox 1005 2522 1281 2614; x_wconf 88' lang='lat' dir='ltr'>publicanorum,</span> <span class='ocrx_word' id='word_1_148' title='bbox 1317 2533 1352 2592; x_wconf 89' lang='lat' dir='ltr'>et</span> <span class='ocrx_word' id='word_1_149' title='bbox 1382 2523 1458 2614; x_wconf 89' lang='lat' dir='ltr'>ipse</span> <span class='ocrx_word' id='word_1_150' title='bbox 1486 2519 1595 2604; x_wconf 91' lang='lat' dir='ltr'>dives,</span> <span class='ocrx_word' id='word_1_151' title='bbox 1638 2512 1705 2588; x_wconf 79' lang='lat' dir='ltr'>³et</span> <span class='ocrx_word' id='word_1_152' title='bbox 1731 2537 1841 2609; x_wconf 63' lang='lat' dir='ltr'>quae,-</span> 
     </span>
     <span class='ocr_line' id='line_1_17' title="bbox 352 2637 1842 2733; baseline -0.003 -23"><span class='ocrx_word' id='word_1_153' title='bbox 352 2641 452 2712; x_wconf 89' lang='lat' dir='ltr'>rebat</span> <span class='ocrx_word' id='word_1_154' title='bbox 487 2640 608 2710; x_wconf 89' lang='lat' dir='ltr'>videre</span> <span class='ocrx_word' id='word_1_155' title='bbox 642 2641 754 2710; x_wconf 89' lang='lat' dir='ltr'>lesum</span> <span class='ocrx_word' id='word_1_156' title='bbox 782 2641 857 2732; x_wconf 90' lang='lat' dir='ltr'>quis</span> <span class='ocrx_word' id='word_1_157' title='bbox 892 2650 1002 2724; x_wconf 89' lang='lat' dir='ltr'>esset,</span> <span class='ocrx_word' id='word_1_158' title='bbox 1037 2650 1072 2710; x_wconf 90' lang='lat' dir='ltr'>et</span> <span class='ocrx_word' id='word_1_159' title='bbox 1097 2661 1166 2710; x_wconf 95' lang='lat' dir='ltr'>non</span> <span class='ocrx_word' id='word_1_160' title='bbox 1193 2649 1331 2733; x_wconf 91' lang='lat' dir='ltr'>poterat</span> <span class='ocrx_word' id='word_1_161' title='bbox 1355 2661 1441 2732; x_wconf 90' lang='lat' dir='ltr'>prae</span> <span class='ocrx_word' id='word_1_162' title='bbox 1468 2639 1576 2723; x_wconf 89' lang='lat' dir='ltr'>turba,</span> <span class='ocrx_word' id='word_1_163' title='bbox 1605 2637 1684 2730; x_wconf 92' lang='lat' dir='ltr'>quia</span> <span class='ocrx_word' id='word_1_164' title='bbox 1712 2647 1842 2710; x_wconf 89' lang='lat' dir='ltr'>statura</span> 
     </span>
     <span class='ocr_line' id='line_1_18' title="bbox 351 2750 1841 2852; baseline -0.003 -24"><span class='ocrx_word' id='word_1_165' title='bbox 351 2759 494 2852; x_wconf 93' lang='lat' dir='ltr'>pusillus</span> <span class='ocrx_word' id='word_1_166' title='bbox 521 2769 604 2830; x_wconf 89' lang='lat' dir='ltr'>erat.</span> <span class='ocrx_word' id='word_1_167' title='bbox 656 2750 729 2829; x_wconf 73' lang='lat' dir='ltr'>‘Et</span> <span class='ocrx_word' id='word_1_168' title='bbox 763 2781 990 2852; x_wconf 90' lang='lat' dir='ltr'>praecurrens</span> <span class='ocrx_word' id='word_1_169' title='bbox 1025 2759 1185 2830; x_wconf 87' lang='lat' dir='ltr'>ascendit</span> <span class='ocrx_word' id='word_1_170' title='bbox 1217 2761 1251 2829; x_wconf 93' lang='lat' dir='ltr'>in</span> <span class='ocrx_word' id='word_1_171' title='bbox 1285 2759 1446 2828; x_wconf 86' lang='lat' dir='ltr'>arborem</span> <span class='ocrx_word' id='word_1_172' title='bbox 1474 2779 1697 2851; x_wconf 85' lang='lat' dir='ltr'>sycomorum</span> <span class='ocrx_word' id='word_1_173' title='bbox 1725 2765 1762 2826; x_wconf 90' lang='lat' dir='ltr'>ut</span> <span class='ocrx_word' id='word_1_174' title='bbox 1788 2755 1841 2824; x_wconf 85' lang='lat' dir='ltr'>vi-</span> 
     </span>
     <span class='ocr_line' id='line_1_19' title="bbox 352 2872 1840 2970; baseline -0.004 -22"><span class='ocrx_word' id='word_1_175' title='bbox 352 2877 454 2948; x_wconf 88' lang='lat' dir='ltr'>deret</span> <span class='ocrx_word' id='word_1_176' title='bbox 485 2877 595 2955; x_wconf 82' lang='lat' dir='ltr'>illum.</span> <span class='ocrx_word' id='word_1_177' title='bbox 631 2879 711 2970; x_wconf 92' lang='lat' dir='ltr'>quia</span> <span class='ocrx_word' id='word_1_178' title='bbox 744 2877 826 2948; x_wconf 81' lang='lat' dir='ltr'>inde·</span> <span class='ocrx_word' id='word_1_179' title='bbox 859 2887 933 2948; x_wconf 88' lang='lat' dir='ltr'>erat</span> <span class='ocrx_word' id='word_1_180' title='bbox 966 2879 1179 2949; x_wconf 89' lang='lat' dir='ltr'>transiturus.</span> <span class='ocrx_word' id='word_1_181' title='bbox 1213 2872 1305 2946; x_wconf 78' lang='lat' dir='ltr'>.⁵Et</span> <span class='ocrx_word' id='word_1_182' title='bbox 1339 2899 1416 2946; x_wconf 91' lang='lat' dir='ltr'>curn</span> <span class='ocrx_word' id='word_1_183' title='bbox 1451 2877 1606 2947; x_wconf 89' lang='lat' dir='ltr'>venisset</span> <span class='ocrx_word' id='word_1_184' title='bbox 1636 2875 1681 2946; x_wconf 89' lang='lat' dir='ltr'>ad</span> <span class='ocrx_word' id='word_1_185' title='bbox 1716 2876 1840 2956; x_wconf 76' lang='lat' dir='ltr'>locum,</span> 
     </span>
     <span class='ocr_line' id='line_1_20' title="bbox 353 2992 1840 3088; baseline -0.003 -22"><span class='ocrx_word' id='word_1_186' title='bbox 353 2997 543 3088; x_wconf 88' lang='lat' dir='ltr'>suspiciens</span> <span class='ocrx_word' id='word_1_187' title='bbox 569 2999 666 3067; x_wconf 90' lang='lat' dir='ltr'>lesus</span> <span class='ocrx_word' id='word_1_188' title='bbox 692 2995 778 3067; x_wconf 90' lang='lat' dir='ltr'>vidit</span> <span class='ocrx_word' id='word_1_189' title='bbox 802 2995 894 3066; x_wconf 91' lang='lat' dir='ltr'>iHum</span> <span class='ocrx_word' id='word_1_190' title='bbox 922 3007 957 3066; x_wconf 88' lang='lat' dir='ltr'>et</span> <span class='ocrx_word' id='word_1_191' title='bbox 987 2997 1074 3068; x_wconf 86' lang='lat' dir='ltr'>dixit</span> <span class='ocrx_word' id='word_1_192' title='bbox 1097 2996 1144 3067; x_wconf 91' lang='lat' dir='ltr'>ad</span> <span class='ocrx_word' id='word_1_193' title='bbox 1168 3017 1248 3067; x_wconf 91' lang='lat' dir='ltr'>eum</span> <span class='ocrx_word' id='word_1_194' title='bbox 1275 2995 1442 3080; x_wconf 89' lang='lat' dir='ltr'>Zacchee,</span> <span class='ocrx_word' id='word_1_195' title='bbox 1470 2995 1634 3066; x_wconf 87' lang='lat' dir='ltr'>festinans</span> <span class='ocrx_word' id='word_1_196' title='bbox 1653 2992 1840 3075; x_wconf 88' lang='lat' dir='ltr'>descende,</span> 
     </span>
     <span class='ocr_line' id='line_1_21' title="bbox 354 3105 1842 3209; baseline -0.003 -24"><span class='ocrx_word' id='word_1_197' title='bbox 354 3115 434 3208; x_wconf 87' lang='lat' dir='ltr'>quia</span> <span class='ocrx_word' id='word_1_198' title='bbox 462 3115 567 3186; x_wconf 91' lang='lat' dir='ltr'>bodie</span> <span class='ocrx_word' id='word_1_199' title='bbox 600 3115 635 3184; x_wconf 94' lang='lat' dir='ltr'>in</span> <span class='ocrx_word' id='word_1_200' title='bbox 670 3113 777 3186; x_wconf 91' lang='lat' dir='ltr'>domo</span> <span class='ocrx_word' id='word_1_201' title='bbox 811 3124 868 3186; x_wconf 92' lang='lat' dir='ltr'>tua</span> <span class='ocrx_word' id='word_1_202' title='bbox 906 3125 1045 3209; x_wconf 88' lang='lat' dir='ltr'>oportet</span> <span class='ocrx_word' id='word_1_203' title='bbox 1075 3137 1132 3185; x_wconf 90' lang='lat' dir='ltr'>me</span> <span class='ocrx_word' id='word_1_204' title='bbox 1167 3115 1319 3186; x_wconf 86' lang='lat' dir='ltr'>manere.</span> <span class='ocrx_word' id='word_1_205' title='bbox 1371 3105 1444 3183; x_wconf 70' lang='grc' dir='ltr'>θΕῑ</span> <span class='ocrx_word' id='word_1_206' title='bbox 1471 3114 1631 3186; x_wconf 87' lang='lat' dir='ltr'>festinans</span> <span class='ocrx_word' id='word_1_207' title='bbox 1658 3111 1842 3185; x_wconf 87' lang='lat' dir='ltr'>descendit</span> 
     </span>
     <span class='ocr_line' id='line_1_22' title="bbox 326 3227 1841 3326; baseline -0.003 -23"><span class='ocrx_word' id='word_1_208' title='bbox 326 3243 387 3304; x_wconf 78' lang='lat' dir='ltr'>¹et</span> <span class='ocrx_word' id='word_1_209' title='bbox 414 3234 553 3326; x_wconf 86' lang='lat' dir='ltr'>excepit</span> <span class='ocrx_word' id='word_1_210' title='bbox 587 3235 679 3304; x_wconf 92' lang='lat' dir='ltr'>illum</span> <span class='ocrx_word' id='word_1_211' title='bbox 714 3234 880 3326; x_wconf 83' lang='lat' dir='ltr'>gaudens.</span> <span class='ocrx_word' id='word_1_212' title='bbox 910 3227 1006 3306; x_wconf 61' lang='lat' dir='ltr'>,affl</span> <span class='ocrx_word' id='word_1_213' title='bbox 1038 3257 1117 3306; x_wconf 94' lang='lat' dir='ltr'>cum</span> <span class='ocrx_word' id='word_1_214' title='bbox 1150 3235 1309 3306; x_wconf 87' lang='lat' dir='ltr'>viderent</span> <span class='ocrx_word' id='word_1_215' title='bbox 1335 3235 1473 3319; x_wconf 88' lang='lat' dir='ltr'>omnes,</span> <span class='ocrx_word' id='word_1_216' title='bbox 1501 3233 1760 3305; x_wconf 89' lang='lat' dir='ltr'>murmurabant</span> <span class='ocrx_word' id='word_1_217' title='bbox 1786 3230 1841 3300; x_wconf 89' lang='lat' dir='ltr'>di-</span> 
     </span>
     <span class='ocr_line' id='line_1_23' title="bbox 354 3345 1835 3446; baseline -0.001 -25"><span class='ocrx_word' id='word_1_218' title='bbox 354 3355 472 3422; x_wconf 85' lang='lat' dir='ltr'>centes</span> <span class='ocrx_word' id='word_1_219' title='bbox 506 3352 603 3443; x_wconf 94' lang='lat' dir='ltr'>quod</span> <span class='ocrx_word' id='word_1_220' title='bbox 639 3353 684 3424; x_wconf 93' lang='lat' dir='ltr'>ad</span> <span class='ocrx_word' id='word_1_221' title='bbox 718 3352 893 3424; x_wconf 88' lang='lat' dir='ltr'>bominem</span> <span class='ocrx_word' id='word_1_222' title='bbox 923 3355 1147 3446; x_wconf 87' lang='lat' dir='ltr'>peccatorem</span> <span class='ocrx_word' id='word_1_223' title='bbox 1182 3351 1390 3423; x_wconf 88' lang='lat' dir='ltr'>divertisset.</span> <span class='ocrx_word' id='word_1_224' title='bbox 1430 3345 1458 3417; x_wconf 41' lang='lat'>2⁸</span> <span class='ocrx_word' id='word_1_225' title='bbox 1475 3355 1577 3424; x_wconf 86' lang='lat' dir='ltr'>Stans</span> <span class='ocrx_word' id='word_1_226' title='bbox 1611 3363 1728 3423; x_wconf 89' lang='lat' dir='ltr'>autern</span> <span class='ocrx_word' id='word_1_227' title='bbox 1750 3352 1835 3420; x_wconf 45' lang='lat' dir='ltr'>&#39;Zac-</span> 
     </span>
     <span class='ocr_line' id='line_1_24' title="bbox 353 3469 1841 3556; baseline -0.001 -16"><span class='ocrx_word' id='word_1_228' title='bbox 353 3471 461 3542; x_wconf 85' lang='lat' dir='ltr'>cbeus</span> <span class='ocrx_word' id='word_1_229' title='bbox 488 3471 577 3540; x_wconf 88' lang='lat' dir='ltr'>dixit</span> <span class='ocrx_word' id='word_1_230' title='bbox 603 3471 648 3543; x_wconf 89' lang='lat' dir='ltr'>ad</span> <span class='ocrx_word' id='word_1_231' title='bbox 675 3471 854 3544; x_wconf 91' lang='lat' dir='ltr'>dominum</span> <span class='ocrx_word' id='word_1_232' title='bbox 880 3471 971 3541; x_wconf 85' lang='lat' dir='ltr'>Ecce</span> <span class='ocrx_word' id='word_1_233' title='bbox 999 3469 1176 3541; x_wconf 92' lang='lat' dir='ltr'>dimidium</span> <span class='ocrx_word' id='word_1_234' title='bbox 1203 3471 1381 3542; x_wconf 88' lang='lat' dir='ltr'>bonorum</span> <span class='ocrx_word' id='word_1_235' title='bbox 1411 3493 1586 3556; x_wconf 87' lang='lat' dir='ltr'>meomm,</span> <span class='ocrx_word' id='word_1_236' title='bbox 1615 3472 1765 3555; x_wconf 90' lang='lat' dir='ltr'>domine,</span> <span class='ocrx_word' id='word_1_237' title='bbox 1793 3469 1841 3539; x_wconf 95' lang='lat' dir='ltr'>do</span> 
     </span>
     <span class='ocr_line' id='line_1_25' title="bbox 352 3583 1840 3684; baseline -0.001 -27"><span class='ocrx_word' id='word_1_238' title='bbox 352 3588 573 3680; x_wconf 84' lang='lat' dir='ltr'>pauperibus,</span> <span class='ocrx_word' id='word_1_239' title='bbox 601 3601 636 3662; x_wconf 90' lang='lat' dir='ltr'>et</span> <span class='ocrx_word' id='word_1_240' title='bbox 663 3592 692 3662; x_wconf 91' lang='lat' dir='ltr'>si</span> <span class='ocrx_word' id='word_1_241' title='bbox 720 3589 803 3682; x_wconf 92' lang='lat' dir='ltr'>quid</span> <span class='ocrx_word' id='word_1_242' title='bbox 830 3589 978 3681; x_wconf 89' lang='lat' dir='ltr'>aliquem</span> <span class='ocrx_word' id='word_1_243' title='bbox 1005 3589 1208 3660; x_wconf 78' lang='lat' dir='ltr'>defraudavi</span> <span class='ocrx_word' id='word_1_244' title='bbox 1235 3590 1347 3662; x_wconf 89' lang='lat' dir='ltr'>reddo</span> <span class='ocrx_word' id='word_1_245' title='bbox 1369 3590 1623 3684; x_wconf 90' lang='lat' dir='ltr'>quadruplum.</span> <span class='ocrx_word' id='word_1_246' title='bbox 1675 3583 1761 3659; x_wconf 82' lang='lat' dir='ltr'>⁹Ait</span> <span class='ocrx_word' id='word_1_247' title='bbox 1786 3589 1840 3657; x_wconf 91' lang='lat' dir='ltr'>le-·</span> 
     </span>
     <span class='ocr_line' id='line_1_26' title="bbox 353 3705 1840 3802; baseline 0.001 -28"><span class='ocrx_word' id='word_1_248' title='bbox 353 3711 419 3776; x_wconf 88' lang='lat' dir='ltr'>sus&#39;</span> <span class='ocrx_word' id='word_1_249' title='bbox 442 3707 487 3777; x_wconf 87' lang='lat' dir='ltr'>ad</span> <span class='ocrx_word' id='word_1_250' title='bbox 514 3729 593 3776; x_wconf 89' lang='lat' dir='ltr'>eurn</span> <span class='ocrx_word' id='word_1_251' title='bbox 609 3707 703 3798; x_wconf 71' lang='lat' dir='ltr'>⁴quia</span> <span class='ocrx_word' id='word_1_252' title='bbox 729 3705 835 3780; x_wconf 90' lang='lat' dir='ltr'>hodie</span> <span class='ocrx_word' id='word_1_253' title='bbox 862 3709 955 3778; x_wconf 91' lang='lat' dir='ltr'>salus</span> <span class='ocrx_word' id='word_1_254' title='bbox 982 3707 1101 3779; x_wconf 90' lang='lat' dir='ltr'>domui</span> <span class='ocrx_word' id='word_1_255' title='bbox 1128 3707 1208 3778; x_wconf 89' lang='lat' dir='ltr'>buic</span> <span class='ocrx_word' id='word_1_256' title='bbox 1233 3709 1322 3779; x_wconf 85' lang='lat' dir='ltr'>facta</span> <span class='ocrx_word' id='word_1_257' title='bbox 1350 3719 1413 3794; x_wconf 87' lang='lat' dir='ltr'>est,</span> <span class='ocrx_word' id='word_1_258' title='bbox 1441 3731 1485 3780; x_wconf 86' lang='lat' dir='ltr'>eo</span> <span class='ocrx_word' id='word_1_259' title='bbox 1513 3709 1609 3802; x_wconf 93' lang='lat' dir='ltr'>quod</span> <span class='ocrx_word' id='word_1_260' title='bbox 1636 3709 1772 3801; x_wconf 87' lang='lat' dir='ltr'>etipse</span> <span class='ocrx_word' id='word_1_261' title='bbox 1799 3705 1840 3776; x_wconf 84' lang='lat' dir='ltr'>fi-</span> 
     </span>
     <span class='ocr_line' id='line_1_27' title="bbox 353 3816 1841 3920; baseline 0.002 -28"><span class='ocrx_word' id='word_1_262' title='bbox 353 3823 419 3893; x_wconf 93' lang='lat' dir='ltr'>lius</span> <span class='ocrx_word' id='word_1_263' title='bbox 446 3825 489 3894; x_wconf 89' lang='lat' dir='ltr'>sit</span> <span class='ocrx_word' id='word_1_264' title='bbox 515 3824 696 3896; x_wconf 82' lang='lat' dir='ltr'>Abrabae:</span> <span class='ocrx_word' id='word_1_265' title='bbox 742 3818 768 3864; x_wconf 78' lang='lat'>⁴⁰</span> <span class='ocrx_word' id='word_1_266' title='bbox 785 3816 877 3874; x_wconf 55' lang='grc' dir='ltr'>(Μ)</span> <span class='ocrx_word' id='word_1_267' title='bbox 896 3827 988 3896; x_wconf 91' lang='lat' dir='ltr'>venit</span> <span class='ocrx_word' id='word_1_268' title='bbox 1019 3827 1110 3897; x_wconf 92' lang='lat' dir='ltr'>enim</span> <span class='ocrx_word' id='word_1_269' title='bbox 1148 3825 1236 3896; x_wconf 89' lang='lat' dir='ltr'>filius</span> <span class='ocrx_word' id='word_1_270' title='bbox 1252 3841 1255 3850; x_wconf 80' lang='grc'><em>’</em></span> <span class='ocrx_word' id='word_1_271' title='bbox 1269 3827 1418 3898; x_wconf 92' lang='lat' dir='ltr'>hominis</span> <span class='ocrx_word' id='word_1_272' title='bbox 1446 3849 1616 3920; x_wconf 86' lang='lat' dir='ltr'>quaerere</span> <span class='ocrx_word' id='word_1_273' title='bbox 1644 3839 1679 3898; x_wconf 91' lang='lat' dir='ltr'>et</span> <span class='ocrx_word' id='word_1_274' title='bbox 1704 3828 1841 3898; x_wconf 90' lang='lat' dir='ltr'>salvare</span> 
     </span>
     <span class='ocr_line' id='line_1_28' title="bbox 354 3933 1898 4040; baseline 0.007 -29"><span class='ocrx_word' id='word_1_275' title='bbox 354 3942 449 4033; x_wconf 92' lang='lat' dir='ltr'>qnod</span> <span class='ocrx_word' id='word_1_276' title='bbox 476 3943 633 4035; x_wconf 88' lang='lat' dir='ltr'>perierat.</span> <span class='ocrx_word' id='word_1_277' title='bbox 686 3935 709 3978; x_wconf 81' lang='lat'>¹¹</span> <span class='ocrx_word' id='word_1_278' title='bbox 729 3933 831 3988; x_wconf 55' lang='lat' dir='ltr'>‘ml’</span> <span class='ocrx_word' id='word_1_279' title='bbox 848 3943 943 4014; x_wconf 88' lang='lat' dir='ltr'>Haec</span> <span class='ocrx_word' id='word_1_280' title='bbox 977 3945 1040 4015; x_wconf 91' lang='lat' dir='ltr'>illis</span> <span class='ocrx_word' id='word_1_281' title='bbox 1075 3943 1293 4015; x_wconf 87' lang='lat' dir='ltr'>audientibus</span> <span class='ocrx_word' id='word_1_282' title='bbox 1326 3945 1480 4017; x_wconf 88' lang='lat' dir='ltr'>adiciens</span> <span class='ocrx_word' id='word_1_283' title='bbox 1507 3948 1595 4019; x_wconf 89' lang='lat' dir='ltr'>dixit</span> <span class='ocrx_word' id='word_1_284' title='bbox 1626 3947 1841 4040; x_wconf 67' lang='lat' dir='ltr'>parabolam</span> <span class='ocrx_word' id='word_1_285' title='bbox 1891 4013 1898 4022; x_wconf 91' lang='lat'>.</span> 
     </span>
     <span class='ocr_line' id='line_1_29' title="bbox 354 4061 1841 4160; baseline 0.005 -32"><span class='ocrx_word' id='word_1_286' title='bbox 354 4081 399 4130; x_wconf 89' lang='lat' dir='ltr'>eo</span> <span class='ocrx_word' id='word_1_287' title='bbox 433 4061 528 4152; x_wconf 91' lang='lat' dir='ltr'>quod</span> <span class='ocrx_word' id='word_1_288' title='bbox 563 4071 657 4132; x_wconf 90' lang='lat' dir='ltr'>esset</span> <span class='ocrx_word' id='word_1_289' title='bbox 683 4081 795 4153; x_wconf 91' lang='lat' dir='ltr'>prope</span> <span class='ocrx_word' id='word_1_290' title='bbox 822 4061 1049 4147; x_wconf 86' lang='lat' dir='ltr'>Hierusalem,</span> <span class='ocrx_word' id='word_1_291' title='bbox 1078 4073 1112 4132; x_wconf 88' lang='lat' dir='ltr'>et</span> <span class='ocrx_word' id='word_1_292' title='bbox 1149 4064 1229 4154; x_wconf 85' lang='lat' dir='ltr'>quia</span> <span class='ocrx_word' id='word_1_293' title='bbox 1262 4065 1500 4136; x_wconf 86' lang='lat' dir='ltr'>existimarent</span> <span class='ocrx_word' id='word_1_294' title='bbox 1533 4066 1629 4160; x_wconf 93' lang='lat' dir='ltr'>quod</span> <span class='ocrx_word' id='word_1_295' title='bbox 1662 4064 1841 4137; x_wconf 80' lang='lat' dir='ltr'>confestim</span> 
     </span>
     <span class='ocr_line' id='line_1_30' title="bbox 353 4173 1843 4278; baseline 0.005 -32"><span class='ocrx_word' id='word_1_296' title='bbox 353 4199 498 4270; x_wconf 78' lang='lat' dir='ltr'>regnum</span> <span class='ocrx_word' id='word_1_297' title='bbox 526 4179 583 4250; x_wconf 89' lang='lat' dir='ltr'>dei</span> <span class='ocrx_word' id='word_1_298' title='bbox 610 4177 895 4250; x_wconf 81' lang='lat' dir='ltr'>manifestaretur.</span> <span class='ocrx_word' id='word_1_299' title='bbox 947 4173 1182 4252; x_wconf 55' lang='lat' dir='ltr'>&#39;iim-&#39;Dixit</span> <span class='ocrx_word' id='word_1_300' title='bbox 1208 4201 1294 4274; x_wconf 82' lang='lat' dir='ltr'>ergo</span> <span class='ocrx_word' id='word_1_301' title='bbox 1319 4185 1433 4256; x_wconf 90' lang='lat' dir='ltr'>Homo</span> <span class='ocrx_word' id='word_1_302' title='bbox 1452 4186 1592 4278; x_wconf 91' lang='lat' dir='ltr'>quidam</span> <span class='ocrx_word' id='word_1_303' title='bbox 1610 4185 1735 4256; x_wconf 86' lang='lat' dir='ltr'>nobilis</span> <span class='ocrx_word' id='word_1_304' title='bbox 1760 4183 1843 4254; x_wconf 87' lang='lat' dir='ltr'>abiit</span> 
     </span>
     <span class='ocr_line' id='line_1_31' title="bbox 353 4295 1842 4392; baseline 0.003 -26"><span class='ocrx_word' id='word_1_305' title='bbox 353 4299 386 4367; x_wconf 92' lang='lat' dir='ltr'>in</span> <span class='ocrx_word' id='word_1_306' title='bbox 412 4299 592 4390; x_wconf 84' lang='lat' dir='ltr'>regionem</span> <span class='ocrx_word' id='word_1_307' title='bbox 620 4298 839 4390; x_wconf 78' lang='lat' dir='ltr'>longinquam</span> <span class='ocrx_word' id='word_1_308' title='bbox 867 4299 1027 4392; x_wconf 89' lang='lat' dir='ltr'>accipere</span> <span class='ocrx_word' id='word_1_309' title='bbox 1054 4301 1120 4371; x_wconf 94' lang='lat' dir='ltr'>sibi</span> <span class='ocrx_word' id='word_1_310' title='bbox 1147 4321 1292 4392; x_wconf 77' lang='lat' dir='ltr'>regnum</span> <span class='ocrx_word' id='word_1_311' title='bbox 1319 4311 1354 4372; x_wconf 88' lang='lat' dir='ltr'>et</span> <span class='ocrx_word' id='word_1_312' title='bbox 1381 4305 1516 4374; x_wconf 87' lang='lat' dir='ltr'>reverti.</span> <span class='ocrx_word' id='word_1_313' title='bbox 1562 4295 1688 4364; x_wconf 52' lang='lat' dir='ltr'>“imi</span> <span class='ocrx_word' id='word_1_314' title='bbox 1702 4301 1842 4374; x_wconf 85' lang='lat' dir='ltr'>Vocatis</span> 
     </span>
     <span class='ocr_line' id='line_1_32' title="bbox 353 4417 1841 4512; baseline 0.002 -25"><span class='ocrx_word' id='word_1_315' title='bbox 353 4426 468 4487; x_wconf 87' lang='lat' dir='ltr'>autem</span> <span class='ocrx_word' id='word_1_316' title='bbox 497 4417 622 4488; x_wconf 86' lang='lat' dir='ltr'>decem</span> <span class='ocrx_word' id='word_1_317' title='bbox 650 4417 761 4487; x_wconf 87' lang='lat' dir='ltr'>servis</span> <span class='ocrx_word' id='word_1_318' title='bbox 788 4417 861 4488; x_wconf 90' lang='lat' dir='ltr'>suis</span> <span class='ocrx_word' id='word_1_319' title='bbox 888 4417 986 4489; x_wconf 91' lang='lat' dir='ltr'>dedit</span> <span class='ocrx_word' id='word_1_320' title='bbox 1019 4419 1084 4488; x_wconf 90' lang='lat' dir='ltr'>illis</span> <span class='ocrx_word' id='word_1_321' title='bbox 1116 4419 1239 4490; x_wconf 89' lang='lat' dir='ltr'>decem</span> <span class='ocrx_word' id='word_1_322' title='bbox 1268 4441 1383 4505; x_wconf 87' lang='lat' dir='ltr'>mnas,</span> <span class='ocrx_word' id='word_1_323' title='bbox 1412 4431 1447 4492; x_wconf 89' lang='lat' dir='ltr'>et</span> <span class='ocrx_word' id='word_1_324' title='bbox 1474 4423 1520 4492; x_wconf 90' lang='lat' dir='ltr'>ait</span> <span class='ocrx_word' id='word_1_325' title='bbox 1547 4422 1593 4492; x_wconf 88' lang='lat' dir='ltr'>ad</span> <span class='ocrx_word' id='word_1_326' title='bbox 1620 4421 1695 4490; x_wconf 92' lang='lat' dir='ltr'>illos</span> <span class='ocrx_word' id='word_1_327' title='bbox 1721 4421 1841 4512; x_wconf 55' lang='lat' dir='ltr'>Nego*</span> 
     </span>
     <span class='ocr_line' id='line_1_33' title="bbox 353 4525 1843 4624; baseline 0.001 -18"><span class='ocrx_word' id='word_1_328' title='bbox 353 4537 482 4606; x_wconf 88' lang='lat' dir='ltr'>tiamini</span> <span class='ocrx_word' id='word_1_329' title='bbox 519 4536 602 4607; x_wconf 93' lang='lat' dir='ltr'>dum</span> <span class='ocrx_word' id='word_1_330' title='bbox 633 4535 745 4606; x_wconf 91' lang='lat' dir='ltr'>venio.</span> <span class='ocrx_word' id='word_1_331' title='bbox 799 4525 825 4572; x_wconf 75' lang='lat'>¹⁴</span> <span class='ocrx_word' id='word_1_332' title='bbox 843 4535 943 4608; x_wconf 89' lang='lat' dir='ltr'>Cives</span> <span class='ocrx_word' id='word_1_333' title='bbox 978 4545 1093 4607; x_wconf 91' lang='lat' dir='ltr'>autern</span> <span class='ocrx_word' id='word_1_334' title='bbox 1121 4539 1195 4608; x_wconf 92' lang='lat' dir='ltr'>eius</span> <span class='ocrx_word' id='word_1_335' title='bbox 1231 4538 1379 4609; x_wconf 88' lang='lat' dir='ltr'>oderant</span> <span class='ocrx_word' id='word_1_336' title='bbox 1405 4540 1507 4624; x_wconf 93' lang='lat' dir='ltr'>illum,</span> <span class='ocrx_word' id='word_1_337' title='bbox 1535 4551 1571 4612; x_wconf 87' lang='lat' dir='ltr'>et</span> <span class='ocrx_word' id='word_1_338' title='bbox 1597 4540 1764 4610; x_wconf 89' lang='lat' dir='ltr'>miserunt</span> <span class='ocrx_word' id='word_1_339' title='bbox 1789 4539 1843 4608; x_wconf 54' lang='lat' dir='ltr'>les</span> 
     </span>
    </p>
   </div>
   <div class='ocr_carea' id='block_1_6' title="bbox 349 4648 1845 5107">
    <p class='ocr_par' dir='ltr' id='par_1_6' title="bbox 349 4648 1845 5107">
     <span class='ocr_line' id='line_1_34' title="bbox 352 4648 1842 4752; baseline -0.001 -26"><span class='ocrx_word' id='word_1_340' title='bbox 352 4657 526 4747; x_wconf 79' lang='lat' dir='ltr'>gationem</span> <span class='ocrx_word' id='word_1_341' title='bbox 560 4665 641 4749; x_wconf 91' lang='lat' dir='ltr'>post</span> <span class='ocrx_word' id='word_1_342' title='bbox 674 4655 767 4725; x_wconf 91' lang='lat' dir='ltr'>iHum</span> <span class='ocrx_word' id='word_1_343' title='bbox 801 4655 956 4727; x_wconf 88' lang='lat' dir='ltr'>dicentes</span> <span class='ocrx_word' id='word_1_344' title='bbox 990 4656 1157 4727; x_wconf 91' lang='lat' dir='ltr'>Nolumus</span> <span class='ocrx_word' id='word_1_345' title='bbox 1191 4659 1281 4727; x_wconf 94' lang='lat' dir='ltr'>hunc</span> <span class='ocrx_word' id='word_1_346' title='bbox 1314 4678 1463 4749; x_wconf 81' lang='lat' dir='ltr'>regnare</span> <span class='ocrx_word' id='word_1_347' title='bbox 1499 4679 1704 4752; x_wconf 89' lang='lat' dir='ltr'>supernos.</span> <span class='ocrx_word' id='word_1_348' title='bbox 1758 4648 1785 4693; x_wconf 78' lang='lat'>¹⁵</span> <span class='ocrx_word' id='word_1_349' title='bbox 1800 4656 1842 4726; x_wconf 85' lang='lat' dir='ltr'>Et</span> 
     </span>
     <span class='ocr_line' id='line_1_35' title="bbox 351 4767 1845 4870; baseline 0.001 -27"><span class='ocrx_word' id='word_1_350' title='bbox 351 4767 479 4846; x_wconf 83' lang='lat' dir='ltr'>facturn</span> <span class='ocrx_word' id='word_1_351' title='bbox 507 4786 561 4846; x_wconf 91' lang='lat' dir='ltr'>est</span> <span class='ocrx_word' id='word_1_352' title='bbox 588 4785 624 4845; x_wconf 91' lang='lat' dir='ltr'>ut</span> <span class='ocrx_word' id='word_1_353' title='bbox 650 4773 780 4845; x_wconf 86' lang='lat' dir='ltr'>rediret</span> <span class='ocrx_word' id='word_1_354' title='bbox 806 4785 951 4868; x_wconf 87' lang='lat' dir='ltr'>accepto</span> <span class='ocrx_word' id='word_1_355' title='bbox 979 4795 1098 4867; x_wconf 79' lang='lat' dir='ltr'>regno,</span> <span class='ocrx_word' id='word_1_356' title='bbox 1127 4785 1162 4845; x_wconf 91' lang='lat' dir='ltr'>et</span> <span class='ocrx_word' id='word_1_357' title='bbox 1187 4775 1285 4846; x_wconf 91' lang='lat' dir='ltr'>iussit</span> <span class='ocrx_word' id='word_1_358' title='bbox 1311 4778 1430 4848; x_wconf 87' lang='lat' dir='ltr'>vocari</span> <span class='ocrx_word' id='word_1_359' title='bbox 1457 4797 1581 4848; x_wconf 90' lang='lat' dir='ltr'>servos</span> <span class='ocrx_word' id='word_1_360' title='bbox 1600 4777 1726 4870; x_wconf 89' lang='lat' dir='ltr'>quibus</span> <span class='ocrx_word' id='word_1_361' title='bbox 1746 4774 1845 4848; x_wconf 86' lang='lat' dir='ltr'>dedit</span> 
     </span>
     <span class='ocr_line' id='line_1_36' title="bbox 350 4876 1844 4986; baseline 0 -24"><span class='ocrx_word' id='word_1_362' title='bbox 350 4895 552 4985; x_wconf 88' lang='lat' dir='ltr'>pecuniam,</span> <span class='ocrx_word' id='word_1_363' title='bbox 588 4904 625 4964; x_wconf 93' lang='lat' dir='ltr'>ut</span> <span class='ocrx_word' id='word_1_364' title='bbox 660 4895 764 4976; x_wconf 83' lang='lat' dir='ltr'>sciret</span> <span class='ocrx_word' id='word_1_365' title='bbox 798 4903 961 4986; x_wconf 91' lang='lat' dir='ltr'>quantum</span> <span class='ocrx_word' id='word_1_366' title='bbox 975 4876 979 4884; x_wconf 40' lang='lat'>¹</span> <span class='ocrx_word' id='word_1_367' title='bbox 995 4895 1141 4985; x_wconf 88' lang='lat' dir='ltr'>quisque</span> <span class='ocrx_word' id='word_1_368' title='bbox 1168 4896 1365 4985; x_wconf 81' lang='lat' dir='ltr'>negotiatus</span> <span class='ocrx_word' id='word_1_369' title='bbox 1385 4904 1503 4966; x_wconf 81' lang='lat' dir='ltr'>esset.</span> <span class='ocrx_word' id='word_1_370' title='bbox 1557 4888 1583 4931; x_wconf 76' lang='lat'>⁴⁶</span> <span class='ocrx_word' id='word_1_371' title='bbox 1600 4896 1700 4966; x_wconf 89' lang='lat' dir='ltr'>Venit</span> <span class='ocrx_word' id='word_1_372' title='bbox 1726 4902 1844 4964; x_wconf 87' lang='lat' dir='ltr'>autem</span> 
     </span>
     <span class='ocr_line' id='line_1_37' title="bbox 349 5005 1841 5107; baseline -0.001 -28"><span class='ocrx_word' id='word_1_373' title='bbox 349 5012 482 5104; x_wconf 90' lang='lat' dir='ltr'>primus</span> <span class='ocrx_word' id='word_1_374' title='bbox 516 5013 637 5084; x_wconf 89' lang='lat' dir='ltr'>dicens</span> <span class='ocrx_word' id='word_1_375' title='bbox 664 5013 828 5096; x_wconf 90' lang='lat' dir='ltr'>Domine,</span> <span class='ocrx_word' id='word_1_376' title='bbox 856 5035 937 5083; x_wconf 85' lang='lat' dir='ltr'>mna</span> <span class='ocrx_word' id='word_1_377' title='bbox 972 5022 1030 5082; x_wconf 88' lang='lat' dir='ltr'>tua</span> <span class='ocrx_word' id='word_1_378' title='bbox 1065 5011 1189 5083; x_wconf 88' lang='lat' dir='ltr'>decern</span> <span class='ocrx_word' id='word_1_379' title='bbox 1226 5035 1325 5084; x_wconf 86' lang='lat' dir='ltr'>mnas</span> <span class='ocrx_word' id='word_1_380' title='bbox 1361 5013 1554 5107; x_wconf 87' lang='lat' dir='ltr'>adquisivit.</span> <span class='ocrx_word' id='word_1_381' title='bbox 1608 5005 1634 5049; x_wconf 74' lang='lat'>¹⁷</span> <span class='ocrx_word' id='word_1_382' title='bbox 1651 5013 1692 5084; x_wconf 84' lang='lat' dir='ltr'>Et</span> <span class='ocrx_word' id='word_1_383' title='bbox 1724 5013 1771 5081; x_wconf 90' lang='lat' dir='ltr'>ait</span> <span class='ocrx_word' id='word_1_384' title='bbox 1797 5011 1841 5080; x_wconf 91' lang='lat' dir='ltr'>illi</span> 
     </span>
    </p>
   </div>
   <div class='ocr_carea' id='block_1_7' title="bbox 350 5116 1844 5338">
    <p class='ocr_par' dir='ltr' id='par_1_7' title="bbox 350 5116 1844 5338">
     <span class='ocr_line' id='line_1_38' title="bbox 350 5116 1844 5227; baseline 0.001 -29"><span class='ocrx_word' id='word_1_385' title='bbox 350 5116 567 5222; x_wconf 57' lang='lat' dir='ltr'>liuge&#39;bone</span> <span class='ocrx_word' id='word_1_386' title='bbox 595 5153 706 5216; x_wconf 87' lang='lat' dir='ltr'>serve,</span> <span class='ocrx_word' id='word_1_387' title='bbox 735 5133 813 5224; x_wconf 91' lang='lat' dir='ltr'>quia</span> <span class='ocrx_word' id='word_1_388' title='bbox 840 5132 874 5201; x_wconf 95' lang='lat' dir='ltr'>in</span> <span class='ocrx_word' id='word_1_389' title='bbox 901 5131 1040 5202; x_wconf 90' lang='lat' dir='ltr'>modico</span> <span class='ocrx_word' id='word_1_390' title='bbox 1074 5129 1186 5202; x_wconf 89' lang='lat' dir='ltr'>fidelis</span> <span class='ocrx_word' id='word_1_391' title='bbox 1219 5132 1326 5216; x_wconf 89' lang='lat' dir='ltr'>fuisti,</span> <span class='ocrx_word' id='word_1_392' title='bbox 1361 5135 1430 5204; x_wconf 89' lang='lat' dir='ltr'>eris</span> <span class='ocrx_word' id='word_1_393' title='bbox 1465 5142 1671 5227; x_wconf 85' lang='lat' dir='ltr'>potestatem</span> <span class='ocrx_word' id='word_1_394' title='bbox 1708 5129 1844 5220; x_wconf 84' lang='lat' dir='ltr'>babens</span> 
     </span>
     <span class='ocr_line' id='line_1_39' title="bbox 725 5244 1328 5338; baseline 0 -19"><span class='ocrx_word' id='word_1_395' title='bbox 725 5244 729 5252; x_wconf 41' lang='lat'>¹</span> <span class='ocrx_word' id='word_1_396' title='bbox 867 5251 974 5333; x_wconf 82' lang='lat' dir='ltr'>XVIII,</span> <span class='ocrx_word' id='word_1_397' title='bbox 1004 5253 1050 5320; x_wconf 84' lang='lat'>35</span> <span class='ocrx_word' id='word_1_398' title='bbox 1082 5291 1128 5302; x_wconf 84' lang='lat'><em>-</em></span> <span class='ocrx_word' id='word_1_399' title='bbox 1156 5251 1239 5334; x_wconf 87' lang='lat' dir='ltr'>XIX,</span> <span class='ocrx_word' id='word_1_400' title='bbox 1274 5246 1328 5338; x_wconf 69' lang='lat'>17.</span> 
     </span>
    </p>
   </div>
   <div class='ocr_carea' id='block_1_8' title="bbox 0 0 2126 6118">
    <p class='ocr_par' dir='ltr' id='par_1_8' title="bbox 0 0 2126 6118">
     <span class='ocr_line' id='line_1_40' title="bbox 0 0 2126 6118; baseline 0 0"><span class='ocrx_word' id='word_1_401' title='bbox 0 0 2126 6118; x_wconf 95' lang='lat' dir='ltr'> </span> 
     </span>
    </p>
   </div>
  </div>
 </body>
</html>
