4242 6134
347 395 421 466 226
795 395 902 455 uum
929 393 1079 457 ueruuu
1107 355 1402 454 arosrouonuu

1374 495 1641 506 ..u--n—-ss-
1651 495 1834 503 ---..-.-...-.-

350 591 377 636 ¹³
393 618 508 688 neque
536 597 688 688 probare
716 605 862 688 possunt
889 597 947 666 riui
974 593 1020 667 de
1047 594 1172 688 quibus
1200 616 1289 664 nunc
1316 605 1482 662 accusant
1503 613 1568 661 me.
1624 583 1650 628 ¹*
1668 589 1840 662 Confiteor

352 727 468 788 autem
496 717 564 784 hoc
590 716 649 785 tibi
677 715 771 806 quod
800 715 991 787 secuudum
1020 725 1151 784 sectam
1180 733 1281 803 quam
1311 711 1427 782 dicunt
1453 710 1603 780 heresim
1638 711 1688 781 sic
1715 709 1839 780 deser-

350 838 408 906 vio
437 835 529 928 patri.
560 833 628 904 dec
664 854 759 917 meo,
794 833 944 904 credens
972 831 1132 902 omnibus
1159 852 1249 922 quae
1276 832 1310 900 in
1337 833 1415 922 lege
1443 841 1477 900 et
1504 828 1683 922 prophetis
1711 829 1838 920 scripta

352 964 446 1038 sunt,
492 945 518 988 ¹⁵
536 972 634 1042 spem
670 951 803 1022 habens
837 953 871 1022 in
898 951 1001 1022 deum
1029 973 1132 1042 quam
1167 961 1201 1020 ct
1229 950 1262 1020 hi
1289 949 1354 1042 ipsi
1381 957 1582 1041 expectant,
1611 948 1839 1018 resurrectio-

351 1095 431 1142 nem
459 1072 604 1142 futuram
631 1071 799 1140 iustorum
827 1079 862 1138 et
888 1068 1090 1160 iniquorum.
1136 1062 1208 1138 ¹⁶ln
1236 1070 1302 1140 hoc
1329 1070 1466 1161 etipse
1494 1067 1617 1138 studeo
1636 1067 1709 1137 sinc
1728 1067 1839 1139 offen-

352 1191 467 1261 diculo
501 1188 745 1259 conscientiam
783 1186 914 1258 habere
950 1187 994 1258 ad
1030 1189 1134 1260 deum
1171 1199 1205 1258 et
1240 1188 1285 1259 ad
1317 1189 1474 1260 homiues
1501 1205 1649 1278 semper.
1715 1178 1739 1220 ¹⁷
1758 1185 1841 1256 Post

353 1331 463 1381 annos
491 1319 605 1378 autem
634 1308 751 1400 plures
778 1307 1000 1398 elemosynas
1027 1309 1177 1378 facturus
1205 1308 1238 1376 in
1265 1318 1404 1399 gentem
1431 1326 1545 1376 meam
1572 1305 1651 1376 veni
1678 1313 1713 1374 et
1740 1304 1839 1375 obla-

352 1431 464 1499 tiones
492 1435 527 1496 et
553 1436 650 1508 vota,
704 1418 775 1494 ¹⁸in
810 1425 935 1516 quibus
967 1426 1170 1497 invenerunt
1203 1447 1259 1496 mc
1286 1425 1500 1518 purificatum
1527 1423 1736 1516 intemplo,
1770 1445 1839 1494 non

352 1571 429 1618 cum
459 1546 558 1616 turba
585 1547 698 1636 neque
731 1565 808 1614 cum
844 1545 1004 1628 tumultu,
1051 1539 1077 1584 ¹⁹
1093 1545 1233 1638 quidam
1270 1555 1385 1614 autem
1412 1563 1458 1613 ex
1485 1542 1568 1613 Asia
1594 1541 1721 1626 ludaei,
1750 1563 1839 1634 quos

354 1665 538 1759 oportebat
565 1664 659 1756 apud
686 1674 720 1733 te
747 1673 887 1755 praesto
916 1685 997 1734 esse
1024 1675 1060 1735 et
1086 1685 1262 1748 accusare,
1289 1664 1318 1734 si
1345 1662 1428 1755 quid
1455 1661 1624 1732 haberent
1650 1661 1838 1733 adversum

353 1807 432 1856 nre..
473 1776 500 1820 ²⁰
516 1783 592 1853 lut*
611 1783 644 1852 hi
671 1782 735 1874 ipsi
761 1781 877 1852 dicant
893 1783 934 1852 ‘si
960 1784 1043 1874 quid
1069 1785 1270 1854 invenerunt
1296 1782 1330 1850 in
1356 1801 1413 1852 me
1431 1779 1623 1873 iniqnitatis,
1652 1802 1730 1851 cum
1749 1791 1837 1851 stem

353 1907 386 1974 in
414 1902 572 1990 concilio,
616 1893 639 1938 ²¹
659 1900 724 1970 nisi
742 1900 796 1971 'de
824 1923 892 1972 una
925 1902 991 1972 hac
1024 1901 1245 1975 solummodo
1279 1921 1368 1972 voce
1395 1921 1463 1992 qua
1490 1899 1635 1970 clamavi
1661 1900 1749 1970 inter
1775 1921 1839 1971 cos

353 2033 460 2092 stans.
479 2020 640 2111 quoniam
675 2019 721 2089 de
755 2021 1007 2090 resurreetione
1041 2031 1254 2092 mortuorum
1287 2039 1356 2111 ego
1388 2019 1521 2090 iudicor
1548 2017 1652 2089 hodie
1680 2039 1701 2089 a
1727 2020 1837 2090 vobis.

352 2133 378 2178 ᾗ
395 2139 529 2210 Distulit
555 2147 670 2208 autem
696 2138 904 2224 illos'Felix,
933 2139 1124 2210 certissime
1151 2139 1264 2209 sciens
1295 2133 1358 2210 'de
1384 2138 1451 2218 via,
1479 2137 1598 2209 dicens
1625 2138 1709 2208 Cum
1728 2139 1837 2208 tribu-

353 2261 418 2328 n'us
450 2256 671 2328 descende-rit
703 2257 843 2348 Lysias,
886 2257 1023 2329 audiam
1056 2279 1137 2342 vos,
1193 2249 1397 2349 23iussitque
1437 2255 1626 2328 centurioni
1664 2257 1837 2328 custodire

353 2399 442 2460 eum,
471 2387 506 2446 et
532 2376 664 2446 habere
690 2375 855 2466 requiem,
882 2397 949 2446 nec
975 2396 1186 2468 quemquam
1209 2376 1394 2468 prohibere
1422 2375 1468 2446 de
1487 2376 1557 2446 suis
1583 2376 1776 2448 ministrare
1795 2377 1836 2446 ei.

261 2509 265 2520 ’
351 2485 377 2532 ²²
396 2495 484 2564 Post
510 2495 640 2585 aliquot
672 2501 787 2564 autem
822 2494 897 2582 dies
931 2494 1073 2565 veniens
1099 2494 1195 2564 Felix
1231 2495 1314 2565 cum'
1335 2495 1481 2566 Drusilla
1508 2494 1625 2566 uxore
1645 2516 1718 2579 sua,
1747 2517 1837 2588 quae

353 2623 427 2682 erat
454 2611 591 2695 ludaea,
620 2611 756 2681 vocavit
782 2611 922 2684 Paulum
955 2624 1000 2700 et¹
1023 2612 1153 2684 audivit
1184 2614 1228 2682 ab
1256 2635 1301 2684 eo
1335 2613 1439 2686 fidem
1467 2635 1557 2704 quae
1584 2624 1638 2685 est
1664 2614 1837 2684 inlesum

354 2731 536 2802 Christum:
580 2719 607 2764 ²³
624 2728 820 2822 disputante
848 2741 960 2802 autem
988 2733 1044 2803 illo
1073 2732 1118 2803 de
1145 2732 1270 2802 iustitia
1297 2732 1403 2802 etde
1431 2734 1586 2804 castitate
1613 2733 1720 2804 etde
1747 2732 1836 2804 iudi-

215 2925 221 2935 ,
353 2851 408 2920 cio
435 2851 563 2930 l'uturo,
597 2848 790 2918 timefactus
815 2849 913 2919 Felix
945 2849 1126 2943 respoudit
1153 2850 1256 2934 Quod
1283 2873 1373 2921 nuuc
1399 2853 1517 2924 attinet
1542 2851 1649 2934 vade,
1677 2861 1836 2944 tempore

352 2979 468 3042 autem
495 2975 666 3058 oportuno
693 2967 880 3038 amessiam
908 2977 955 3051 te;
999 2959 1138 3040 ²6simul
1164 2979 1200 3039 et
1226 2989 1372 3062 sperans
1406 2971 1485 3062 quia
1518 2971 1665 3064 pecunia
1697 2969 1837 3042 daretur

302 3173 309 3184 ι
353 3089 384 3157 ei
412 3111 433 3158 a
460 3085 584 3168 Paulo,
619 3084 883 3176 propterquod
911 3095 945 3156 et
971 3087 1168 3178 frequenter
1200 3088 1393 3158 arcessiens
1420 3111 1498 3160 eum
1526 3089 1731 3181 loquebatur
1758 3111 1835 3160 cum

352 3227 407 3276 eo.
452 3197 476 3240 ²⁷
494 3203 634 3273 Biennio
662 3213 776 3274 autem
804 3205 945 3296 expleto
973 3207 1107 3299 accepit
1131 3227 1372 3278 successorem
1390 3209 1487 3279 Felix
1504 3209 1662 3280 Porcium
1680 3209 1834 3279 Festum:

315 3357 322 3378 ι
351 3326 474 3396 voleus
500 3333 614 3394 autem
643 3323 786 3411 gratiam
815 3333 994 3416 praestare
1022 3324 1157 3398 ludaeis
1183 3326 1279 3397 Felix
1305 3327 1439 3418 reliquit
1466 3327 1606 3400 Paulum
1633 3327 1792 3400 vinctum.

1045 3599 1143 3670 XXV.

428 3797 580 3872 ¹Festus
601 3823 699 3892 ergo
733 3822 811 3870 curn
845 3802 997 3873 venisset
1034 3803 1067 3872 in
1098 3803 1326 3895 provinciam,
1369 3817 1450 3899 post
1489 3807 1638 3880 triduum
1679 3807 1836 3879 ascendit

351 3919 625 4011 Hierosolymam
660 3941 680 3989 a
713 3919 900 4003 Caesarea,
944 3911 1197 4013 ’odiorumque
1232 3943 1312 3993 eum
1345 3926 1517 4019 principes
1550 3927 1772 3998 sacerdotum
1800 3937 1835 3996 et

353 4037 452 4130 primi
478 4035 684 4108 ludaeorum
712 4038 881 4109 adversus
909 4039 1065 4124 Paulum,
1094 4051 1129 4111 et
1155 4042 1327 4133 rogabant
1353 4063 1432 4114 eum
1482 4039 1725 4139 ³postulantes
1751 4067 1833 4136 gra-

351 4157 433 4227 tiam
467 4156 654 4229 adversum
688 4177 782 4240 eum,
817 4167 853 4226 ut
887 4157 1023 4229 iuberet
1057 4160 1199 4252 perduci
1226 4181 1304 4230 eum
1332 4162 1563 4248 Hierusalem,
1590 4163 1730 4236 insidias
1757 4173 1834 4234 ten-

352 4275 477 4347 dentes
509 4287 546 4346 ut
579 4296 659 4346 eum
694 4273 924 4345 interficerent
965 4278 999 4346 in
1033 4278 1098 4349 via.
1157 4269 1305 4349 ‘Festus
1340 4290 1456 4352 autem
1490 4282 1670 4376 respondit
1703 4285 1834 4354 servari

351 4395 493 4465 Paulum
520 4395 553 4463 iu
581 4395 763 4477 Caesarea,
792 4415 832 4464 se
859 4403 975 4465 autem
1002 4398 1166 4469 maturius
1191 4397 1442 4491 proiecturum:
1487 4396 1584 4485 5Qui
1610 4419 1697 4492 ergo
1715 4402 1749 4472 in
1767 4423 1834 4474 vo-

351 4514 415 4597 bis,
443 4515 498 4597 ait,
525 4521 687 4605 potentes
713 4521 808 4596 suut,
843 4512 1097 4588 descendentes
1124 4519 1238 4601 simul,
1276 4518 1304 4587 si
1331 4518 1427 4610 quod
1454 4519 1566 4590 estin
1592 4520 1666 4592 viro
1694 4521 1834 4604 crimen,

352 4641 518 4704 accusent
552 4653 643 4702 eum.
696 4622 930 4703 ⁶Demoratus
963 4645 1077 4706 autem
1110 4637 1196 4708 iuter
1232 4658 1295 4710 eos
1330 4625 1406 4710 dies
1439 4658 1508 4710 non
1548 4621 1694 4732 amplius
1727 4659 1834 4730 quum

352 4761 432 4823 octo
459 4761 518 4824 aut
552 4751 675 4822 decem
711 4748 893 4821 descendit
927 4752 1152 4838 Caesaream,
1187 4759 1356 4828 etaltera
1383 4759 1441 4830 die
1467 4757 1559 4828 sedit
1583 4777 1648 4850 pro
1675 4757 1835 4832 tribunali

353 4879 388 4939 et
422 4869 518 4940 iussit
551 4871 693 4942 Paulum
727 4868 863 4941 adduci.
924 4864 1021 4954 ⁷Qui
1056 4893 1134 4942 cum
1166 4875 1355 4966 perductus
1390 4887 1499 4962 esset,
1537 4863 1858 4953 circumsteterunt*

351 5007 432 5058 eum
468 4990 526 5079 qui
562 4989 607 5061 ab
640 4987 880 5080 Hierosolyma
908 4988 1161 5077 descenderant
1186 4993 1317 5079 ludaei,
1346 4995 1468 5067 multas
1495 5005 1681 5086 etgraves
1708 5013 1834 5066 causas

352 5104 551 5192 obicientes,
580 5127 666 5200 quas
691 5127 761 5178 non
787 5115 946 5200 poterant
971 5107 1139 5198 probare,
1184 5103 1316 5184 8Paulo
1334 5123 1458 5186 'autem
1477 5115 1644 5186 rationem
1663 5112 1834 5185 reddente

389 5235 393 5244 '
868 5223 980 5309 XXIV,
1011 5229 1055 5297 l3
1087 5265 1130 5280 -
1160 5231 1259 5314 XXV,
1288 5235 1321 5302 8.
