4254 6130
347 351 418 426 tat
786 356 894 418 crasa
920 353 1072 422 acruun
1100 354 1379 419 arosroconuu
1411 329 1415 338 '

781 463 1005 471 —-—-—..————-
1012 461 1285 470 --.--—-——-—-
1296 459 1585 470 -—-..-—--a-..-—-.....
1594 463 1638 470 ...a
1672 464 1707 468 -...
1715 463 1762 470 ...a

348 563 530 656 quisquam
559 583 668 654 egens
695 571 771 632 erat
793 561 880 630 inter
907 560 1000 632 illos:
1030 569 1199 652 quotquot
1225 559 1317 632 enim
1335 580 1561 652 possessores
1587 581 1749 652 agrorum
1778 571 1835 631 aut

348 683 533 756 domorum
574 691 685 764 eraut,
727 680 919 752 vendentes
962 680 1165 752 adferebant
1205 681 1315 774 pretia
1356 701 1478 752 eorum
1512 703 1601 773 quae
1635 678 1834 750 vendebant

345 797 374 842 ³⁵
393 814 427 876 et
454 802 631 897 ponebant
657 809 734 870 ante
762 799 873 894 pedes
901 802 1159 892 apostolorum;
1188 799 1406 874 dividebatur
1433 809 1546 872 autem
1573 800 1715 894 singulis
1733 811 1834 893 prout

349 925 474 1016 cuique
502 944 591 1016 opus
625 931 706 992 erat.
757 911 920 1014 ³6loseph
955 932 1069 993 autem
1104 921 1162 1014 qui
1196 922 1459 1014 cognominatus
1492 917 1545 992 est
1575 922 1752 994 Barnabas
1788 922 1832 992 ab

351 1042 527 1138 apostolis,
555 1041 649 1134 quod
676 1051 729 1112 est
755 1041 1011 1134 interpretatum
1039 1040 1126 1112 filius
1153 1037 1413 1129 consolationis,
1441 1042 1568 1127 levites,
1598 1042 1743 1138 Cyprius
1769 1063 1832 1134 ge-

351 1185 450 1248 nere,
494 1155 520 1200 ³³
534 1184 612 1234 cum
638 1162 785 1234 baberet
811 1183 942 1253 agrum,
969 1161 1124 1234 vendidit
1150 1163 1241 1236 illum
1278 1174 1313 1234 et
1345 1163 1452 1234 attulit
1485 1163 1631 1256 pretium
1659 1173 1694 1233 et
1721 1164 1835 1256 posuit

352 1283 567 1376 antepedes
594 1283 839 1376 apostolormn.

1071 1559 1107 1628 V.

426 1761 440 1822 ·¹
461 1767 518 1838 Vir
544 1773 657 1837 autern
693 1763 841 1856 quidam·
867 1763 1003 1836 nomine
1035 1763 1208 1836 Annanias
1235 1787 1312 1836 cum
1340 1765 1487 1858 Sapbira
1519 1787 1630 1837 uxore
1657 1787 1720 1838 sua
1745 1788 1829 1838 ven-

356 1888 442 1962 didit
465 1907 606 1980 agrum,
649 1879 712 1956 let
744 1883 914 1958 fraudavit
946 1883 992 1954 de
1017 1883 1130 1976 pretio
1163 1887 1253 1977 agri,
1282 1887 1420 1957 conscia
1446 1907 1558 1956 uxore
1586 1907 1657 1971 sua,
1686 1888 1834 1958 atelle.

356 2031 436 2081 rens
463 2017 597 2101 partem
619 2004 793 2098 quandam
812 2003 857 2076 ad
874 2002 986 2096 pedes
1013 2005 1248 2097 apostolorum
1277 2007 1399 2100 posuit.
1444 1999 1562 2078 ³Dixit
1580 2018 1695 2079 autern
1713 2008 1833 2078 Petrus

355 2128 526 2213 Amana,
563 2148 624 2198 cur
656 2123 809 2198 temtavit
841 2133 977 2196 satanas
1011 2145 1073 2194 cor
1105 2133 1215 2210 tuum,
1249 2126 1392 2196 mentire
1427 2137 1462 2197 te
1496 2128 1626 2221 spiritui
1652 2139 1771 2200 sancto
1799 2137 1833 2200 et

357 2250 536 2324 fraudares
562 2247 607 2318 de
633 2245 744 2339 pretio
771 2243 870 2336 agri‘l
921 2231 1069 2316 *Nonne
1095 2267 1238 2316 manens
1264 2246 1324 2316 tibi
1351 2247 1514 2318 manebat
1541 2257 1575 2317 et
1600 2249 1831 2322 venundatum

356 2373 390 2442 in
424 2381 481 2442 tua
516 2377 590 2440 erat
621 2367 818 2460 potestate?
854 2365 968 2450 Quare
994 2365 1138 2459 posuisti
1165 2366 1198 2435 in
1225 2367 1332 2439 corde
1360 2378 1418 2438 tuo
1445 2367 1534 2439 banc
1560 2371 1659 2439 rem‘l
1679 2369 1767 2446 ¹Non
1794 2381 1836 2442 cs'

358 2491 517 2564 mentitus
543 2486 738 2558 hominibus
766 2485 830 2558 sed
856 2485 934 2558 deo.
986 2479 1170 2558 ⁵Audiens
1196 2493 1310 2558 autern
1332 2487 1506 2560 Annanias
1533 2489 1621 2560 baec
1637 2489 1745 2560 verba
1771 2511 1831 2560 ce-

358 2611 439 2684 cidit
465 2619 500 2680 et
525 2601 722 2700 ‘expiravit
774 2607 817 2678 Et
843 2607 950 2678 lactus
977 2615 1030 2678 est
1056 2607 1157 2678 timor
1183 2630 1328 2700 magnus
1354 2609 1388 2678 in
1415 2629 1536 2679 omnes
1563 2609 1622 2701 qui
1637 2609 1830 2681 audierant:
1878 2619 1880 2624 ’

357 2725 570 2822 ⁶surgentes
597 2735 711 2800 autem
738 2727 879 2798 iuvenes
903 2738 1109 2813 ⁴amoverunt
1135 2749 1213 2800 eum
1241 2739 1276 2800 et
1302 2729 1483 2800 efferentes
1510 2729 1716 2822 sepelierimt
1742 2751 1831 2800 eum,

357 2845 528 2922 qFactum
556 2856 609 2920 est
635 2856 749 2920 autem
778 2847 875 2940 quasi
902 2846 1064 2920 horarum
1092 2849 1192 2920 trium
1225 2850 1369 2944 spatium
1398 2859 1433 2919 et
1458 2869 1548 2920 uxor
1574 2851 1648 2922 eius
1674 2851 1832 2924 nesciens

359 2971 455 3066 quod
480 2973 605 3040 lactum
633 2969 742 3040 suerat
767 2967 900 3040 introiit.
951 2959 1208 3062 ⁸llesp0ndens
1235 2980 1350 3042 autem
1376 2971 1408 3041 ei
1439 2969 1559 3041 Petrus
1585 2970 1646 3042 Dic
1672 2970 1770 3055 mibi,
1804 2970 1832 3042 si

359 3094 442 3164 tanti
475 3111 595 3182 agrum
627 3087 852 3162 vendidistis?
885 3088 929 3158 At
961 3089 1015 3160 illa
1050 3089 1136 3162 dixit
1168 3090 1277 3162 Etiam
1309 3091 1399 3162 tanti.
1457 3081 1608 3162 ⁹Petrus
1640 3101 1755 3163 autem
1787 3091 1832 3162 ad

360 3233 438 3286 eam
466 3210 557 3296 Quid
595 3209 710 3302 utiquc
741 3208 899 3280 convenit
937 3209 1037 3282 vobis
1069 3209 1214 3282 temtar‘e
1246 3209 1400 3303 spiritum
1427 3209 1580 3282 dominil
1606 3212 1697 3284 Ecce
1722 3212 1833 3306 pedes
1905 3276 1910 3286 .

361 3354 481 3406 eorum
509 3329 566 3424 qiu
599 3330 806 3423 sepelierunt
839 3330 950 3400 virum
977 3338 1071 3402 tuum
1097 3331 1143 3402 ad
1170 3329 1312 3414 ostium,
1339 3339 1374 3400 et
1400 3329 1543 3402 efferent
1569 3343 1611 3402 tc.
1664 3324 1691 3370 ¹⁰
1709 3333 1832 3404 Conle-

361 3454 438 3526 stim
466 3450 590 3522 cecidit
616 3461 694 3524 ante
721 3449 832 3544 pedes
859 3450 932 3524 eius
959 3458 995 3524 et
1021 3451 1225 3545 exspiravit:
1252 3450 1416 3522 intrantes
1443 3461 1556 3523 autem
1575 3453 1718 3526 iuvenes
1734 3455 1832 3526 inve-

202 3616 203 3624 *
274 3659 278 3670 ,
360 3582 483 3648 uerunt
507 3572 599 3642 illam
625 3580 805 3656 mortuam,
833 3581 867 3644 et
893 3571 1086 3644 extulerunt
1112 3570 1379 3664 etsepelierunt
1405 3569 1585 3644 advirum
1612 3593 1720 3644 suum.
1754 3565 1834 3642 ”Et

363 3696 470 3766 lactus
497 3701 550 3764 est
575 3691 677 3762 timor
702 3712 847 3784 magnus
872 3691 907 3762 in
932 3691 1090 3764 universa
1116 3691 1264 3764 ecclesia
1298 3701 1333 3762 et
1358 3691 1391 3761 in
1427 3711 1548 3764 omnes
1574 3693 1632 3785 qui
1657 3691 1833 3764 audierant

361 3816 458 3888 baec.
511 3803 536 3850 ¹²
552 3812 620 3884 Per
646 3831 766 3882 manus
793 3819 906 3882 autem
933 3812 1167 3906 apostolorum
1193 3811 1323 3884 fiebant
1349 3811 1448 3904 sigua
1475 3821 1510 3882 et
1542 3811 1701 3905 prodigia
1727 3811 1831 3882 multa

362 3935 397 4006 in
422 3933 541 4028 plebe:
569 3943 605 4004 et
630 3940 728 4004 erant
751 3929 952 4004 unanimiter
978 3953 1099 4004 omnes
1125 3933 1159 4003 in
1185 3931 1318 4025 porticu
1343 3931 1552 4018 Salomonis;
1594 3921 1620 3968 ¹³
1636 3942 1831 4004 ceterorum

364 4062 478 4126 autem
503 4073 608 4128 nemo
634 4050 785 4124 audebat
810 4071 849 4122 se
876 4052 1086 4144 coniungere
1111 4052 1189 4136 illis,
1222 4052 1287 4124 sed
1312 4051 1553 4145 magnificabat
1579 4071 1642 4122 eos
1666 4053 1831 4146 populus:

363 4165 390 4210 ¹*
406 4173 518 4266 magis
550 4182 663 4246 autem
697 4170 888 4264 augebatur
921 4171 1130 4244 credentium
1163 4172 1197 4244 in
1230 4171 1370 4244 domino
1404 4170 1581 4244 multitudo
1614 4173 1765 4244 virorum
1791 4193 1833 4241 ac

364 4295 560 4380 mulierum,
604 4284 631 4330 ⁴⁵
647 4293 693 4364 ita
726 4300 761 4364 ut
794 4290 974 4384 inpletais
1009 4293 1160 4364 eicerent
1189 4290 1342 4364 infirmos
1376 4303 1410 4364 et
1444 4301 1612 4388 ponerent
1643 4294 1677 4363 in
1702 4291 1833 4364 lectulis
1913 4311 1915 4317 ·

365 4425 400 4486 et
425 4414 591 4508 grabattis
618 4423 654 4483 ut
679 4412 838 4484 veniente
864 4410 967 4484 Petro
995 4411 1105 4484 saltim
1129 4411 1252 4484 umbra
1276 4412 1362 4484 illius
1381 4415 1604 4486 obumbraret
1626 4433 1833 4506 quemquam

365 4556 496 4620 corum,
524 4543 559 4604 et
582 4531 816 4618 liberabantur
842 4531 887 4602 ab
913 4531 1113 4604 infirmitate.
1158 4523 1184 4568 ⁴⁶
1201 4533 1434 4606 Concurrebat
1459 4543 1574 4606 autem
1595 4543 1630 4604 et
1656 4531 1834 4602 multitudo
1896 4565 1897 4568 ¹
1924 4567 1926 4575 ι

364 4655 551 4728 vicinarum
578 4651 750 4724 civitatum
777 4652 997 4737 Hierusalem,
1025 4651 1219 4726 adferentes
1246 4674 1351 4746 egros
1385 4663 1419 4724 et
1454 4664 1599 4726 vexatos
1630 4651 1675 4723 ab
1709 4650 1833 4744 spiriti-

364 4775 430 4847 bus
456 4773 642 4858 inmundis;
669 4772 727 4866 qui
753 4771 959 4844 curabantur
985 4794 1114 4844 omnes.
1167 4764 1192 4808 ’Ὗ
1209 4773 1409 4866 Exsurgens
1443 4784 1557 4846 autem
1588 4772 1749 4866 princeps
1775 4791 1833 4842 aa·

367 4896 546 4970 cardetum
573 4904 607 4966 et
633 4915 755 4966 omnes
781 4893 942 4988 quicum
968 4893 1025 4964 illo
1052 4903 1157 4978 erant,
1185 4915 1274 4986 quae
1301 4903 1355 4966 est
1380 4893 1514 4966 heresis
1538 4891 1833 4970 Sadducaeorum,

367 5017 489 5109 repleti
514 5025 592 5090 sunt
618 5017 692 5088 zelo
741 5006 766 5052 ⁴⁸
779 5025 814 5087 et
845 5013 1032 5086 iniecerunt
1066 5035 1187 5088 manus
1218 5014 1252 5086 in
1284 5016 1460 5109 apostolos
1486 5023 1527 5088 et
1547 5019 1735 5114 posuerunt
1759 5009 1834 5079 illos

368 5137 401 5208 in
428 5135 584 5210 custodie
610 5135 753 5230 publica.
799 5127 824 5172 ¹⁹
835 5133 986 5227 Angelus
1012 5144 1125 5207 antem
1152 5134 1281 5207 domini
1306 5157 1369 5230 per
1386 5145 1524 5207 noctem
1541 5133 1700 5228 aperiens
1716 5131 1834 5202 ianuas

929 5255 975 5340 lv,
1005 5257 1052 5326 35
1086 5295 1124 5308 -
1156 5257 1191 5338 V,
1225 5257 1278 5325 ta.
