4102 6128
223 455 232 476 ··
361 435 439 483 xvm

962 415 1243 482 ruousoonffluh
1367 421 1370 426 '

585 521 712 529 ..ψ-..-
754 522 785 537 p.
848 523 883 528 .—-
1006 525 1148 532 —...--..
1341 525 1346 528 -
1384 524 1443 530 -..-.-
1460 524 1558 530 ..-....
1584 525 1600 530 -
1641 527 1660 532 -
1701 527 1831 534 ........-....

459 620 639 692 Textum
668 631 782 692 nutem
809 619 1004 691 universum
1031 643 1134 714 444444
1161 622 1418 714 diligentissime
1445 621 1491 693 ad
1518 621 1674 693 codicem
1701 623 1838 694 conion-

366 741 548 812 mavimus:
583 761 649 812 nec
682 740 980 833 orthographiam,
1015 743 1172 833 quamvis
1206 763 1332 834 magua
1358 741 1584 814 inconstantia
1609 742 1764 828 laboret,
1792 763 1838 814 ex

365 861 504 932 arbitrio
538 863 752 934 mutavimus.
812 862 942 932 Tamen
982 861 1093 932 minus
1129 872 1222 933 recte
1256 863 1325 934 hoo
1360 863 1485 933 secisse
1516 862 1710 934 videbimur
1742 863 1836 954 quod

366 982 628 1054 emendationes
655 1003 742 1075 quas
769 981 1003 1073 antiquissima
1031 983 1197 1076 scriptura
1224 983 1334 1068 subiit,
1363 983 1437 1055 sive
1464 982 1745 1075 orthographiam
1764 982 1836 1052 sive

365 1102 475 1194 ipsam
502 1101 682 1173 lectionem
702 1103 913 1196 spectabant,
942 1100 1049 1172 modo
1076 1103 1271 1196 recepimus
1288 1103 1394 1175 modo
1412 1123 1482 1174 non
1499 1103 1704 1196 recepimus.
1738 1102 1837 1172 Cuius

368 1222 417 1291 rei
451 1222 539 1294 haec
573 1243 698 1293 caussa
733 1232 822 1307 erat,
858 1221 953 1315 quod
986 1221 1020 1290 in
1046 1223 1200 1314 paranda
1232 1224 1298 1295 hac
1324 1215 1505 1315 editione¹l
1532 1243 1602 1294 non
1629 1222 1735 1293 medo
1763 1223 1837 1292 usui

367 1341 483 1411 critico
517 1339 581 1411 sed
612 1337 715 1412 etia'm
749 1342 934 1434 legentium
968 1342 1203 1414 commoditati
1234 1344 1481 1416 considendum
1513 1343 1702 1415 videbatur.
1754 1342 1837 1411 llinc

366 1461 466 1552 igetur
491 1462 616 1532 lactum
643 1472 697 1532 est
723 1472 759 1532 ut
784 1471 1019 1532 correctorem
1045 1483 1271 1554 sequeremur
1295 1463 1380 1534 locis
1407 1463 1518 1534 multis
1545 1463 1667 1555 quibus
1693 1461 1748 1531 vel
1775 1483 1838 1554 per

366 1601 519 1651 errorem
547 1581 674 1673 aliquid
699 1583 980 1674 praetermissum
1007 1603 1087 1652 esse
1114 1583 1329 1654 manifestum
1356 1575 1493 1675 esseti),
1527 1583 1584 1654 vel
1617 1592 1748 1652 temere
1775 1583 1836 1650 ali-

366 1701 447 1794 quid
475 1695 730 1796 discreparet³l‚
758 1704 814 1774 vel
840 1723 911 1772 nen
937 1702 1011 1772 sine
1037 1701 1106 1772 vitii
1133 1702 1329 1796 suspicione
1355 1702 1483 1794 aliquid
1500 1703 1547 1774 ita
1565 1703 1727 1795 scriptum
1745 1711 1836 1773 esset

366 1833 401 1892 ut
426 1823 544 1892 lectori
570 1843 640 1893 non
667 1833 786 1916 posset
809 1844 879 1893 non
908 1821 1088 1892 molestum
1116 1813 1240 1914 essell.
1279 1822 1320 1892 lli
1346 1823 1412 1893 loci
1430 1821 1583 1915 plerique
1601 1844 1622 1892 4
1640 1832 1837 1894 correctore
1882 1919 1886 1926 '

365 1943 447 2013 satis
475 1942 615 2033 antiquo
643 1943 775 2013 tractati
801 1953 896 2025 sunt;
929 1941 1078 2011 nonnulli
1097 1943 1172 2035 ipsa
1197 1942 1307 2034 prima
1324 1963 1427 2013 manu
1444 1943 1499 2013 vel
1517 1952 1611 2013 eerte
1632 1943 1766 2035 aequali
1784 1945 1835 2013 vi-

365 2061 490 2132 dentur
508 2062 661 2131 correcti.
688 2060 827 2155 Aliquot
839 2083 924 2133 vero
942 2062 1018 2146 loci,
1037 2062 1161 2131 nullam
1180 2061 1456 2133 emendationem
1475 2063 1609 2157 experti
1627 2085 1835 2156 quamquam

365 2181 543 2252 manifesto
570 2181 626 2250 vel
651 2182 764 2251 manci
788 2181 843 2252 vel
870 2181 996 2266 vitiosi,
1032 2181 1079 2252 ita
1111 2181 1300 2272 comparati
1327 2191 1423 2252 erant
1449 2191 1486 2252 ut
1511 2183 1576 2276 ipsi
1603 2195 1834 2254 correctorem

365 2293 589 2392 ageremus5).
643 2301 795 2383 Quorum
823 2301 963 2393 quidem
989 2301 1140 2394 omnium
1167 2300 1247 2370 nihil
1273 2299 1460 2392 quidquam
1486 2302 1518 2370 in
1546 2311 1679 2372 textum
1705 2303 1835 2374 aduris·
1894 2279 1897 2286 ¹

450 2627 476 2704 l)
499 2625 595 2687 Aliter
620 2627 734 2687 laetum
756 2635 804 2687 est
824 2629 856 2688 in
879 2627 1065 2690 editionibus
1092 2629 1169 2690 mois
1198 2625 1311 2688 codicis
1339 2627 1512 2710 Ephraemi,
1536 2631 1685 2712 evangelii
1707 2630 1834 2692 Palatini

361 2725 553 2809 aliorumque
575 2737 840 2790 monumentorum
863 2749 1030 2793 sacrorum.

433 2847 476 2934 19)
498 2847 541 2906 lta
563 2849 602 2908 Lc
624 2849 652 2927 6,
677 2847 726 2908 37.
756 2845 898 2912 dimittite
920 2860 951 2912 et
973 2848 1159 2912 dimittimini
1181 2847 1233 2909 loh
1256 2848 1290 2928 7,
1314 2849 1363 2909 40.
1386 2849 1479 2912 turba
1503 2851 1603 2930 0446,
1626 2853 1676 2913 95.
1699 2851 1730 2911 in
1752 2847 1835 2912 disce

361 2947 411 3009 loh
437 2948 485 3027 40,
510 2949 557 3008 46.
581 2958 611 3010 44
631 2968 738 3011 vocem
761 2967 861 3013 meam
884 2949 1010 3014 audient
1031 2949 1084 3012 lob
1104 2951 1155 3014 94.
1178 2951 1208 3010 8.
1231 2951 1388 3014 trabentes
1411 2961 1477 3014 rete
1498 2953 1629 3032 piscium
1655 2953 1667 3013 l
1695 2951 1736 3016 Co
1758 2956 1787 3032 5,
1805 2953 1833 3012 9.

361 3051 467 3112 -cariis
488 3067 549 3111 non
570 3052 677 3133 utique
700 3053 795 3117 lorni·
813 3053 880 3134 Eph
908 3056 939 3134 l,
964 3055 1013 3116 44.
1037 3049 1207 3174 secundpm
1236 3055 1255 3113 9
1284 3054 1326 3116 Co
1349 3055 1383 3133 3,
1411 3057 1439 3116 e.
1472 3055 1598 3134 spiritus
1625 3065 1727 3117 autem
1757 3055 1835 3116 vivi-

359 3189 438 3248 ticat.
481 3187 557 3248 ltem
579 3187 631 3249 loh
653 3189 682 3266 9,
705 3189 755 3248 94.
777 3168 919 3269 quom0⁶⁰
940 3191 1050 3270 48,40.
1068 3186 1364 3270 portucalensis.
1378 3147 1556 3254 4444440444
1582 3190 1635 3270 47,
1658 3193 1707 3254 30.
1729 3185 1834 3253 ubive,

446 3303 475 3387 3)
497 3307 536 3368 Ut
559 3308 570 3366 l
600 3306 641 3368 Co
667 3306 715 3385 44,
738 3307 767 3366 8.
791 3306 831 3370 de
858 3309 949 3372 turba
970 3327 1029 3390 pro
1057 3305 1110 3370 det
1137 3305 1212 3372 tuba
1237 3309 1321 3396 ¹llam
1350 3311 1399 3389 44,
1431 3311 1478 3372 ll.
1508 3307 1617 3372 dilecte
1645 3329 1702 3391 pre
1725 3305 1832 3372 delicte

360 3409 480 3489 Philipp
504 3411 532 3486 l,
557 3407 605 3470 47.
628 3409 796 3470 orationem
818 3429 875 3492 pro
902 3412 1051 3474 rationem
1079 3411 1167 3492 Apoc
1193 3411 1223 3489 44,
1246 3413 1274 3472 6.
1296 3429 1408 3474 corona
1429 3431 1485 3493 pro
1507 3431 1622 3474 cornua
1644 3412 1709 3474 lleb
1734 3413 1781 3492 49,
1804 3413 1831 3472 9.

361 3511 412 3572 ubi
435 3513 534 3590 prima
555 3529 649 3574 manu
670 3512 817 3574 omissum
840 3523 908 3576 erat
928 3531 999 3576 non.
1043 3515 1119 3576 item
1140 3515 1172 3574 in
1194 3512 1356 3578 brevibus:
1383 3517 1394 3576 l
1422 3517 1463 3578 Ge
1486 3517 1547 3576 Xll.
1571 3516 1685 3578 arescit
1705 3534 1761 3596 pro
1784 3531 1832 3574 ar-

360 3614 433 3676 serit
455 3613 524 3676 LVI.
547 3615 657 3676 ceteris
681 3632 737 3694 pre
761 3613 801 3676 de
829 3615 993 3678 heresibus
1022 3618 1033 3677 4
1070 3615 1166 3677 Thess
1194 3617 1228 3677 ll.
1259 3615 1414 3678 edendum
1443 3637 1497 3698 pro
1526 3616 1724 3680 eredendum.
1768 3617 1833 3678 lluc

359 3714 515 3795 pertinent
542 3717 633 3778 etiam
663 3717 683 3776 ii
705 3718 761 3778 loci
791 3716 843 3778 ubi
866 3727 1074 3780 correctorem
1096 3719 1193 3780 secuti
1215 3737 1322 3782 sumus
1344 3720 1375 3780 in
1397 3721 1634 3800 transpositione
1657 3719 1830 3796 verberum,

359 3827 393 3879 ut
414 3815 454 3879 llt
475 3817 527 3896 94,
550 3819 578 3878 5.
601 3817 696 3879 silium
718 3817 885 3900 subiugalis
906 3819 964 3883 Act
986 3822 1014 3899 4,
1037 3819 1088 3881 97.
1112 3830 1324 3882 convenerunt
1352 3821 1442 3898 enim,
1473 3839 1534 3882 non
1564 3822 1645 3882 eninr
1678 3839 1832 3882 convene-

360 3927 431 3980 runt
454 3916 607 3982 edidimus
632 3922 643 3980 l
673 3919 715 3983 Co
741 3921 788 3999 44,
810 3923 861 3985 99.
884 3925 915 3984 in
938 3923 1061 4004 signum
1083 3931 1163 4001 sunt,
1185 3939 1246 3983 non
1267 3924 1298 3986 iu
1320 3933 1393 3986 sunt
1424 3923 1544 4003 signum
1570 3921 1634 3983 lleb
1662 3924 1690 4001 9,
1715 3922 1763 3984 47.
1786 3931 1832 3982 44-

360 4027 547 4082 sternentem
570 4018 661 4101 enim,
684 4024 849 4085 nonenim
872 4033 1101 4104 testamentum,
1123 4033 1180 4086 ete.
1224 4023 1312 4087 Locis
1333 4025 1482 4087 eiusmodi
1507 4023 1650 4105 pluribus
1671 4023 1832 4106 probabile

359 4128 407 4182 est
428 4133 584 4186 auctorem
607 4124 723 4212 codicis
745 4145 779 4190 se
801 4127 902 4207 ipsum
924 4129 1106 4190 correxisse.

349 4313 357 4322 ‚
447 4245 472 4318 4)
496 4245 533 4306 Ut
554 4243 613 4308 444
635 4243 686 4324 97,
708 4247 738 4306 9.
763 4245 850 4306 *Bini
871 4254 989 4326 portus,
1012 4245 1119 4306 ”Beni
1140 4255 1250 4328 portus
1273 4249 1284 4308 4
1313 4247 1354 4308 Co
1379 4249 1427 4326 ll,
1458 4248 1485 4308 l.
1509 4245 1698 4327 *prophetis
1721 4253 1831 4326 “pro-

359 4345 493 4426 phetetis
516 4350 556 4410 Lc
578 4347 628 4426 94,
653 4349 680 4408 4.
704 4355 762 4409 *ex
785 4345 975 4410 abundantia
997 4346 1069 4426 sibi,
1092 4355 1168 4412 ”ex
1190 4347 1357 4410 abundanti
1380 4347 1439 4410 sibi
1460 4347 1518 4411 Act
1540 4350 1588 4428 44,
1610 4349 1660 4410 36.
1681 4359 1752 4428 post
1778 4346 1832 4408 ali-

359 4475 435 4546 quot
468 4475 572 4528 autem
600 4465 668 4528 dies
695 4464 774 4530 dixit
803 4477 906 4530 autem
930 4468 984 4547 45,
1013 4467 1063 4532 99.
1101 4467 1322 4546 *Barsabbam,
1365 4467 1573 4531 ”Barsebbas
1604 4469 1701 4548 Gapp.
1732 4469 1831 4528 Lucae

359 4569 512 4630 Lxxxvl.
535 4568 805 4650 *praegnantibus
827 4570 1116 4650 ”praegnantibus

445 4688 473 4766 5)
496 4687 539 4748 lta
561 4688 601 4748 Lc
624 4688 653 4767 5,
676 4688 705 4748 3.
727 4706 795 4750 eum
818 4685 960 4750 dedimus
988 4708 1044 4770 pro
1072 4700 1172 4752 autem
1197 4693 1245 4768 48,
1273 4689 1301 4750 7.
1324 4687 1364 4750 ad
1392 4709 1425 4750 se
1447 4707 1504 4769 pro
1526 4707 1563 4751 ae
1588 4707 1623 4752 se
1647 4691 1696 4768 90,
1718 4690 1768 4750 93.
1791 4685 1832 4748 nd

359 4808 414 4850 eos
436 4807 492 4869 pro
515 4807 569 4850 eos
600 4790 650 4868 94,
677 4791 726 4850 48.
754 4807 809 4850 vos
834 4807 892 4869 pro
920 4811 958 4852 vo
986 4791 1037 4852 lob
1063 4793 1113 4872 94,
1143 4794 1171 4853 3.
1203 4810 1314 4854 navem
1343 4809 1399 4871 pre
1424 4800 1544 4852 nectem
1565 4787 1623 4852 Act
1644 4791 1694 4870 94,
1718 4793 1767 4852 40.
1792 4810 1830 4850 ex

358 4909 415 4972 pro
440 4897 472 4951 ot
492 4889 566 4951 Rom
593 4891 640 4968 46,
664 4893 691 4952 9.
725 4889 855 4954 44444444
883 4913 941 4974 pro
969 4893 1067 4956 salute
1092 4896 1104 4955 l
1133 4895 1175 4957 Co
1200 4895 1249 4973 44,
1274 4895 1322 4956 46.
1349 4911 1422 4954 vero
1450 4894 1594 4974 provino
1622 4893 1641 4951 9
1665 4893 1706 4956 Co
1730 4893 1757 4970 5,
1784 4891 1830 4950 45.

267 5001 275 5016 ·
359 4994 466 5055 vivunt
488 5011 544 5073 pro
566 4995 652 5055 viunt
674 4993 726 5056 Col
747 4995 777 5074 9,
805 4995 855 5056 99.
879 4993 1052 5058 secundum
1080 5015 1137 5077 pro
1165 5013 1271 5058 secum
1302 4997 1313 5055 4
1342 4995 1407 5055 Tim
1435 4997 1464 5073 6,
1489 4997 1517 5056 4.
1545 5011 1665 5075 pugnas
1691 5011 1747 5074 pro
1775 5009 1831 5074 pu-

358 5113 456 5175 gnans
479 5098 497 5158 3
520 5095 571 5158 loh
594 5097 622 5156 9.
646 5115 752 5177 gerere
775 5115 831 5176 pro
855 5115 971 5178 genere
995 5101 1006 5160 4
1036 5099 1132 5160 Thess
1152 5100 1180 5177 5,
1203 5099 1252 5158 44.
1276 5097 1422 5178 suscipite
1444 5096 1580 5159 infirmos
1603 5115 1661 5178 pro
1682 5113 1762 5158 suso.
1783 5095 1831 5154 in-

359 5195 475 5262 firmus.
510 5195 711 5262 accusativus
732 5200 763 5260 in
786 5217 824 5262 us
844 5217 901 5280 pro
923 5217 958 5262 os
980 5200 1149 5280 aliquoties,
1170 5198 1309 5281 inprimis
1330 5199 1362 5261 in
1387 5199 1527 5282 capitulis
1556 5197 1766 5279 similibusque
1787 5197 1831 5258 lo·

357 5299 401 5360 eis
422 5300 540 5381 positus
562 5309 618 5363 est.
642 5300 762 5381 Ubique
785 5299 868 5362 edidi
892 5319 936 5379 os,
959 5319 997 5363 us
1019 5302 1050 5362 in
1071 5299 1171 5363 indice
1192 5303 1301 5382 posito.
