4220 6124
806 313 988 400 ererum
1012 336 1065 400 nn
1087 333 1276 399 somnos
1707 333 1781 406 253

292 564 420 616 nomen
446 563 562 612 meum
589 543 624 612 in
650 543 810 614 universa
835 551 940 614 terra.
982 532 1008 578 ¹⁸
1021 531 1071 590 (Ἠ)
1088 541 1185 633 Ergo
1203 540 1301 612 cuins
1318 542 1392 612 vult
1407 541 1597 625 miseretur,
1625 551 1661 612 et
1678 561 1782 634 quem

292 665 364 736 vult
389 661 534 734 indurat.
587 655 718 734 ¹⁹Dicis
744 662 861 755 itaque
888 662 970 733 mihi
997 661 1089 747 Quid
1116 659 1234 734 adhue
1265 662 1466 754 quaeritur?
1499 663 1666 734 voluntati
1691 662 1784 734 enim

294 785 368 856 eins
395 782 471 876 quis
497 781 651 854 resistit?
694 775 767 854 ²⁰0
794 782 912 868 homo,
940 793 977 854 tu
1003 782 1080 875 quis
1106 803 1148 853 es
1176 781 1234 874 qui
1251 783 1469 878 respondeas
1488 781 1583 854 deo?
1600 764 1784 876 ¹Numquid

273 905 376 977 'dicit
401 903 602 996 figmentum
634 903 752 996 siqui
786 925 825 974 se
851 901 950 974 finxit
975 904 1069 988 Quid
1100 923 1160 973 me
1191 901 1302 974 iecisti
1332 904 1408 976 sie?
1460 894 1484 940 ²⁴
1503 901 1558 974 An
1582 903 1786 974 nonhabet

294 1033 504 1118 potestatem
530 1023 655 1118 figulus
679 1024 738 1095 luh'
763 1045 812 1094 ex
838 1023 965 1096 eadem
991 1045 1110 1097 massa
1142 1024 1261 1094 lasere
1294 1025 1375 1096 aliut
1401 1004 1541 1117 qbidem
1566 1040 1630 1095 vas
1655 1023 1689 1092 in
1715 1023 1783 1094 ho-

294 1167 426 1230 norem,
454 1145 535 1217 aliut
560 1167 647 1217 vero
673 1145 708 1216 in
734 1146 1001 1217 contumeliam?
1052 1136 1078 1182 ²²
1091 1133 1145 1191 (ω)
1161 1143 1265 1228 Quod
1292 1144 1321 1216 si
1348 1145 1469 1216 volens
1487 1145 1577 1217 deus
1595 1143 1783 1216 ostendere

295 1267 380 1338 iram
407 1275 442 1337 et
467 1275 585 1338 notam
619 1268 736 1338 lacere
769 1267 958 1358 potentiam
992 1285 1092 1336 snam
1125 1264 1283 1337 sustinuit
1314 1267 1350 1336 in
1375 1266 1481 1336 multa
1508 1265 1670 1358 patientia
1697 1285 1783 1336 vasa

295 1387 367 1456 irae
394 1379 530 1480 'aptata
563 1388 598 1458 in
623 1386 811 1470 interitum,
862 1377 889 1424 ²³
906 1395 942 1457 ut
967 1383 1170 1457 ostenderet
1195 1384 1332 1457 divitias
1367 1385 1498 1477 glorias
1525 1407 1610 1456 suae
1635 1384 1670 1454 in
1694 1405 1783 1456 vasa

295 1505 563 1592 misericordiae,
591 1527 682 1599 quas
708 1505 930 1599 praeparavit
954 1506 988 1576 in
1015 1504 1179 1597 gloriam,
1227 1495 1254 1544 ²⁶
1270 1527 1362 1598 quos
1394 1483 1431 1576 et
1458 1507 1595 1577 vocant
1620 1527 1685 1576 nos
1710 1525 1783 1576 non

296 1627 406 1700 solnm
433 1649 479 1698 ex
505 1627 642 1700 ludaeis
667 1625 734 1697 sed
761 1624 864 1696 etiam
890 1646 939 1695 ex
965 1624 1143 1717 gentibus;
1195 1618 1223 1664 ²⁵
1239 1626 1328 1698 siout
1358 1625 1393 1695 in
1420 1625 1513 1698 Osee
1546 1625 1627 1698 dicit
1652 1626 1781 1698 Voeavi

294 1769 364 1817 nnn
389 1747 529 1840 plebem
555 1767 671 1817 meam
696 1745 836 1839 plebem
862 1765 979 1816 meam
1006 1755 1042 1816 et
1066 1768 1137 1817 non
1164 1745 1438 1818 miseridordiam
1465 1755 1687 1820 oonseontam
1714 1746 1780 1816 mi-

296 1865 522 1940 sericordiam
556 1875 794 1950 consecutam,
845 1857 871 1903 ’ὓ
888 1875 924 1937 et
957 1865 1022 1936 erit
1053 1865 1093 1952 in*
1120 1867 1201 1938 loeo
1237 1866 1297 1938 ubi
1330 1865 1460 1939 dietum
1491 1877 1547 1939 est
1576 1868 1654 1939 Non
1679 1867 1781 1961 plebs

296 2007 375 2077 mea
409 2009 488 2072 vos,
524 1987 572 2058 ibi
604 1974 819 2058 vocabuntur
852 1986 910 2056 lilii
944 1985 1000 2057 dei
1032 1986 1112 2058 vivi.
1163 1977 1254 2034 Μ’)
1271 1986 1394 2059 Esaias
1420 1995 1534 2060 antem
1563 1989 1690 2060 elamat
1714 2009 1779 2080 pro

253 2093 261 2108 ’
295 2107 424 2178 israhel
450 2107 486 2177 Si
511 2108 611 2178 inerit
636 2127 799 2177 numerus
824 2105 1127 2178 filiorumlsrahel
1145 2097 1322 2200 tamquam
1349 2127 1455 2178 arena
1472 2109 1587 2193 maris,
1613 2107 1780 2200 reliquiae

296 2228 415 2298 salvae
441 2227 540 2298 fient:
584 2218 770 2298 28uerbum
796 2227 889 2298 enim
916 2247 1162 2300 consummans
1188 2238 1224 2302 et
1248 2227 1412 2300 brevians
1439 2228 1671 2322 inaequitate,
1699 2228 1779 2320 quia

296 2347 442 2420 verbum
479 2347 672 2418 breviatum
710 2326 812 2418 faciet
853 2346 1013 2419 dominus
1047 2369 1153 2442 snper
1184 2359 1340 2440 terram„
1375 2340 1455 2420 ”nt
1488 2349 1574 2421 sicut
1588 2343 1590 2356 ⁴
1606 2347 1779 2442 praedixit

295 2467 415 2538 Esaias
440 2467 512 2540 Nisi
538 2468 697 2540 dominus
723 2467 878 2538 Sabaoth
903 2467 1098 2561 reliquisset
1123 2469 1224 2540 nobis
1251 2489 1382 2554 semen,
1410 2469 1497 2541 siem
1519 2469 1675 2541 Sodoma
1700 2469 1779 2540 laeti

296 2607 455 2658 essemus
481 2597 517 2658 et
542 2587 630 2660 siout
656 2587 826 2659 Gomorra
852 2587 982 2659 similes
1006 2589 1200 2660 fuissemus.
1252 2582 1279 2628 ³⁰
1293 2580 1345 2638 Μ)
1365 2589 1457 2676 Quid
1481 2612 1567 2684 ergo
1594 2589 1777 2662 disemus?

297 2707 391 2800 qnod
422 2717 546 2800 gentes
580 2727 671 2800 quae
703 2729 774 2779 non
807 2709 1029 2780 sectabantur
1061 2709 1221 2781 iustitiam
1258 2708 1583 2803 adpraehenderent
1608 2711 1800 2794 iustitiam,'

297 2827 454 2898 iustitiam
473 2836 586 2899 autem
615 2849 704 2920 quae
731 2849 778 2899 ex
804 2827 874 2900 fide
901 2838 972 2915 est;
1010 2821 1035 2868 ³¹
1054 2829 1185 2902 Israhel
1210 2850 1296 2902 vero
1323 2841 1464 2904 sectans
1489 2832 1604 2924 legem
1631 2831 1777 2904 iustitiae

296 2947 330 3016 in
355 2948 470 3040 legem
496 2947 643 3019 iustitiae
669 2969 739 3018 non
764 2949 930 3041 pervenit.
973 2943 999 2988 ³²
1018 2950 1159 3034 Quare?
1186 2949 1263 3042 quia
1290 2973 1360 3022 non
1386 2944 1453 3022 ‘ex
1480 2951 1560 3036 fide,
1588 2951 1652 3023 sed
1679 2951 1776 3043 qnasi

297 3087 345 3138 ex
376 3066 557 3160 operibus:
599 3067 816 3138 offendertmt
844 3069 880 3138 in
910 3069 1062 3162 lapidem
1095 3070 1313 3156 offensionis,
1363 3061 1389 3108 ³³
1406 3071 1493 3142 siant
1524 3071 1691 3164 seriptum
1724 3079 1778 3140 est

273 3187 387 3257 Eece
413 3207 507 3279 pono
534 3186 568 3255 in
594 3186 677 3257 Sion
701 3186 853 3280 lapidem
881 3189 1077 3262 offensionis
1103 3201 1140 3262 et
1164 3199 1298 3286 maur
1325 3190 1493 3272 semdae,
1529 3201 1565 3262 et
1582 3189 1694 3261 omnis
1719 3188 1776 3281 qni

295 3305 405 3378 eredit
431 3306 464 3376 in
491 3327 570 3377 sum
595 3327 666 3376 non
692 3307 927 3381 oonhmdetnr.

1018 3585 1059 3656 X.

371 3775 446 3834 ¹¹⁸¹)
464 3787 620 3872 Fratres,
647 3791 806 3864 voluntas
839 3789 980 3884 quidem
1005 3791 1123 3864 cordis
1154 3793 1222 3864 mei
1249 3803 1286 3864 et
1311 3794 1507 3865 obeematio
1534 3790 1711 3864 addeum
1735 3793 1775 3864 tit

294 3929 359 4001 pro
385 3907 450 3978 illis
476 3908 512 3978 in
537 3907 693 3978 salntem.
744 3904 1023 3984 'Testimonium
1049 3913 1140 3984 enim
1167 3913 1337 4006 perhibeo
1363 3913 1427 3986 illis
1453 3911 1549 4007 qnod
1567 3913 1772 3986 aemulatio—

294 4049 381 4100 nem-
409 4027 466 4100 dei
497 4028 641 4113 habent,
673 4030 738 4102 sed
769 4053 839 4104 non
873 4032 1064 4106 secundm
1094 4033 1284 4106 seientiam
1335 4025 1566 4127 ³lgnorantes
1598 4035 1688 4106 enim
1715 4033 1773 4106 dei

293 4148 456 4220 iustitiam
490 4159 525 4220 et
556 4171 655 4221 suam
686 4163 893 4243 quaerentes
925 4163 1095 4240 statuere,
1130 4154 1278 4228 institiae
1311 4153 1368 4228 dei
1399 4176 1469 4227 non
1507 4165 1585 4226 sunt
1619 4146 1773 4227 subieoti.

294 4260 409 4339 *Finis
436 4269 528 4342 enim
553 4269 640 4362 legis
663 4269 818 4344 Christus
845 4273 892 4346 ad
919 4275 1080 4348 iustitiam
1108 4277 1202 4347 omni
1226 4275 1391 4348 eredenti.
1443 4266 1524 4324 ὅθ’)
1540 4275 1657 4348 hloses
1683 4273 1773 4346 enim

293 4389 431 4482 seripsit
456 4391 618 4484 qnoniam
643 4390 803 4466 iustitiam
829 4417 919 4487 quae
946 4417 993 4466 ex
1018 4396 1098 4488 lege
1114 4406 1171 4468 est
1195 4397 1255 4490 qui
1277 4398 1398 4469 lecerit
1414 4398 1530 4484 horno,
1556 4396 1653 4469 vivet
1669 4397 1704 4466 in
1721 4417 1773 4466 ea.

293 4498 423 4595 “Quae
449 4522 564 4583 nutem
591 4531 638 4582 ex
663 4510 734 4583 lide
759 4521 814 4583 est
838 4513 963 4587 iustitia
989 4516 1039 4586 sie
1066 4515 1148 4587 dinit
1173 4517 1226 4588 Ne
1252 4519 1385 4590 dixeris
1412 4520 1445 4589 in
1472 4517 1580 4590 eorde
1608 4529 1666 4588 tuo
1685 4516 1773 4600 Quis

293 4631 450 4703 aseendit
475 4632 510 4703 in
535 4631 695 4704 eaelum?
721 4632 758 4703 id
784 4642 839 4703 est
864 4635 1034 4707 Christum
1061 4636 1257 4721 deducere3
1301 4629 1391 4709 ⁷ant
1417 4640 1502 4725 Quis
1528 4637 1713 4711 deseendit
1738 4635 1772 4706 in

294 4751 488 4846 abyssum?
515 4753 583 4824 hou
608 4761 662 4824 est
688 4752 856 4824 Christum
881 4777 930 4826 ex
956 4757 1100 4828 mortuis
1126 4777 1304 4828 revocare.
1356 4749 1459 4832 ⁸Sed
1477 4759 1560 4852 qnid
1578 4759 1661 4831 dioit
1686 4756 1772 4828 seri-

294 4875 421 4964 ptura?
454 4873 568 4968 Prope
601 4883 655 4946 est
680 4873 824 4946 verbnm
852 4876 887 4946 in
913 4898 975 4948 ore
999 4887 1060 4948 tuo
1087 4887 1122 4950 et
1147 4879 1182 4948 ln
1209 4877 1317 4948 eorde
1344 4889 1421 4952 tuo:
1455 4881 1523 4953 hoo
1549 4891 1604 4952 est
1627 4878 1773 4952 verbum

292 4992 374 5066 fidei
401 4994 497 5088 quod
523 4993 773 5088 praedicamus.
815 4985 940 5082 ⁹Qnia
962 4997 992 5068 si
1019 4991 1236 5070 'confitearis
1269 4998 1303 5068 in
1328 5021 1392 5072 ore
1424 5013 1484 5073 tuo
1513 5001 1690 5074 dominum
1717 5001 1771 5072 le-

294 5137 386 5200 sum,
424 5125 460 5187 et
491 5116 525 5187 in
552 5114 658 5190 eorde
691 5125 750 5189 tuo
785 5117 976 5190 eredideris
1009 5117 1106 5210 quod
1139 5117 1228 5190 deus
1262 5119 1353 5193 illum
1380 5123 1545 5196 excitavit
1572 5145 1592 5196 a
1620 5121 1773 5205 mortuis,

864 5238 917 5324 lx,
947 5240 993 5308 te
1022 5276 1070 5290 -
1097 5239 1138 5325 X,
1167 5243 1200 5312 9.
