4102 6128
541 359 782 426 evadentium
811 357 1034 418 SECUNDUM
1061 357 1278 427 narrantur
1624 377 1667 444 34

1077 465 1211 478 ο-ῄ-ὴ-

1220 473 1429 486 ,Qu-...-,.-.
1445 481 1469 486 -.
1494 481 1596 490 ---...
1627 487 1678 492 ...⁴

158 584 297 658 cerent;
342 565 368 608 ¹⁷
387 581 421 640 nt
455 569 698 662 adimpleretur
733 561 829 656 qnod
855 559 1006 642 dictum
1043 571 1105 632 est
1129 585 1195 656 per
1219 569 1356 644 Esaiam
1384 578 1588 672 prophetam
1615 585 1671 656 di-

158 704 297 766 centem
349 683 480 762 18Εοοθ
507 710 594 784 puer
620 708 718 760 meus
744 703 847 776 quem
875 680 997 771 elegi,
1024 681 1175 760 dilectus
1201 712 1301 764 meus
1327 693 1360 764 iu
1388 718 1457 789 qno
1475 698 1566 772 bene
1593 705 1671 796 pta.

159 815 230 886 cuit
258 813 395 884 animae
421 831 534 882 meae:
563 829 690 904 ponam
717 803 869 898 spiritum
898 821 1030 876 meum
1060 826 1171 900 snper
1198 833 1287 897 eum,
1316 825 1351 885 et
1378 816 1537 892 iudicium
1556 826 1670 914 genti-

21 1020 25 1031 ·
159 936 227 1006 bus
257 931 433 1004 nuntiabit
484 922 606 1001 19Νοιι
632 923 818 1000 contendet
842 941 971 1013 neque
999 928 1176 1016 clamabit,
1203 955 1318 1026 neque
1345 937 1462 1010 audiet
1488 941 1609 1036 aliquis
1636 946 1671 1018 iu

160 1054 288 1149 plateis
313 1073 439 1124 vocem
473 1051 564 1136 eins;
616 1043 643 1088 ²⁰
659 1046 884 1120 harundinem
923 1060 1136 1135 quassatam
1169 1073 1239 1124 non
1274 1055 1464 1150 confringet
1498 1070 1533 1132 et
1563 1063 1669 1137 linum

161 1176 336 1267 fumigans
371 1195 439 1244 non
470 1173 668 1264 extinguet,
704 1167 818 1242 donec
852 1163 955 1237 eiciat
995 1165 1051 1238 ad
1084 1171 1261 1245 victoriam
1294 1173 1470 1248 iudicium:
1522 1173 1547 1220 ²¹
1568 1193 1604 1254 et
1635 1187 1669 1258 in

161 1297 305 1366 nomine
333 1293 407 1364 eius
433 1301 559 1384 gentes
586 1291 782 1384 sperabunt.
834 1279 860 1326 ἥ
873 1276 967 1335 (⁴¹²⁵)
993 1285 1096 1361 Tunc
1131 1294 1265 1365 oblatos
1300 1305 1354 1365 est
1387 1295 1417 1366 ei
1445 1297 1667 1376 daemonium

163 1417 301 1487 habens
335 1433 463 1484 caecus
501 1421 537 1482 et
571 1421 698 1496 mutus,
725 1419 760 1480 et
796 1408 927 1482 curavit
954 1427 1045 1479 eum
1073 1413 1119 1484 ita
1155 1426 1192 1485 ut
1224 1415 1422 1508 loqueretur
1451 1427 1486 1488 et
1518 1420 1664 1496 videret.

161 1528 296 1583 ”W
314 1536 358 1605 Et
391 1531 580 1626 stupebant
612 1551 734 1602 omnes
766 1532 887 1604 turbae
920 1543 957 1601 et
997 1530 1161 1606 dicebant
1193 1529 1366 1627 Numquid
1399 1535 1453 1607 hio
1487 1551 1543 1611 est
1575 1542 1664 1616 tilius

164 1655 305 1728 David?
358 1643 491 1702 ΗΜ)
510 1650 687 1722 Pharisaei
720 1661 834 1724 antem
867 1649 1050 1725 audientes
1084 1653 1246 1726 dixerunt
1277 1656 1340 1726 llic
1370 1679 1439 1728 non
1466 1637 1550 1730 eicit
1572 1661 1660 1733 dae-

165 1799 291 1848 mones
316 1775 381 1847 nisi
407 1775 440 1845 in
457 1770 659 1844 Beelzebub
676 1771 864 1866 principem
883 1772 1105 1845 daemonum.
1148 1767 1177 1812 Ἃ
1190 1766 1279 1822 ‘'²¹²''
1295 1776 1392 1848 lesus
1410 1787 1526 1848 autem
1545 1781 1659 1854 sciens

166 1897 397 1990 cogitationes
425 1915 550 1966 eorum
577 1891 664 1962 dixit
692 1891 742 1962 ais
769 1891 879 1964 Omne
905 1915 1049 1988 regnum
1077 1894 1225 1968 divisum
1259 1907 1378 1968 contra
1411 1919 1450 1967 se
1478 1898 1657 1970 desolabi-

167 2029 239 2102 tur,
273 2028 308 2088 et
335 2016 447 2087 omnis
488 2013 609 2086 civitas
643 2013 696 2084 vel
724 2013 850 2084 domus
880 2013 986 2086 divisa
1023 2025 1144 2086 contra
1177 2037 1217 2086 se
1249 2039 1317 2086 nou
1350 2017 1479 2088 stabit.¹
1515 2010 1543 2056 ’Β
1558 2020 1601 2090 Et
1628 2023 1656 2092 si

167 2149 311 2208 satanas
338 2147 481 2208 satanan
509 2133 597 2218 eicit,
625 2133 793 2206 adversus
818 2155 859 2204 se
887 2133 1015 2206 divisus
1041 2145 1113 2206 est:
1141 2135 1320 2229 quomodo
1352 2159 1437 2229 ergo
1465 2139 1571 2209 stabit
1596 2161 1655 2210 re-

169 2281 277 2350 guum
303 2257 401 2330 eius‘l
452 2249 480 2294 ’Ἰ
496 2255 539 2326 Et
565 2254 593 2326 si
619 2275 687 2347 ego
713 2253 745 2324 iu
773 2250 967 2326 Beelzebub
986 2255 1074 2326 eicio
1102 2256 1305 2329 daemones:
1333 2256 1513 2329 finiverat
1532 2259 1654 2352 inquo

170 2379 323 2449 eiciunt?
349 2376 432 2449 ldeo
465 2374 531 2470 ipsi
562 2373 691 2448 iudices
724 2387 823 2446 erunt
857 2375 977 2470 vestri„
1023 2367 1049 2411 2⁸
1066 2375 1100 2445 Si
1134 2387 1249 2448 autem
1282 2399 1350 2473 ego
1384 2379 1418 2450 iu
1450 2377 1569 2472 spiritu
1596 2379 1654 2450 dei
1778 2429 1782 2438 ,

172 2499 263 2570 eicio
297 2497 506 2582 daemones,
541 2495 642 2589 igitur
675 2495 832 2589 pervenit
864 2496 897 2566 in
929 2516 994 2566 vos
1028 2517 1172 2588 regnum
1206 2497 1272 2570 dei.
1325 2489 1436 2566 dualut
1471 2499 1652 2588 quomodo
1723 2579 1725 2584 7

169 2631 294 2712 potest·
315 2619 496 2712 quisquam
522 2617 649 2689 intrare
677 2617 711 2686 in
738 2615 879 2687 domum
905 2616 1000 2687 sortis
1027 2627 1062 2686 et
1087 2639 1171 2688 vasa
1198 2617 1271 2688 eius
1290 2616 1447 2710 diripere,
1474 2619 1537 2688 uisi
1556 2621 1652 2712 prius

171 2738 362 2831 alligaverit
385 2740 535 2810 lortom‘?
563 2749 598 2810 ct
614 2741 705 2808 'tunc
730 2735 872 2807 domum
898 2737 984 2808 illius
1011 2736 1155 2831 diripiat.
1207 2731 1233 2776 ³⁰
1248 2737 1312 2824 Qui
1337 2758 1407 2809 nou
1433 2748 1487 2809 cst
1512 2759 1650 2812 mecum

171 2871 294 2930 contm
320 2880 378 2930 me
404 2865 467 2944 est,
495 2868 531 2930 et
557 2857 615 2952 qui
640 2875 710 2928 non
737 2867 927 2950 congregat
952 2878 1088 2928 mecum
1123 2858 1261 2954 spargit.
1312 2849 1542 2931 31(“’”·)1ι1θο
1570 2859 1651 2932 dico

171 2982 275 3054 vobis
301 2981 413 3052 Omne
438 2989 619 3072 peccatum
647 2988 683 3050 et
698 2975 913 3069 blasphemia
931 2977 1122 3050 remittetur
1141 2979 1344 3062 hominibus,
1372 2979 1508 3072 spiritus
1534 2991 1678 3070 autem

171 3100 411 3194 blasphemiae
436 3121 506 3171 non
533 3099 731 3171 remittetur.
783 3088 809 3134 ³
825 3097 868 3169 ltt
894 3098 1107 3193 quicumque
1133 3099 1259 3172 dixerit
1289 3101 1435 3172 verbum
1462 3108 1582 3172 contra
1609 3101 1652 3173 li-

174 3221 255 3292 lium
282 3221 445 3306 bominis,
478 3221 667 3292 remittetur
700 3218 749 3302 ei;
784 3218 841 3309 qui
869 3229 983 3290 autem
1011 3219 1136 3292 dixerit
1162 3230 1279 3292 contra
1305 3219 1458 3314 spiritum
1484 3231 1651 3307 sanctum,

173 3363 244 3412 non
270 3341 460 3413 remittetur
487 3342 519 3412 ei
545 3362 659 3433 neque
692 3341 725 3410 in
760 3337 828 3409 boo
862 3341 1002 3412 saeculo
1035 3361 1147 3433 neque
1179 3341 1212 3410 in
1238 3339 1360 3411 futuro.
1412 3327 1553 3388 ΝΜ)
1583 3341 1652 3414 Aut

174 3463 276 3534 lacite
303 3461 463 3534 arborem
491 3462 620 3532 bonam
648 3469 683 3531 et
708 3461 851 3530 lrnotum
879 3461 951 3532 eius
978 3461 1117 3546 bonum,
1145 3471 1203 3531 aut
1227 3459 1327 3531 facite
1345 3463 1506 3534 arborem
1523 3461 1649 3533 malam

174 3593 210 3654 et
235 3583 378 3654 fructum
406 3582 481 3656 eius
506 3581 649 3652 malum:
677 3577 847 3673 siquidem
875 3584 1058 3653 exfructa
1085 3581 1190 3652 arbor
1216 3581 1421 3672 agnoscitur.
1472 3569 1499 3618 ³⁸
1515 3579 1650 3675 Proge-

175 3704 251 3775 nies
277 3705 483 3797 viperamm,
511 3702 690 3795 quomodo
722 3701 867 3794 potestis
894 3702 987 3774 bona
1020 3702 1112 3794 loqui
1140 3723 1217 3773 oum
1243 3701 1315 3773 sitis
1333 3703 1435 3774 mali?
1461 3705 1514 3775 Ex
1539 3701 1650 3774 abun·

176 3823 292 3896 dantia
319 3823 409 3894 enim
436 3823 567 3895 cordis·
581 3843 622 3894 os
647 3821 803 3916 loquitur.
856 3813 988 3870 ”ml
1005 3823 1122 3894 Bonus
1157 3823 1261 3895 bomo
1287 3823 1334 3896 de
1366 3823 1460 3897 bono
1486 3823 1650 3897 thesauro

176 3943 433 4036 protentione,
462 3953 497 4014 et
522 3942 633 4014 malus
659 3943 761 4013 homo
789 3939 835 4013 de
852 3941 943 4014 malo
961 3943 1125 4016 thesauro
1139 3945 1268 4039 profert
1285 3946 1385 4018 mala.
1410 3935 1649 4018 ³“flffiwlbico

176 4073 290 4135 antem
316 4063 419 4136 vobis
445 4063 605 4157 quoniam
634 4083 737 4134 omne
764 4062 909 4133 verbnm
923 4063 1070 4135 otiosum
1098 4064 1193 4158 quod
1219 4065 1322 4137 loouti
1340 4066 1462 4138 luerint
1480 4065 1646 4151 homines,

177 4184 324 4256 reddent
349 4184 518 4255 rationem
544 4181 591 4254 de
618 4203 663 4254 eo
689 4182 723 4252 in
749 4180 806 4252 die
834 4181 956 4253 iudicii.
1007 4175 1033 4220 ³⁷
1049 4185 1103 4256 Ex
1136 4185 1252 4256 verbis
1278 4186 1369 4258 enim
1395 4186 1461 4259 tuis
1486 4183 1648 4258 iustilica-
1715 4219 1721 4231 ·

176 4305 286 4390 beris,
314 4315 349 4375 et
382 4325 428 4375 ex
463 4303 580 4374 verbis
616 4304 681 4374 tuis
715 4302 1012 4374 condemnaberis.
1064 4295 1092 4342 ³⁸
1105 4297 1198 4356 (Μ)
1212 4307 1306 4380 Tunc
1339 4305 1591 4403 responderamt
1617 4307 1648 4376 ei

176 4425 314 4520 quidam
342 4425 387 4496 dc
413 4423 535 4496 scribis
560 4434 596 4494 et
621 4422 813 4494 Pharisacis
840 4421 995 4496 dicentes
1021 4424 1192 4518 Magister,
1220 4429 1378 4500 volumus
1405 4449 1426 4500 a
1453 4439 1487 4499 te
1511 4426 1646 4518 signum

175 4547 305 4618 videre.
356 4538 384 4582 ³⁹
396 4535 486 4593 (Μ)
506 4543 571 4627 Qui
602 4543 819 4636 respondens
851 4544 898 4614 ait
930 4543 993 4617 illis
1025 4545 1207 4618 Generatio
1239 4548 1328 4618 mala
1361 4559 1396 4619 et
1420 4547 1574 4620 adultera
1599 4546 1648 4619 si-

176 4689 280 4758 gnnm
306 4663 452 4759 quaerit,
482 4673 520 4734 et
553 4663 687 4756 signum
719 4685 789 4735 non
822 4663 959 4758 dabitur
989 4665 1021 4736 ei
1055 4667 1118 4740 nisi
1150 4668 1283 4759 siguum
1316 4667 1419 4738 lonae
1445 4645 1665 4761 prophetae.x

176 4777 203 4826 ⁴⁰
219 4786 322 4858 Sicut*
338 4787 428 4858 enim
455 4783 515 4856 luit
540 4783 640 4856 lonas
666 4784 700 4854 in
725 4793 847 4856 ventre
873 4787 962 4857 coeti
990 4786 1097 4859 tribus
1123 4787 1246 4860 diebus
1272 4799 1307 4858 et
1340 4787 1447 4859 tribus
1480 4785 1647 4873 noctibus,

177 4907 227 4977 sio
253 4907 317 4978 erit
355 4905 443 4978 lilios
477 4903 624 4977 bominis
658 4904 691 4974 iu
719 4905 827 4977 corde
853 4915 966 4978 terrae
992 4907 1101 4978 tribus
1127 4906 1251 4979 diebus
1285 4917 1320 4978 et
1346 4907 1454 4979 tribus
1480 4907 1647 4981 noctibus.

175 5019 201 5064 ‘¹
215 5027 284 5099 Viri
308 5027 488 5100 Ninevitas
523 5033 665 5116 surgent
696 5025 730 5096 iu
766 5025 892 5097 iudicio
920 5047 995 5097 oum
1023 5027 1244 5119 generatione
1278 5027 1342 5100 ista
1376 5039 1410 5100 et
1436 5029 1649 5101 condemna—

178 5147 374 5234 haeream,
402 5147 481 5240 quia
508 5144 749 5239 paenitentiam
776 5157 921 5237 egerunt
945 5145 978 5216 io
1005 5145 1260 5240 praedicatione
1278 5147 1390 5233 lonae,
1418 5159 1454 5220 et
1470 5171 1554 5222 ecce
1571 5150 1649 5244 plus

733 5264 798 5349 llll,
831 5261 876 5339 l7
932 5303 975 5316 -
1032 5265 1090 5338 ll.
1574 5256 1580 5268 ’
