4220 6124
572 1243 725 1318 muru
751 1242 1054 1318 lnouuuuuuu
1079 1241 1139 1314 AD
1168 1243 1424 1316 conmufflos
1437 1221 1489 1312 ‘u-
1581 1210 1589 1216 ’

394 1494 552 1594 Corinthi
578 1529 657 1591 suot
682 1519 824 1604 Achaei,
851 1529 888 1590 st
911 1518 946 1592 hi
973 1516 1128 1589 similiter
1155 1519 1200 1589 sb
1227 1517 1395 1610 spostob's
1422 1515 1606 1588 audierunt
1628 1515 1776 1586 verbum

286 1641 441 1713 veritatis
468 1649 503 1709 et
527 1639 688 1712 subversi
714 1638 917 1712 multifariae
945 1637 1086 1709 alnisio
1113 1637 1295 1730 apostolis,
1329 1637 1470 1729 qudam
1498 1635 1667 1708 filosofiae
1692 1655 1776 1706 ver-

286 1761 376 1834 bosa
404 1759 607 1850 eloquentia,
636 1754 712 1829 'alii
737 1780 759 1829 a
785 1767 881 1830 secta
906 1756 1006 1850 legis
1020 1756 1180 1830 iudaicae
1205 1755 1349 1828 inducti:
1377 1757 1443 1828 bos
1471 1765 1615 1828 revocat
1631 1764 1776 1849 aposto-

286 1883 340 1952 lus
373 1880 419 1952 ad
452 1898 572 1950 veram
610 1888 644 1948 et
679 1879 917 1971 evangelicam
952 1877 1175 1972 sapientiam,
1209 1875 1367 1950 scribens
1395 1875 1447 1946 eis
1473 1877 1517 1948 ab
1544 1875 1685 1970 Epheso
1712 1895 1777 1967 per

288 1998 514 2070 Timotheum.

797 2113 970 2178 EXPLICIT
991 2113 1265 2178 ARGUMENTUM.

822 2383 1032 2458 INCIPIUNT
1059 2385 1235 2456 Brutus.

389 2593 411 2660 l.
435 2591 491 2664 De
517 2588 728 2684 plenitudiue
754 2587 948 2662 diuitiarum
975 2588 1109 2680 gratiam
1135 2589 1361 2660 elementiae
1388 2588 1645 2662 Corinthiorum.

375 2711 412 2780 ll.
437 2711 490 2780 lle
517 2709 679 2802 apostolo
706 2709 753 2780 ad
778 2709 944 2780 unitatem
969 2708 1163 2782 Corinthios
1189 2719 1420 2803 componente.

362 2831 412 2900 lll.
438 2831 492 2900 lle
520 2828 740 2900 contentione
765 2828 1029 2899 Corinthiorum.

348 2951 411 3018 llll.
437 2950 490 3018 De
517 2947 628 3019 verbo
656 2947 776 3031 erucis,
805 2947 900 3039 quod
926 2947 1065 3018 stultitia
1091 2948 1135 3018 sit
1160 2947 1393 3041 pereuntibus,
1421 2943 1543 3018 'salvis
1570 2967 1656 3018 vero
1683 2949 1774 3017 lul-u-

279 3127 290 3158 p
440 3067 488 3136 ris
514 3067 621 3136 virtus
649 3065 692 3135 sit
717 3064 786 3136 dei.
1633 3047 1641 3070 ⁸

378 3185 414 3255 V.
440 3185 493 3256 De
519 3183 714 3276 perditione
741 3183 931 3276 sapientiae
957 3185 1098 3256 saeculi.

360 3304 411 3374 Vl.
437 3304 490 3373 De
516 3302 586 3374 deo
614 3296 783 3394 'eligente
810 3303 984 3374 stultitiam
1009 3303 1107 3374 istius
1132 3304 1261 3376 saeculi
1296 3314 1332 3375 et
1361 3302 1496 3376 infirma
1531 3313 1567 3374 et
1599 3302 1771 3395 ignobilia,

439 3432 476 3493 ut
508 3421 694 3493 oonlundut
723 3422 902 3515 sopientes
937 3432 973 3494 et
1003 3422 1113 3508 sortia
1147 3435 1182 3498 ut
1214 3433 1250 3494 et
1282 3424 1342 3516 qui
1376 3423 1540 3516 monstro
1567 3423 1603 3492 in
1629 3421 1777 3522 domino

438 3539 612 3633 glorietur.
1213 3567 1217 3584 ·

347 3661 411 3732 Vll.
438 3662 491 3732 De
518 3659 687 3753 sapientia
705 3659 832 3731 muudi
858 3669 893 3734 et
919 3655 1107 3754 ‘sapientia
1133 3661 1202 3738 dei.

335 3781 411 3850 Vlll.
439 3781 491 3850 De
517 3780 619 3851 bonis
645 3780 765 3850 futuris
792 3801 884 3872 quae
909 3778 1064 3851 nondum
1091 3791 1170 3852 suut
1195 3781 1318 3874 unique
1345 3782 1509 3852 revelata.

353 3899 408 3968 lX.
434 3899 487 3969 De
513 3901 633 3993 spiritu
657 3899 773 3972 omnia
798 3907 1047 3993 perscrutante.

370 4017 410 4088 X.
438 4021 490 4089 Do
517 4020 637 4112 spiritu
664 4019 721 4092 dei
748 4031 783 4091 et
809 4019 927 4092 muudi
952 4018 1050 4090 istium
1076 4019 1205 4114 spiritu,
1234 4021 1333 4094 etde
1351 4019 1559 4114 spiritalibus
1577 4019 1773 4091 hominibus

440 4149 476 4207 et
502 4139 714 4211 animalibus.

356 4254 411 4324 Xl.
438 4257 490 4327 Do
516 4257 724 4351 spiritalibus
750 4269 786 4330 at
812 4257 1014 4343 camalibus,
1042 4269 1078 4330 st
1104 4260 1150 4331 de
1176 4261 1336 4351 apostolo
1354 4261 1442 4330 laete
1461 4257 1640 4329 tlorirrtbiis
1666 4251 1752 4346 'pro

437 4375 588 4466 pluente.

344 4491 410 4561 ΧΠ.
437 4493 490 4565 De
518 4497 677 4570 aedilicio
713 4473 872 4588 cultuque
906 4495 1102 4579 doctrinae,
1139 4506 1174 4567 et
1200 4494 1481 4568 aedificatoribus
1508 4505 1544 4567 et
1569 4493 1772 4566 doctoribus

439 4623 474 4683 et
507 4613 727 4686 mercedibus
763 4616 996 4708 operantium,
1032 4616 1089 4687 vel
1121 4616 1271 4686 siculus
1298 4617 1457 4708 operatio
1493 4608 1637 4687 'arserit
1663 4613 1772 4684 detri-

439 4743 592 4804 mentum
619 4734 671 4803 sit.

328 4851 408 4921 Xlll.
435 4855 487 4922 De
514 4850 650 4936 sanetis,
678 4851 773 4944 quod
799 4852 966 4944 templum
994 4852 1060 4922 sint
1086 4852 1153 4923 dei.
1275 4909 1278 4916 .
1463 4925 1466 4932 ,

328 4969 409 5038 XIV.
436 4971 489 5040 De
517 4970 662 5055 emotis,
697 4971 793 5063 quod
826 4969 925 5042 aliter
956 4971 1132 5062 sapientes
1159 4995 1240 5044 esse
1265 4995 1336 5045 non
1363 4975 1496 5066 possint
1521 4973 1587 5043 nisi
1616 4965 1724 5040 ‘stulti
1753 4990 1773 5038 a

438 5088 578 5159 saeculo
604 5089 744 5161 fuerint:
773 5100 808 5162 et
834 5091 881 5162 de
907 5090 1120 5185 sapientibus
1147 5095 1285 5178 saeculi,
1313 5095 1410 5188 quod
1435 5094 1494 5166 ubi
1522 5113 1563 5166 se
1591 5090 1774 5164 aestimant
1890 5105 1895 5114 ·

437 5227 563 5300 sapere
589 5209 655 5301 ipsi
683 5211 877 5284 stultissimi
897 5210 1233 5304 depraehendantur.
