4242 6118
693 425 942 493 EVANGELlUM
969 427 1175 492 SECUNDUM
1202 427 1342 494 tuctu.
1701 435 1766 505 ldl

269 629 390 708 'deus
416 643 626 706 autemnon
652 625 972 703 lacietvindictam
1001 629 1196 702 electorum
1223 652 1368 704 suorum
1395 633 1616 708 clamantium
1644 631 1708 710 'ad
1736 661 1775 712 se

272 755 330 828 die
356 775 397 826 ao
421 762 539 837 nocte,
576 761 611 822 et
637 749 839 844 patientiam
865 743 1013 820 habebit
1048 748 1084 819 in
1110 749 1199 821 illis‘?
1249 733 1364 824 ⁸Dico
1390 753 1493 826 vobis
1521 757 1603 848 quia
1628 759 1697 832 cito
1724 762 1777 832 la-

272 877 339 948 ciet
367 871 554 946 vindictam
579 869 724 942 illorum.
776 865 907 936 Verum
937 875 1061 939 tamen
1086 866 1176 942 filius
1200 869 1352 944 bominis
1378 873 1523 946 veniens
1550 887 1652 970 putas
1678 880 1778 953 inve-

272 996 343 1067 niet
367 991 473 1064 fidem
500 991 534 1062 in
560 991 679 1062 terra‘l
722 979 844 1058 ⁹Dixit
871 989 989 1056 autem
1019 995 1060 1058 et·
1087 987 1134 1060 ad
1152 990 1327 1082 quosdam
1354 994 1413 1084 qui
1435 994 1470 1064 in
1497 1017 1537 1067 se
1556 997 1781 1072 confidebant

272 1125 449 1207 tamquam
476 1109 556 1182 iusti
581 1117 617 1181 et
643 1107 918 1202 aspernabantur
944 1114 1095 1177 ceteros
1121 1110 1327 1202 parabolam
1354 1113 1464 1184 istam.
1518 1107 1544 1154 ⁴⁰
1561 1119 1638 1191 Duo
1665 1121 1796 1193 homi-·

271 1257 336 1306 nes
363 1231 593 1306 ascendenmt
618 1229 652 1298 in
679 1225 847 1320 templum
873 1232 910 1294 ut
936 1235 1100 1312 orarent,
1129 1251 1216 1302 unus
1243 1231 1450 1306 Pharisaeus
1484 1245 1519 1307 et
1552 1239 1639 1310 alter
1665 1241 1783 1334 publi-

273 1373 389 1426 canus.
443 1343 464 1388 ¹¹
484 1349 690 1422 Pharisaeus
722 1355 820 1418 stans
854 1343 942 1415 haec
978 1345 1082 1439 apud
1108 1369 1148 1422 se
1178 1351 1303 1422 orabat
1328 1352 1439 1438 Deus,
1467 1358 1597 1446 gratias
1625 1381 1693 1452 ago
1721 1363 1782 1433 tibi

273 1475 450 1566 quianon
477 1491 553 1542 snm
572 1468 659 1540 sicut
676 1465 784 1538 ceteri
802 1463 990 1552 hominum,
1020 1477 1193 1563 raptores,
1222 1469 1345 1556 iniusti,
1374 1470 1530 1560 adulteri,
1558 1477 1660 1549 velut·
1673 1481 1778 1552 etiam

273 1593 329 1664 hic
354 1591 573 1686 publicanus:
613 1579 639 1624 ¹²
652 1585 767 1658 ieiuno
795 1583 849 1655 bis
876 1584 910 1656 in
936 1585 1100 1673 sabbato,
1128 1588 1286 1662 decimas
1313 1589 1362 1662 do
1390 1593 1542 1664 omnium
1570 1617 1662 1688 quae
1689 1619 1778 1691 pos-

274 1713 384 1786 sideo.
438 1703 464 1748 ⁴³
480 1711 523 1781 Et
556 1707 761 1802 publicanus
803 1725 823 1774 a
855 1704 960 1797 longe
995 1712 1092 1781 stan's
1123 1707 1268 1782 nolebat
1300 1728 1366 1780 neo
1403 1713 1524 1782 oculos
1559 1713 1605 1786 ad
1640 1718 1777 1788 eaelum

274 1835 407 1915 levare,
436 1829 501 1903 sed
536 1824 751 1922 percutiebat
786 1831 908 1916 peetus
942 1846 1044 1900 suurn
1077 1829 1198 1903 dicens
1232 1830 1343 1912 Deus,
1377 1829 1546 1923 propitius
1582 1841 1658 1903 esto
1692 1834 1775 1906 milri

273 1952 459 2045 peccatori.
511 1937 538 1986 ¹⁴
553 1947 640 2017 Dico
668 1943 786 2026 vobis,
822 1942 1003 2017 descendit
1034 1947 1089 2020 hio
1120 1947 1323 2021 iustificatus
1358 1948 1392 2016 in
1427 1947 1572 2021 domurn
1600 1971 1700 2023 suam
1728 1955 1774 2026 ab

274 2071 347 2140 illo:
392 2059 481 2113 Μ)
499 2067 579 2160 quia
606 2063 718 2136 omnis
747 2063 805 2155 qui
832 2083 871 2134 se
899 2065 1029 2138 exaltat
1054 2067 1296 2152 humiliabitur,
1326 2075 1361 2136 et
1388 2066 1446 2158 qui
1473 2089 1512 2138 se
1530 2067 1686 2142 humiliat
1705 2095 1771 2145 ex-

275 2187 443 2259 altabitur.
495 2174 623 2232 'mu‘
637 2181 839 2253 afferebant
865 2189 980 2254 autern
1007 2185 1053 2258 ad
1079 2188 1172 2258 illum
1199 2196 1235 2257 et
1260 2186 1407 2256 infantes
1435 2195 1471 2256 ut
1504 2207 1568 2258 eos
1596 2199 1771 2281 tangeret:

275 2307 371 2400 quod
398 2327 476 2377 eum
504 2301 662 2376 viderent
687 2299 853 2394 discipuli,
880 2299 1105 2395 increpabant
1130 2305 1217 2377 illos.
1263 2296 1290 2342 ⁴⁶
1303 2305 1399 2376 lesus
1427 2315 1543 2376 autem
1570 2327 1770 2384 convocans

275 2427 350 2498 illos
376 2425 464 2497 dixit
495 2421 600 2494 Sinite
635 2441 765 2514 pueros
799 2417 919 2490 venire
946 2421 1092 2508 adme,
1120 2431 1155 2494 et
1180 2423 1287 2496 nolite
1314 2445 1378 2495 eos
1405 2433 1542 2495 vetare:
1571 2427 1688 2498 talium
1716 2441 1770 2502 est

275 2545 366 2617 enim
392 2561 539 2637 regnum
566 2539 634 2615 dei.
685 2530 711 2574 ¹⁷
724 2529 941 2610 “flunmen
976 2539 1055 2614 dico
1091 2541 1209 2627 vobis,
1245 2542 1454 2636 quicumque
1487 2563 1559 2612 non
1593 2549 1769 2640 acceperit

275 2683 421 2756 regnum
447 2658 505 2732 dei
532 2659 620 2730 sicut
644 2677 742 2750 puer,
769 2677 839 2728 non
865 2657 1003 2732 intrabit
1027 2660 1061 2731 in
1087 2659 1178 2732 illud.
1230 2652 1257 2698 ⁴⁸
1270 2651 1359 2708 (Μ)
1376 2662 1419 2732 Et
1435 2661 1661 2754 interrogavit
1687 2687 1767 2737 eum

276 2782 416 2876 quidam
442 2779 604 2873 princeps
629 2775 793 2868 Magister
818 2775 922 2861 bone,
951 2777 1033 2870 quid
1060 2779 1188 2851 taciens
1214 2780 1321 2852 vitam
1347 2789 1524 2852 aeternam
1543 2782 1765 2874 possidebo?

275 2895 301 2942 ⁴⁹
319 2899 411 2972 Dixit
438 2907 553 2969 autem
587 2896 619 2967 ei
649 2895 746 2966 lesus
778 2894 869 2979 Quid
902 2917 959 2968 me
992 2895 1079 2969 dicis
1111 2897 1270 2970 bonurn?
1300 2919 1405 2970 nemo
1437 2898 1552 2970 bonus
1579 2899 1642 2972 nisi
1670 2903 1765 2974 solus

275 3021 373 3094 deus.
425 3009 452 3056 ¹⁰
468 3015 632 3089 Mandata
657 3013 757 3100 nosti,
784 3013 863 3086 Non
889 3013 1040 3100 occides,
1066 3015 1145 3088 Non
1170 3017 1430 3101 moechaberis,
1457 3017 1535 3088 Non
1563 3018 1686 3091 lurtum
1713 3021 1764 3090 sa-

276 3141 362 3218 cies,
395 3137 474 3208 Non
506 3135 630 3206 laisum
664 3130 896 3205 testimonium
930 3131 1042 3218 dices,
1076 3133 1217 3206 Honora
1250 3143 1386 3228 patrem
1419 3143 1515 3206 tuum
1548 3147 1583 3207 et
1609 3147 1763 3208 matrem.

274 3251 299 3298 ²*
319 3258 385 3343 Qui
420 3256 467 3328 ait
497 3255 592 3324 Maec
625 3253 741 3323 omnia
775 3251 948 3324 custodivi
983 3271 1004 3320 a
1036 3252 1212 3323 iuventute
1247 3273 1335 3324 mea.
1387 3245 1415 3292 ¹³
1432 3243 1519 3300 ‘¹¹²²'
1534 3254 1612 3339 Quo
1646 3255 1763 3327 audito

275 3378 373 3449 lesus
400 3377 448 3448 ait
473 3375 506 3445 ei
531 3371 655 3447 Adbuc
682 3387 787 3443 unum
813 3370 874 3442 tibi
901 3369 1016 3440 deest:
1044 3369 1160 3441 omnia
1187 3390 1428 3464 quaecumque
1446 3371 1557 3444 habes
1586 3373 1701 3446 vende
1726 3383 1764 3444 et

276 3495 322 3568 da
357 3491 585 3588 pauperibus,
624 3499 660 3561 et
691 3487 839 3561 babebis
872 3487 1073 3560 thesaurum
1106 3488 1140 3558 in
1175 3487 1292 3574 caelo,
1329 3499 1365 3562 et
1394 3491 1474 3563 veni
1510 3511 1662 3584 sequere
1694 3511 1761 3562 me.

275 3605 404 3660 ”imi
421 3611 481 3682 llis
508 3609 563 3681 ille
590 3607 716 3682 auditis
744 3608 965 3680 contristatus
993 3617 1061 3692 est,
1089 3605 1169 3698 quia
1196 3604 1298 3680 dives
1326 3619 1401 3682 erat
1427 3609 1540 3681 valde.
1593 3601 1763 3684 ¹‘videns

277 3739 392 3802 autem
417 3729 511 3801 illtmr
537 3729 634 3800 lesus
661 3727 792 3798 tristem
817 3727 946 3798 iactum
971 3725 1059 3798 dixit
1094 3725 1206 3811 Quam
1239 3725 1375 3801 difficile
1410 3729 1468 3822 qui
1502 3728 1671 3822 pecunias
1696 3729 1762 3800 ba-

276 3851 359 3921 bent
384 3850 419 3920 in
445 3868 590 3940 regnum
617 3844 674 3919 dei
701 3845 887 3917 intrabrmt:
925 3837 1095 3916 ¹⁵facilius
1121 3855 1175 3917 est
1201 3845 1293 3916 enim
1321 3845 1490 3917 camelum
1515 3867 1580 3940 per
1606 3846 1763 3920 foramen

277 3987 360 4040 acus
387 3967 533 4040 transire
559 3987 664 4058 quam
697 3963 841 4036 divitem
872 3966 999 4036 intrare
1035 3965 1069 4034 in
1101 3983 1249 4057 regnum
1283 3963 1349 4037 dei.
1401 3955 1482 4036 ”Mt
1515 3964 1678 4038 dixerunt
1704 3967 1763 4058 qui

277 4087 463 4160 audiebant
486 4085 530 4156 Mt
555 4085 632 4178 quis
658 4093 775 4176 potest
800 4085 916 4155 salvus
942 4081 1038 4154 ileri‘l
1087 4074 1114 4120 ’Ἰ
1127 4081 1183 4154 nn
1214 4083 1278 4154 illis
1315 4082 1412 4168 Quae
1446 4085 1659 4178 inpossibilia
1685 4094 1764 4157 sunt

276 4205 370 4300 apud
403 4204 581 4288 homines,
616 4203 794 4296 possibilia
829 4212 908 4274 sunt
941 4200 1035 4294 apud
1071 4197 1185 4274 deum.
1237 4191 1334 4272 ”Ait
1368 4211 1483 4274 autem
1516 4203 1639 4275 Petrus
1671 4203 1762 4274 Ecce

275 4343 341 4395 nos
367 4321 560 4394 dimisimus
595 4321 711 4394 omnia
747 4331 782 4392 et
815 4321 924 4392 secuti
956 4343 1075 4392 sumus
1111 4331 1153 4392 te.
1206 4311 1334 4368 'W'
1352 4321 1416 4404 Qui
1450 4322 1537 4395 dixit
1568 4322 1619 4392 eis
1650 4321 1763 4392 Arnen

276 4441 356 4512 dico
382 4441 495 4526 vobis,
523 4461 625 4513 nemo
653 4449 706 4510 est
741 4441 799 4533 qui
832 4439 967 4531 reliquit
992 4439 1135 4512 domum
1170 4449 1229 4512 aut
1258 4449 1421 4533 parentas
1457 4451 1514 4513 aut
1547 4443 1670 4512 tratres
1704 4450 1763 4512 aut

277 4579 424 4630 uxorem
451 4569 510 4633 aut
536 4558 624 4632 filios
649 4566 794 4653 propter
821 4579 965 4650 regnrnn
992 4557 1065 4642 dei,
1109 4551 1136 4598 ³⁰
1153 4570 1189 4630 et
1213 4579 1283 4631 non
1310 4557 1454 4653 recipiat
1478 4561 1585 4632 multo
1612 4558 1711 4653 plura
1728 4559 1762 4629 in

276 4679 345 4750 boc
371 4687 546 4772 tempore,
579 4689 614 4750 et
647 4678 682 4748 in
716 4679 858 4749 saeculo
894 4687 1039 4750 venturo
1065 4678 1170 4748 uitam
1204 4688 1392 4750 aeternam.
1443 4671 1467 4716 ³¹
1482 4670 1574 4724 (ω)
1591 4677 1764 4750 Assumsit

277 4807 391 4869 autem
425 4799 523 4870 lesus
558 4795 743 4870 duodecim
777 4807 811 4867 et
843 4797 890 4868 ait
921 4796 983 4867 illis
1019 4797 1109 4868 Eece
1145 4793 1365 4867 ascendimus
1396 4795 1691 4894 Hierosolymam,
1727 4803 1763 4866 et

277 4917 607 4990 consummabuntur
633 4916 749 4990 omnia
775 4935 865 5006 quae
894 4916 1018 5009 scripta
1047 4923 1124 4986 sunt
1150 4935 1213 5008 per
1247 4913 1437 5006 prophetas
1471 4912 1517 4985 de
1550 4912 1619 4986 filio
1647 4913 1762 4985 homi-

277 5034 345 5106 nis:
387 5027 416 5076 ³²
429 5033 582 5108 tradetur
608 5035 701 5106 enim
728 5033 898 5126 gentibus,
927 5043 963 5104 et
987 5033 1159 5106 inludetur
1185 5043 1220 5105 et
1243 5031 1472 5124 flagellabitur
1489 5042 1525 5102 et
1542 5043 1762 5126 conspuetur,

275 5143 302 5188 ³³
315 5161 351 5222 et
368 5161 552 5245 postquam
570 5153 819 5246 flagellaverint
837 5151 1106 5236 occidentem,
1126 5161 1161 5222 et
1178 5151 1235 5224 die
1255 5150 1539 5266 tertiaqresurget.
1567 5143 1593 5190 ³⁸
1606 5143 1708 5200 “W-l
1722 5149 1764 5221 Et

862 5269 969 5354 livill,
998 5265 1021 5342 7
1051 5307 1096 5324 -
1128 5269 1186 5342 3l.

1383 5381 1456 5457 ll*
