4242 6118
356 393 428 461 llll
781 387 1022 451 Evnnottttttu
1049 389 1249 452 SECUNDUM
1277 387 1403 454 tuctu

350 589 377 636 ³³
395 596 438 666 Et
464 595 589 665 lactum
618 603 672 662 est
697 591 779 664 dnm
799 591 1022 663 discederent
1052 592 1096 662 ab
1124 592 1190 676 illo,
1218 592 1264 662 ait
1282 589 1403 664 Petrus'
1423 593 1468 664 ad
1491 595 1603 664 lesum
1621 597 1842 688 Praeceptor,

226 727 232 740 ’
265 707 267 717 ’
353 716 485 786 bonum
513 723 567 784 est
592 734 659 784 nos
685 713 741 782 liic
767 733 857 796 esse,
886 721 922 782 et
947 711 1113 783 iaciamus
1132 711 1195 782 tria
1222 713 1455 798 tabernacula,
1483 735 1587 787 unum
1606 713 1667 784 tibi
1685 723 1721 784 et
1737 737 1843 786 unrxm

353 834 442 906 blosi
469 843 504 903 et
531 851 633 902 unum
660 831 787 914 Heliae,
814 832 975 902 nesciens
1002 829 1085 923 quid
1112 831 1253 902 diceret.
1297 821 1431 904 3⁶llaec
1457 843 1573 904 autem
1600 832 1657 904 illo
1680 834 1843 926 loquente
1879 907 1882 920 ,

235 1049 237 1058 y
354 955 445 1024 lacta
473 963 527 1023 est
552 951 653 1022 nubis
680 959 715 1019 ει
741 949 981 1028 obrumbravit
1007 971 1088 1021 eos:
1116 961 1151 1021 ει
1179 952 1361 1022 timuerunt
1392 953 1596 1024 intrantibus
1627 953 1692 1023 illis
1718 954 1760 1050 in⁸
1777 975 1842 1024 nu-

353 1074 445 1143 bem.
498 1063 524 1107 ³5
541 1072 583 1140 Et
607 1092 680 1140 vox
707 1071 795 1140 lacta
825 1080 879 1140 est
906 1070 951 1142 de
977 1071 1070 1140 nube
1097 1070 1217 1142 dicens
1252 1071 1314 1141 Hic
1348 1081 1402 1142 est
1435 1072 1523 1143 filius
1558 1093 1655 1142 meus
1689 1071 1842 1156 dilectus,

354 1193 466 1283 ipsum
494 1190 619 1261 audite.
672 1179 699 1223 ³⁶
715 1189 757 1258 Et
783 1189 864 1260 dnm
899 1188 999 1259 fieret
1024 1211 1114 1272 vox,
1148 1190 1305 1262 inventus
1339 1201 1392 1261 est
1424 1193 1519 1264 lesus
1554 1193 1657 1263 solus.
1710 1191 1753 1262 Et
1779 1192 1843 1284 ipsi
1929 1273 1938 1288 ο
1975 1181 1977 1188 ’

355 1318 535 1381 tacuerunt
561 1319 596 1378 et
621 1308 747 1377 nemini
775 1307 937 1378 dixerunt
963 1309 997 1378 in
1023 1309 1096 1378 illis
1119 1308 1244 1379 diebus
1280 1310 1465 1402 quicquam
1501 1333 1547 1382 ex
1582 1311 1634 1381 bis
1665 1332 1757 1402 quae
1789 1310 1842 1381 vi-

354 1429 488 1500 derant.
540 1420 566 1464 ³²
580 1419 663 1474 (Μ)
680 1428 821 1497 Factum
849 1437 1045 1498 astantem
1072 1428 1106 1497 in
1133 1430 1293 1520 sequenti
1320 1429 1377 1500 die
1405 1429 1697 1502 descendentibus
1715 1429 1778 1500 illis
1796 1429 1842 1500 de

353 1559 470 1620 monte
498 1547 647 1618 occurrit
672 1547 715 1616 illi
743 1547 843 1617 turba
872 1548 985 1617 multa.
1038 1538 1118 1617 38Ει
1144 1569 1229 1618 εεεε
1255 1548 1307 1619 vir
1341 1549 1387 1620 de
1421 1549 1521 1621 turba
1553 1549 1762 1622 exclamavit
1787 1548 1841 1620 di·-
1914 1621 1917 1626 .

353 1689 437 1739 cens
463 1668 635 1759 Magister,
664 1665 814 1736 obsecro
842 1675 885 1750 te,
913 1666 1049 1758 respice
1074 1667 1108 1736 in
1135 1667 1238 1740 lilium
1266 1690 1391 1752 meum,
1420 1671 1500 1761 quia
1527 1671 1648 1741 unicus
1675 1679 1729 1739 est
1752 1667 1842 1746 mibi,

353 1781 380 1828 ³⁰
398 1799 434 1859 et
460 1808 544 1858 ecce
571 1786 708 1879 spiritns
736 1785 966 1878 apprehendit
990 1786 1081 1856 illum
1116 1798 1152 1857 et
1178 1788 1292 1860 subito
1320 1791 1446 1862 clamat
1477 1799 1513 1860 ει
1544 1789 1638 1861 elidit
1670 1798 1706 1859 et
1740 1781 1841 1860 dissi-

352 1919 414 2002 pat
440 1930 519 1978 eum
547 1929 624 1976 cum
653 1926 785 1998 spuma,
814 1914 849 1974 et
874 1906 934 1974 vix
960 1905 1108 1976 discedit
1134 1907 1301 1979 dilanians
1329 1931 1418 1980 eum.
1471 1898 1498 1946 ⁴⁰
1514 1910 1557 1978 Et
1589 1908 1711 2000 rogavi
1737 1906 1842 1979 disci-

354 2029 457 2120 pulos
491 2037 570 2096 tnos
602 2035 639 2095 ut
672 2025 826 2094 eicerent
860 2025 971 2109 illum,
1006 2035 1041 2094 et
1073 2047 1143 2096 non
1176 2039 1369 2120 potuerunt.
1429 2017 1452 2064 Η
1472 2029 1702 2120 Respondeas
1721 2021 1730 2038 '
1747 2027 1842 2098 lesus

354 2146 442 2217 dixit
469 2147 497 2215 Ο
525 2143 704 2236 generatio
730 2143 878 2214 infidelis
905 2153 940 2214 ει
966 2165 1144 2237 perversa,
1172 2169 1282 2239 usque
1312 2169 1381 2240 quo
1410 2169 1472 2218 ero
1500 2147 1594 2240 apud
1621 2169 1688 2218 vos
1715 2157 1749 2218 et
1776 2167 1835 2238 pa-

355 2266 419 2336 tiar
444 2265 535 2334 vos?
562 2261 688 2333 Adduo
713 2261 818 2332 lilium
845 2269 949 2334 tuum.
1003 2255 1031 2300 ‘²
1046 2265 1088 2335 Et
1114 2287 1192 2336 cum
1219 2265 1420 2350 accederet,
1455 2267 1543 2338 elisit
1573 2268 1666 2337 illum
1693 2265 1841 2336 daemo-

353 2385 446 2455 nium
473 2392 509 2453 et
535 2381 721 2474 dissipavit.
775 2371 856 2453 ”Et
881 2384 1073 2476 increpavit
1098 2385 1193 2454 lesus
1219 2386 1374 2478 spiritum
1400 2387 1619 2472 inmundum,
1648 2393 1684 2456 et
1709 2383 1843 2456 sanavit

354 2525 500 2596 puerum
528 2511 562 2572 et
587 2500 739 2572 reddidit
764 2502 857 2572 illum
883 2505 973 2594 patri
1001 2503 1083 2574 eius.
1136 2493 1266 2550 ⁴⁵(⁴⁰⁰·⁸·)
1284 2505 1477 2596 Stupebant
1509 2516 1624 2576 autem
1660 2523 1781 2574 omnes
1808 2503 1843 2572 in

356 2621 593 2714 magnitudine
619 2621 695 2706 dei:
736 2611 826 2667 (Μ)
858 2621 1087 2715 omnibusque
1112 2623 1314 2694 mirantibus
1331 2625 1366 2694 in
1393 2624 1553 2694 omnibus
1571 2647 1663 2716 quae
1680 2621 1840 2705 faciebat,

355 2743 444 2814 dixit
471 2741 517 2812 ad
544 2741 732 2833 discipulos
758 2761 841 2810 suos
869 2740 989 2813 Ponite
1015 2764 1081 2813 vos
1114 2743 1149 2812 in
1176 2741 1340 2813 cordibus
1373 2745 1498 2814 vestris
1533 2765 1714 2814 sermones
1740 2741 1840 2813 istos:

354 2859 444 2931 filius
469 2860 559 2930 enim
587 2859 734 2930 bominis
760 2860 891 2930 iuturus
919 2871 974 2932 εει
999 2872 1035 2932 ιιι
1061 2861 1217 2933 tradatur
1243 2862 1277 2931 in
1304 2884 1426 2935 manus
1453 2864 1640 2936 hominum.
1686 2851 1770 2932 *³At
1797 2861 1842 2931 illi

354 2981 561 3072 ignorabant
585 2980 732 3051 verbum
758 2979 859 3063 istud,
888 2989 924 3050 et
949 2991 1025 3052 erat
1050 2981 1201 3052 velatum
1229 2991 1309 3053 ante
1341 3003 1405 3054 eos
1438 2993 1475 3053 ut
1507 3005 1577 3054 non
1610 2982 1775 3054 sentirent
1799 2981 1841 3050 il-

355 3101 422 3185 lud‚
452 3110 485 3170 et
513 3100 679 3170 timebant
706 3099 921 3190 interrogare
957 3121 1034 3170 eum
1069 3101 1114 3172 dc
1147 3102 1215 3172 hoc
1241 3103 1362 3173 verbo.
1415 3091 1543 3148 ΜΗ)
1561 3103 1700 3173 lntravit
1727 3111 1840 3172 autem

355 3219 518 3312 cogitatio
546 3220 579 3289 in
606 3240 678 3303 eos,
708 3219 785 3310 quis
812 3239 933 3289 eorum
960 3221 1070 3290 maior
1097 3231 1199 3291 esset.
1252 3209 1278 3258 ⁴⁷
1294 3220 1340 3290 Αι
1371 3222 1469 3292 lesus
1500 3221 1624 3294 videns
1658 3221 1841 3312 oothatio-

354 3362 418 3410 nes
445 3341 561 3412 cordis
587 3340 730 3422 illorum,
759 3339 1028 3430 adprehendens
1054 3361 1200 3432 puerum
1227 3342 1342 3410 statuit
1368 3362 1447 3411 eum
1475 3361 1577 3411 secus
1603 3361 1660 3425 se,
1704 3331 1779 3410 ⁴⁸et
1796 3337 1843 3410 ait

356 3459 419 3528 illis
447 3460 662 3551 Quicumque
689 3459 882 3552 susceperit
907 3479 1053 3550 puerum
1080 3459 1181 3530 istum
1208 3460 1242 3529 in
1268 3461 1408 3532 nomine
1434 3481 1531 3544 meo,
1560 3483 1617 3531 me
1643 3459 1779 3552 recipit,
1808 3467 1843 3528 et

355 3579 563 3670 quicumque
598 3598 655 3647 me
688 3579 833 3671 recepit,
869 3579 991 3672 recipit
1023 3601 1103 3651 eum
1137 3579 1194 3670 qni
1225 3601 1282 3650 me
1316 3580 1420 3650 misit:
1454 3601 1534 3650 nam
1568 3580 1626 3672 qui
1652 3579 1762 3648 minor
1789 3585 1842 3648 est

355 3699 442 3768 inter
468 3718 592 3768 omnes
609 3719 684 3781 vos,
713 3698 768 3768 bic
785 3697 897 3768 maior
923 3709 985 3768 est.
1029 3689 1056 3736 *⁹
1069 3689 1158 3745 (Μ)
1177 3698 1406 3792 Respondeas
1431 3707 1546 3770 autem
1565 3699 1736 3770 lohannes
1755 3695 1842 3768 dixit

355 3818 577 3909 Praeceptor,
603 3817 751 3888 vidimus
778 3817 953 3910 quendam
978 3819 1011 3888 in
1037 3819 1176 3888 nomine
1195 3829 1253 3890 tuo
1282 3818 1462 3888 eicientem
1481 3818 1675 3902 daemonia,
1704 3827 1739 3888 et
1756 3835 1840 3907 pro-
1883 3859 1894 3880 .

356 3937 527 4007 bibuimus
546 3957 635 4021 eum,
665 3937 832 4027 quianon
860 3937 1012 4029 sequitur
1029 3938 1219 4008 nobiseum.
1264 3929 1345 4007 56Ει
1371 3938 1417 4008 ait
1434 3937 1480 4008 ad
1505 3938 1596 4008 illum
1616 3939 1711 4008 lesus
1729 3935 1840 4004 Nolite

356 4055 561 4149 prohibere:
588 4057 646 4148 qui
672 4055 762 4125 enim
788 4065 930 4126 nonest
953 4056 1123 4127 adversus
1142 4078 1216 4142 vos,
1236 4057 1420 4149 provehis
1439 4066 1501 4126 est.
1544 4051 1568 4092 ⁵¹
1584 4048 1685 4102 (Μ)
1699 4057 1839 4126 Factum

355 4187 408 4247 est
435 4185 551 4248 autem
579 4175 662 4246 dum
689 4177 944 4268 complerentur
971 4176 1046 4247 dies
1073 4178 1293 4246 assumtionis
1318 4176 1401 4259 eius,
1430 4184 1465 4245 et
1491 4176 1566 4268 ipse
1592 4176 1715 4248 faciem
1743 4193 1841 4246 suam

356 4297 504 4367 lirmavit
530 4303 565 4363 ut
591 4295 657 4365 iret
681 4295 911 4379 Hierusalem,
955 4287 981 4332 ⁵²
999 4305 1034 4366 et
1060 4295 1151 4366 misit
1177 4296 1314 4367 nuntios
1347 4303 1428 4366 ante
1464 4304 1688 4387 conspectum
1725 4315 1840 4365 snum:

355 4427 390 4488 et
416 4427 537 4486 euntes
564 4414 775 4484 intraverunt
808 4415 842 4484 in
877 4415 1049 4485 civitatem
1077 4416 1370 4486 Samaritanorum
1405 4423 1442 4484 ut
1467 4424 1631 4506 pararent
1657 4415 1715 4484 illi:
1764 4406 1791 4450 ω
1808 4422 1843 4482 ει

276 4535 279 4540 ’
355 4555 424 4606 non
449 4542 658 4625 receperunt
684 4554 773 4617 eum,
803 4533 882 4625 quia
908 4535 1014 4605 iacies
1042 4534 1115 4604 eius
1141 4544 1217 4604 orat
1243 4535 1354 4604 euntis
1377 4534 1599 4604 Hierusalem.
1643 4522 1670 4572 ⁵⁵
1688 4533 1771 4602 Cum
1789 4532 1842 4600 vi·

355 4651 487 4724 dissent
517 4645 688 4744 'discipuli
714 4653 789 4724 eius
815 4655 961 4725 lacobus
988 4663 1024 4723 et
1049 4654 1227 4735 lohannes
1255 4651 1416 4722 dixerunt
1441 4653 1598 4736 Domine,
1626 4653 1679 4722 vis
1698 4651 1842 4722 dicimus

354 4785 390 4844 ut
416 4773 503 4865 ignis
531 4772 724 4845 descendat
749 4773 795 4844 de
822 4776 920 4845 eaelo
948 4783 983 4843 ct
1003 4785 1183 4843 consumat
1209 4771 1308 4840 illos?
1351 4764 1381 4808 εὖ
1396 4773 1438 4842 Ει
1464 4791 1656 4846 conversus
1682 4772 1842 4863 increpa—

354 4895 402 4964 vit
427 4894 503 4965 illos
531 4903 565 4964 et
591 4893 678 4966 dixit
703 4893 850 4966 Nescitis
877 4894 973 4966 cuins
1000 4891 1138 4983 spiritus
1165 4890 1272 4961 estis?
1321 4883 1348 4928 ³⁶
1366 4892 1466 4962 Filius
1500 4891 1648 4962 hominis
1682 4911 1752 4960 non
1777 4909 1842 4958 ve-

354 5014 402 5083 nit
428 5015 558 5084 animas
585 5014 737 5105 perdere
755 5013 820 5084 sed
838 5015 981 5084 salvare.
1010 5011 1051 5080 Et
1069 5010 1227 5081 abierunt
1244 5009 1277 5078 in
1296 5010 1387 5082 alind
1406 5011 1592 5082 castellum.
1625 5001 1652 5046 ⁵⁷
1665 5000 1756 5054 (Μ)
1775 5007 1841 5078 l'a-

355 5143 447 5204 mum
475 5143 528 5203 est
556 5143 669 5204 autem
705 5132 959 5204 ambulantibus
991 5131 1054 5200 illis
1087 5129 1202 5202 invia
1229 5129 1316 5200 dixit
1343 5131 1481 5222 quidam
1517 5131 1563 5202 ad
1590 5131 1680 5200 illum
1709 5130 1842 5219 Sequar

949 5251 1003 5334 tx,
1033 5253 1079 5320 33
1112 5289 1157 5302 -—
1188 5245 1246 5320 57.
