4254 6130
642 373 883 442 statement
910 371 1115 436 SECUNDUM
1141 371 1340 438 lonltttttttt
1667 379 1732 450 451

250 584 303 654 his
329 579 474 654 videbis.
513 573 537 618 ⁵¹
558 579 600 652 Et
625 581 711 654 dicit
735 581 767 652 ei
793 578 906 650 Amen
925 595 1029 648 amen
1057 577 1139 648 dico
1166 579 1278 665 vobis,
1304 579 1466 654 videbitis
1484 583 1619 656 caelum
1637 605 1741 680 aper-

252 715 321 774 tum
348 697 389 772 et*
409 701 553 794 angelos
580 702 638 774 dei
666 699 898 772 ascendentes
925 703 958 764 et
986 696 1250 770 descendentes
1275 721 1379 794 supra
1406 699 1509 774 filium
1536 703 1691 777 bominis.

330 1177 401 1254 ‘tlt
426 1180 482 1253 die
509 1179 608 1252 tertio
648 1177 791 1271 numme
825 1177 937 1248 laetae
970 1185 1052 1248 sunt
1079 1175 1113 1248 in
1140 1175 1231 1251 Cana
1258 1179 1443 1268 Galilaeae,
1470 1195 1506 1256 et
1531 1201 1607 1260 erat
1632 1200 1743 1262 mater

109 1373 112 1380 .
255 1307 332 1378 lesu
356 1303 421 1376 ibi:
464 1295 638 1373 'vocatus
672 1308 731 1370 est
763 1307 880 1372 autem
914 1297 959 1368 ihi
986 1306 1022 1368 et
1048 1298 1149 1371 lesus
1178 1309 1214 1370 et
1241 1299 1396 1394 distipub'
1422 1302 1495 1376 eius
1522 1307 1569 1380 ad
1594 1310 1740 1402 nuptias.

255 1419 327 1496 ³llt
352 1422 535 1496 deficiente
566 1420 648 1490 nno
680 1417 764 1492 dicit
798 1427 909 1490 mater
939 1419 1016 1492 lesu
1051 1419 1097 1491 ad
1130 1441 1208 1492 eum
1236 1421 1356 1520 Vinum
1381 1442 1452 1493 non
1477 1423 1615 1498 babent.
1667 1417 1740 1501 *tlt

257 1543 338 1618 dicit
363 1545 396 1616 ei
421 1545 518 1615 lesus
552 1535 642 1625 Quid
675 1539 734 1610 tibi
767 1549 805 1611 et
838 1537 918 1610 mihi
958 1549 1027 1626 est,
1063 1540 1206 1612 mulier?
1240 1540 1391 1612 nondnm
1418 1543 1511 1614 venit
1536 1545 1621 1618 bora
1649 1569 1737 1620 mea.

256 1659 370 1736 ⁵nicit
404 1673 516 1736 mater
549 1659 622 1730 eius
655 1658 816 1732 ministris
851 1659 1104 1755 Quodcumque
1137 1661 1262 1733 dixerit
1295 1661 1412 1748 vobis,
1439 1663 1550 1736 facite.
1601 1659 1738 1740 ⁶Erant

258 1795 372 1856 autem
399 1783 446 1854 ibi
473 1777 630 1873 lapideae
655 1777 802 1872 hydriae
835 1799 900 1851 sex
931 1781 1067 1874 positae
1093 1781 1282 1854 secundum
1313 1779 1585 1876 purificationem
1611 1787 1736 1860 ludae-

259 1926 373 1988 orum,
407 1902 586 1996 capientes
615 1898 769 1992 singulae
803 1909 968 1972 metretas
999 1902 1100 1976 binus
1132 1903 1189 1974 vel
1222 1913 1347 1976 ternas.
1396 1895 1523 1976 ''Dicit
1555 1905 1606 1978 eis
1640 1907 1736 1982 lesus

258 2025 402 2118 lmplete
427 2021 569 2116 hydrias
595 2039 693 2112 aqua.
745 2021 788 2090 llt
813 2021 1040 2114 impleverunt
1065 2043 1127 2095 eas
1153 2043 1264 2116 usque
1290 2021 1336 2094 ad
1362 2043 1542 2096 summum.
1586 2017 1655 2098 ⁸tlt
1680 2028 1735 2100 di-

260 2146 304 2216 cit
330 2144 381 2216 eis
407 2143 505 2214 lesus
530 2140 667 2214 Haurite
699 2160 790 2212 nunc
816 2149 851 2210 et
882 2137 968 2211 lente
1000 2142 1245 2215 archetriclino.
1298 2143 1341 2214 Et
1365 2143 1519 2219 tuterunt.
1571 2137 1645 2218 ⁹Ut
1671 2169 1734 2218 an-

260 2277 329 2337 tem
363 2263 515 2356 gustavit
547 2259 803 2333 archetriclinus
834 2281 960 2353 aquam
994 2261 1109 2334 uuum
1143 2264 1286 2348 ladam,
1323 2271 1358 2334 et
1387 2283 1459 2334 non
1483 2265 1617 2338 sciebat
1642 2268 1734 2339 unde

260 2395 363 2470 esset
390 2381 532 2454 ministri
558 2389 672 2452 autem
699 2379 855 2452 sciebant
880 2381 938 2474 qui
963 2381 1151 2456 hauserant
1175 2404 1318 2477 aquam,
1352 2391 1457 2456 vocat
1483 2404 1649 2477 sponsum
1675 2409 1733 2459 ar-

260 2504 475 2580 ehetrielinus
518 2493 544 2540 ⁴⁰
560 2511 596 2572 et
620 2499 702 2572 dicit
734 2499 766 2570 ei
793 2499 911 2570 Omnis
936 2499 1042 2573 borno
1072 2503 1219 2596 primum
1253 2503 1383 2574 bontnn
1416 2501 1533 2574 vinam
1559 2507 1673 2599 ponit,
1699 2519 1735 2580 et

261 2649 339 2700 cum
365 2623 523 2696 inebriati
547 2621 678 2706 brerint,
705 2629 785 2691 tunc
809 2619 845 2691 id
872 2620 967 2712 quod
999 2621 1151 2695 deterius
1175 2633 1245 2695 est:
1278 2634 1315 2694 tu
1347 2623 1495 2696 servasti
1524 2623 1653 2698 bonum
1681 2629 1733 2698 vi-

260 2770 340 2820 num
377 2763 489 2838 usque
520 2741 642 2813 adhue.
693 2730 716 2776 ⁴¹
732 2739 806 2811 Hoc
839 2740 918 2812 lecit
955 2743 1083 2815 initium
1118 2742 1294 2836 signorum
1324 2743 1420 2818 lesus
1449 2743 1484 2814 in
1514 2743 1608 2818 Cana
1641 2747 1733 2820 Guli-

261 2869 371 2951 laeae‚
398 2873 434 2936 et
459 2861 687 2936 maniiestnvit
712 2860 856 2954 gloriam
882 2881 990 2947 suam,
1016 2843 1054 2935 'et
1077 2863 1298 2936 erediderunt
1322 2863 1452 2934 ineam
1478 2863 1632 2959 discipuli
1650 2866 1732 2938 eius.

261 2979 287 3026 ¹²
300 2979 375 3034 “⁹³¹³
388 2985 472 3056 Post
498 2982 566 3054 hoc
591 2979 770 3054 deseendit
796 2977 1034 3076 Capharnaunn
1059 2982 1135 3076 ipse
1161 2994 1197 3054 et
1222 2993 1332 3056 mater
1358 2983 1432 3055 eius
1459 2993 1495 3054 et
1510 2985 1633 3056 fratres
1659 2983 1733 3056 eius

205 3135 209 3141 ·
262 3117 296 3179 et
322 3103 479 3200 discipuli
504 3102 592 3190 eius,
620 3114 655 3174 et
678 3081 725 3172 n'i
750 3111 949 3174 manserunt
973 3123 1043 3173 non
1068 3103 1181 3174 miultis
1211 3103 1343 3176 diebus.
1403 3095 1518 3150 'm'
1535 3104 1578 3176 Et
1602 3125 1732 3198 prope-

263 3227 363 3299 rabat
387 3221 519 3319 pascha
544 3223 758 3308 ludaeorum,
785 3229 820 3292 et
845 3221 1001 3294 aseendit
1025 3221 1264 3316 Hierosolyma
1289 3225 1393 3296 lesus.
1436 3215 1462 3260 ¹⁴
1475 3214 1550 3268 (Μ)
1567 3224 1609 3294 llt
1634 3221 1731 3292 inve-

265 3345 310 3418 nit
335 3347 370 3417 in
395 3343 524 3438 templo
550 3341 742 3415 vendentes
766 3342 878 3414 hoves
904 3350 937 3414 ct
964 3361 1051 3413 oves
1077 3351 1113 3412 et
1138 3343 1318 3416 columbas
1343 3353 1379 3414 et
1403 3341 1647 3414 nummularios
1672 3361 1731 3412 se-

264 3467 403 3550 dentes,
447 3457 476 3520 ¹⁵,
491 3473 526 3536 et
550 3485 628 3536 cum
654 3463 791 3536 lecisset
817 3462 914 3554 quasi
940 3461 1111 3556 flagellum
1142 3462 1187 3533 de
1213 3463 1381 3548 tuniculis,
1415 3483 1537 3534 omnes
1562 3461 1662 3534 eiecit
1686 3461 1732 3533 de

264 3587 402 3680 templo,
430 3605 516 3655 oves
542 3603 682 3676 quoqne
708 3593 743 3654 et
767 3583 888 3669 boves,
915 3593 951 3653 et
976 3582 1278 3656 nummulariorum
1304 3581 1423 3654 effudit
1447 3601 1508 3654 aes
1534 3593 1569 3653 et
1594 3603 1732 3654 mensas

265 3703 445 3788 snbvertit,
491 3694 517 3740 ⁴⁶
533 3712 570 3774 et
593 3703 645 3775 bis
672 3703 729 3798 qui
754 3701 931 3773 columbas
959 3701 1157 3776 vendebant
1180 3703 1268 3775 dixit
1292 3702 1431 3774 Auferte
1457 3701 1522 3775 istu
1547 3701 1639 3786 bine,
1665 3723 1731 3774 uo-

265 3826 321 3898 lite
353 3827 469 3898 lacere
500 3821 640 3894 domum
677 3823 784 3918 patris
815 3822 881 3892 mei
920 3821 1061 3894 domum
1094 3823 1344 3916 negotiatione.
1405 3812 1529 3872 'wll
1549 3823 1733 3896 Recordati

265 3967 351 4018 vero
377 3953 456 4017 sumt
481 3941 635 4037 ‹bsdpuli
662 3944 735 4016 eius
759 3941 838 4036 quia
865 3943 1027 4038 seriptum
1055 3953 1109 4015 est
1132 3945 1233 4016 Zelns
1258 3944 1480 4017 demetriae
1497 3943 1731 4020 eomeditme.

265 4054 378 4114 ’Μ
391 4061 655 4158 Responderunt
686 4083 773 4158 ergo
805 4063 922 4136 ludaei
955 4073 991 4134 et
1021 4063 1182 4136 dixerunt
1210 4066 1243 4136 ei
1276 4063 1378 4155 Quod
1411 4062 1545 4156 signum
1578 4065 1732 4154 ostendis

266 4183 375 4270 nobis,
402 4185 483 4278 quia
508 4185 595 4256 haec
621 4185 730 4258 laeis‘l
773 4175 799 4221 ⁴⁹
812 4171 898 4230 Μ’)
917 4181 1105 4278 Respondit
1128 4185 1224 4257 lesus
1250 4195 1285 4256 et
1310 4183 1397 4256 dixit
1421 4182 1473 4254 eis
1489 4183 1617 4256 Solvite
1643 4194 1732 4256 tem

267 4305 360 4398 plum
386 4303 471 4390 hoc,
504 4313 540 4376 et
570 4305 603 4376 iu
636 4305 743 4376 tribus
773 4303 897 4377 diebus
928 4303 1089 4376 excitabo
1122 4305 1213 4376 illud.
1264 4295 1291 4342 '⁰
1307 4303 1474 4374 Dixerunt
1505 4323 1591 4397 ergo
1616 4301 1733 4378 ludaei

269 4423 502 4518 Quadraginta
529 4434 564 4496 et
589 4427 776 4498 sexennis
804 4424 1020 4498 aedificatum
1047 4433 1100 4496 est
1125 4425 1288 4520 templum
1315 4423 1391 4508 beu,
1419 4433 1453 4495 et
1478 4435 1514 4496 tu
1531 4423 1640 4496 tribus
1657 4423 1733 4495 die-

267 4544 333 4618 bus
359 4545 528 4618 excitabis
551 4545 659 4618 illud?
701 4536 724 4582 ²¹
743 4545 800 4616 llle
827 4555 941 4618 auwm
967 4545 1106 4618 dicebat
1130 4543 1176 4617 de
1193 4545 1322 4638 templo
1340 4545 1568 4640 corporissui.
1612 4536 1734 4616 ”eum

268 4685 353 4760 ergo
380 4665 629 4738 resurrexisset
653 4687 675 4736 a
701 4665 852 4752 mortuis,
880 4663 1052 4738 recordati
1078 4676 1156 4738 sunt
1186 4665 1340 4758 discipuli
1376 4665 1450 4736 eius
1482 4665 1561 4758 qnia
1587 4665 1655 4736 boe
1680 4665 1734 4736 di·
1874 4723 1880 4735 ,

269 4785 380 4872 cebat,
406 4797 442 4858 et
467 4785 685 4860 crediderumt
710 4785 900 4878 scripturae
926 4797 961 4858 ct
986 4785 1136 4857 emmoni
1161 4803 1263 4877 quern
1283 4783 1370 4856 dixit
1385 4786 1488 4856 lesus.
1531 4777 1558 4826 ¹³
1571 4785 1653 4856 Cum
1672 4805 1734 4857 au-

270 4915 338 4978 tem
366 4916 458 4979 esset
483 4905 730 5000 Hierosolymis
754 4904 788 4976 iu
815 4905 945 4998 pascha
971 4905 1005 4976 in
1031 4905 1088 4977 die
1115 4905 1211 4988 iusto,
1238 4903 1331 4976 multi
1363 4903 1582 4976 crediderunt
1612 4905 1644 4976 in
1670 4927 1762 4976 no·-

270 5027 360 5098 mine
386 5027 469 5112 eius7
496 5026 653 5100 videntes
687 5025 784 5118 signa
817 5024 890 5096 eins
922 5045 1012 5118 quse
1045 5023 1205 5096 iaciebat:
1255 5013 1281 5062 ’⁸
1297 5025 1373 5118 ipse
1409 5034 1523 5098 amm
1548 5023 1643 5098 lesus
1668 5047 1738 5098 non

270 5146 436 5218 credebat
462 5157 572 5218 semet
597 5145 708 5240 ipsum
735 5143 794 5230 eis,
821 5165 865 5216 eo
892 5140 990 5237 quod
1011 5144 1085 5238 ipse
1111 5153 1229 5216 nosset
1254 5165 1390 5230 omnes,
1485 5155 1520 5216 et
1545 5145 1624 5238 quia
1650 5167 1739 5241 opus

363 5280 366 5286 ’
838 5265 860 5348 l,
888 5265 929 5336 et
966 5301 1010 5315 —
1039 5263 1074 5348 ll,
1101 5265 1160 5338 25.
