4242 6118
343 395 392 466 50
735 395 978 460 armentum
1005 395 1208 460 secuuntur
1233 397 1438 462 uxrrnsuu

342 591 369 636 ⁴⁶
382 589 471 646 (Ν)
489 597 649 678 Habebat
682 607 798 669 antem
833 609 913 670 tune
944 597 1094 668 vinctum
1130 599 1298 690 insignem
1336 598 1394 692 qui
1427 597 1606 670 dicebatur
1638 599 1830 672 Barabbas.

341 708 367 754 ¹⁷
386 717 612 810 Congregatis
638 737 726 807 ergo
752 715 815 787 illis
842 715 927 788 dixit
954 715 1080 788 Pilatus
1108 717 1221 802 Quem
1247 715 1348 789 vultis
1375 716 1542 789 dimittam
1559 717 1670 804 vobis,
1696 719 1831 790 Barab-

342 837 412 908 ban
439 857 483 908 an
508 837 620 932 lesum
647 834 706 926 qui
732 833 854 906 dicitur
880 833 1056 906 Christus‘l
1109 827 1136 871 ⁴⁸
1153 833 1293 906 Sciebat
1328 835 1419 906 enim
1452 835 1548 928 quod
1578 857 1643 930 per
1668 837 1831 908 invidiam

343 955 567 1027 tradidissent
593 974 683 1025 eum.
736 944 1051 1026 '⁹⁰²⁴'1P’Sedento
1078 963 1194 1024 sutem
1220 953 1277 1026 illo
1303 975 1369 1048 pro
1396 954 1553 1026 tribunali
1586 955 1678 1026 misit
1710 955 1757 1027 ad
1789 956 1831 1026 il·-

343 1075 413 1144 lum
438 1093 530 1145 uxor
556 1071 631 1142 eius
657 1069 777 1143 dicens
802 1069 890 1142 Nilul
916 1073 975 1144 tibi
1001 1081 1038 1143 et
1063 1071 1153 1144 iusto
1179 1073 1242 1142 illi:
1277 1075 1383 1163 multa
1410 1073 1501 1143 enim
1528 1093 1634 1166 passa
1660 1095 1736 1145 sum
1763 1073 1830 1144 ho·
1871 1155 1873 1162 ,

344 1193 402 1264 die
428 1190 628 1286 pervisum
654 1197 799 1283 propter
826 1211 915 1262 eum.
967 1182 994 1228 ¹⁰
1007 1181 1095 1238 (Μ)
1113 1190 1278 1284 Princeps
1311 1201 1427 1262 autem
1461 1191 1682 1263 sacerdotum
1710 1202 1745 1262 et
1771 1213 1830 1262 se·

343 1312 460 1382 niores
485 1318 734 1402 persuaserunt
759 1309 896 1402 populis
921 1319 959 1382 ut
984 1317 1142 1403 peterent
1167 1309 1361 1394 Barabban,
1388 1311 1501 1380 lesum
1526 1331 1613 1381 vero
1632 1311 1828 1404 perderent.
1960 1311 1966 1331 ⁴

343 1424 367 1468 ²⁴
386 1428 615 1522 Respondeas
642 1437 758 1516 autem
783 1449 929 1520 praeses
955 1431 1002 1500 ait
1026 1428 1089 1500 illis
1116 1430 1227 1514 Quom
1258 1429 1360 1500 vultis
1394 1429 1495 1500 vobis
1530 1428 1576 1499 dc
1610 1429 1749 1501 duobus
1775 1429 1830 1500 di-

344 1548 456 1620 mitti‘l
488 1546 534 1618 Αι
566 1547 610 1618 illi
643 1547 804 1618 dixerunt
835 1546 1029 1618 Barabban.
1080 1539 1107 1586 ²
1121 1539 1213 1594 (Μ
1229 1547 1318 1618 Dicit
1349 1547 1412 1619 illis
1445 1547 1571 1618 Pilatus
1605 1548 1696 1633 Quid
1730 1547 1832 1640 igitur

329 1667 468 1752 ,luciam
496 1665 542 1737 de
568 1667 645 1738 lesu
673 1667 730 1758 qui
762 1665 883 1736 dicitur
916 1664 1095 1736 Christus?
1146 1657 1174 1704 ²³
1189 1665 1314 1736 Dicunt
1344 1687 1467 1737 omnes
1500 1665 1733 1758 Crucifigatur.
1776 1665 1832 1736 Ait

344 1786 408 1858 illis
433 1805 577 1879 praeses
605 1784 696 1870 Quid
723 1784 813 1854 enim
841 1783 921 1854 mali
946 1784 1051 1855 lecit‘l
1078 1783 1123 1855 Αι
1148 1784 1192 1854 illi
1218 1783 1330 1876 magis
1348 1785 1546 1856 clamabant
1571 1783 1728 1856 dicentes
1746 1785 1831 1854 Cru-

345 1904 511 1998 citigatur.
563 1894 589 1942 'l
602 1893 705 1948 ‘m'
723 1901 851 1972 Videas
883 1911 998 1973 autem
1031 1903 1157 1974 Pilatus
1192 1903 1271 1996 quia
1304 1901 1386 1972 nihil
1417 1901 1604 1996 proliceret
1630 1901 1694 1976 sed
1720 1903 1833 1994 magis

345 2025 509 2096 tumultus
535 2021 643 2104 lieret,
670 2030 815 2114 accepta
841 2041 933 2113 aqua
958 2021 1040 2092 lavit
1065 2042 1188 2092 manus
1214 2043 1334 2092 coram
1360 2021 1491 2114 populo
1519 2021 1639 2094 dicens
1664 2009 1833 2093 innocens

347 2164 417 2235 ego
443 2164 518 2228 sum
547 2161 568 2212 a
595 2139 762 2231 sanguine
787 2139 866 2211 iusti
883 2137 996 2210 husius:
1025 2160 1089 2210 vos
1113 2139 1278 2211 videritis.
1303 2127 1331 2178 ¹⁵
1346 2139 1389 2209 m
1405 2141 1626 2233 respondens
1652 2141 1833 2214 universus

346 2261 496 2356 populns
520 2257 607 2330 dixit
630 2257 777 2349 Sanguis
801 2256 876 2328 sius
901 2277 1007 2350 super
1029 2277 1095 2329 uos
1117 2267 1155 2330 et
1184 2278 1287 2352 super
1311 2256 1399 2329 lilios
1421 2269 1570 2331 nostros.
1596 2251 1725 2306 ”W
1739 2261 1833 2331 Tune

212 2417 219 2420 ·
347 2380 475 2452 dimisit
500 2378 564 2448 illis
589 2375 783 2460 Barabbau,
810 2377 923 2447 lesum
950 2383 1066 2446 antem
1092 2373 1301 2467 llagellatum
1334 2375 1476 2448 tradidit
1501 2376 1552 2447 eis
1571 2361 1624 2450 ¹ut
1649 2377 1832 2472 crucifige-

347 2509 450 2570 retur.
502 2489 529 2535 ²⁷
542 2485 631 2542 (Μ)
646 2495 740 2566 Τιιιιο
766 2495 890 2566 mihtes
916 2493 1087 2588 praesidis
1113 2494 1341 2588 suscipientes
1367 2495 1480 2568 lesum
1497 2496 1532 2566 in
1549 2499 1726 2589 praetorio
1745 2519 1832 2570 con-

347 2623 583 2710 gregaverunt
608 2613 654 2685 ad
680 2634 760 2684 eum
786 2613 985 2685 universam
1012 2612 1208 2684 cohortem:
1251 2606 1279 2652 ²⁸
1296 2623 1331 2683 et
1349 2625 1519 2686 exuentes
1537 2635 1616 2686 eum
1635 2617 1831 2711 clamydem

348 2735 550 2808 coccineam
576 2731 878 2805 circumdederunt
903 2733 945 2816 ei,
988 2726 1015 2774 ²⁹
1033 2741 1068 2803 et
1093 2731 1284 2824 plectentes
1310 2753 1477 2806 coronam
1504 2733 1549 2805 de
1575 2735 1684 2829 spinis
1701 2756 1832 2830 posue-

346 2863 426 2926 runt
451 2873 558 2946 super
583 2863 687 2947 ceput
712 2852 787 2924 eius
814 2861 850 2922 at
874 2851 1100 2924 harundinem
1127 2851 1161 2920 in
1188 2851 1334 2922 dextera
1361 2852 1444 2938 eius,
1473 2862 1508 2925 et
1531 2855 1733 2945 genuflexo
1753 2865 1832 2926 ante

239 3037 243 3045 .
348 2993 429 3044 eum
459 2969 659 3043 inludebant
700 2971 856 3042 dicentes
885 2971 984 3042 llave
1024 2993 1090 3041 rex
1126 2969 1342 3042 ludaeorum.
1394 2963 1522 3020 ”W
1539 2973 1581 3041 llt
1620 2985 1833 3068 exspuentes

347 3090 382 3160 in
409 3109 489 3160 eum
516 3099 725 3184 occeperunt
751 3089 976 3162 harundinem
1010 3099 1047 3160 et
1080 3089 1320 3182 percutiebant
1351 3097 1456 3182 caput
1488 3089 1572 3162 eius.
1622 3083 1645 3130 ³¹
1665 3092 1708 3162 llt
1732 3101 1813 3187 post

336 3208 453 3302 'quam
477 3207 673 3280 inluserunt·
691 3209 733 3293 ei,
760 3217 930 3282 exuerunt
956 3230 1035 3281 eum
1062 3207 1223 3304 clamyde
1254 3217 1290 3280 et
1314 3207 1511 3279 induerunt
1529 3228 1609 3280 eum
1641 3210 1832 3281 vestimen·

346 3327 392 3397 tis
417 3326 501 3411 eius,
528 3335 565 3398 et
589 3327 762 3400 duxerunt
795 3351 875 3402 eum
908 3337 946 3401 ιιι
980 3326 1229 3420 crucifigerent.
1280 3315 1409 3370 mhi)
1422 3327 1599 3398 Exeuntes
1632 3339 1747 3400 autem
1779 3330 1832 3400 in-
1931 3355 1936 3366 ¹

347 3455 515 3516 venerunt
539 3446 714 3519 bominem
749 3447 942 3541 Cyreneum
973 3447 1113 3520 nomine
1146 3446 1339 3517 Simonem:
1372 3444 1463 3516 huuc
1497 3447 1764 3538 angariaverunt
1796 3459 1833 3520 ut

292 3649 298 3656 ⁰
347 3565 483 3635 tolleret
509 3586 648 3636 erucem
675 3566 758 3638 eius.
810 3559 837 3606 ³³
850 3559 939 3613 (ω)
955 3569 998 3637 Et
1022 3574 1192 3637 venerunt
1216 3564 1251 3634 in
1277 3565 1392 3635 locum
1418 3565 1476 3656 qui
1503 3563 1627 3638 dieitur
1653 3567 1833 3661 Golgotha,

349 3683 445 3775 quod
471 3693 526 3754 est
552 3685 724 3756 calvariae
750 3686 858 3756 locus.
910 3674 1038 3732 “imi
1051 3683 1094 3754 Et
1120 3683 1289 3755 dedemmt
1317 3683 1349 3752 ei
1375 3684 1492 3755 vinum
1519 3685 1641 3756 bibere
1660 3709 1738 3759 oum
1756 3687 1833 3757 telle

348 3802 508 3886 mixtum,¹
531 3811 567 3873 et
593 3823 671 3874 cum
698 3813 871 3896 gustasset
896 3802 1003 3873 noluit
1027 3802 1160 3873 bibere.
1211 3792 1239 3838 ³⁵
1251 3790 1340 3848 ‘W’
1357 3802 1545 3895 Postquam
1580 3814 1694 3876 sutem
1720 3804 1833 3875 cruci-

347 3919 499 3992 fixerunt
524 3942 613 4008 cum,
640 3922 831 3994 diviserunt
854 3921 1060 3994 vestimenta
1086 3919 1160 3990 eius
1186 3929 1316 3990 sortem
1349 3922 1538 4007 mittentes,
1573 3933 1610 3992 ιιι
1634 3923 1834 4017 impleretur

348 4038 445 4130 quod
471 4038 600 4111 dictum
628 4051 682 4112 est
706 4063 770 4134 per
795 4039 1002 4135 prophetam
1028 4039 1222 4110 Diviserant
1247 4037 1312 4108 sibi
1329 4041 1535 4113 vestimenta
1559 4063 1648 4125 mea,
1676 4051 1711 4112 et
1728 4062 1834 4135 super
1947 4139 1952 4146 1

348 4166 483 4228 vestem
511 4179 627 4230 meam
653 4161 819 4232 miserrmt
844 4169 984 4232 sortem.
1015 4149 1042 4196 ³⁶
1058 4159 1100 4228 Et
1126 4155 1291 4228 sedentes
1318 4160 1505 4230 servabant
1531 4181 1620 4230 cum.
1651 4151 1677 4196 ³⁷
1691 4151 1779 4210 (ΕΜ)
1792 4161 1834 4230 Et

280 4275 282 4280 ’
347 4267 573 4368 inposuerunt
598 4299 705 4372 super
730 4288 835 4374 caput
860 4279 934 4349 eius
961 4299 1102 4350 causam
1129 4277 1236 4370 ipsius
1270 4278 1434 4370 scriptam
1467 4279 1534 4348 llic
1560 4289 1613 4350 est
1645 4279 1741 4378 lesus
1768 4271 1852 4350 rex¹

347 4392 565 4466 ludaeorum.
618 4387 748 4442 mh)
766 4399 861 4470 Tunc
893 4395 1045 4468 crucifixi
1081 4405 1159 4468 sunt
1193 4417 1271 4467 cum
1304 4415 1349 4466 eo
1382 4395 1452 4466 duo
1489 4397 1657 4481 latrones,
1691 4419 1780 4468 uuus
1813 4419 1834 4467 a

348 4511 482 4584 dextris
509 4523 545 4583 et
571 4535 658 4584 unus
692 4537 712 4586 a
748 4515 899 4586 shristris.
952 4505 1080 4562 mm)
1099 4515 1365 4586 Praetereuntes
1399 4523 1515 4584 autem
1546 4516 1835 4610 blasphemabant

349 4651 439 4717 eum,
467 4641 649 4704 moventes
675 4633 788 4730 capita
815 4655 877 4705 sua
916 4621 943 4668 *⁰
957 4642 993 4704 et
1019 4632 1173 4705 dicentes
1201 4633 1267 4718 Qui
1294 4632 1499 4704 destruebat
1524 4636 1689 4728 templum
1717 4635 1774 4707 dei
1800 4644 1835 4704 et

348 4751 383 4820 in
408 4750 522 4822 triduo
549 4752 632 4824 illud
657 4751 920 4824 reaedificabat:
947 4753 1045 4822 salva
1062 4759 1170 4822 temet
1186 4750 1315 4844 ipsum:
1344 4751 1373 4822 si
1396 4751 1485 4822 lilius
1503 4751 1560 4822 dei
1578 4775 1627 4838 es,
1655 4753 1834 4826 descende

349 4869 395 4940 de
422 4889 534 4940 cruce.
586 4859 610 4908 ⁴⁴
626 4863 715 4918 Μ
733 4871 891 4942 Similiter
916 4881 952 4942 et
977 4869 1150 4964 principes
1176 4869 1398 4942 sacerdotum
1423 4857 1617 4943 inludentes
1643 4893 1722 4944 cum
1749 4871 1835 4942 scri-

347 4987 403 5058 bis
436 4998 471 5058 et
502 4990 696 5062 senioribus
731 4991 887 5062 dicentes
938 4981 966 5026 ⁴²
981 4987 1077 5060 Alios
1109 4989 1225 5060 salsos
1255 4989 1352 5074 lecit,
1394 5011 1434 5061 se
1466 4991 1579 5084 ipsum
1612 5011 1682 5062 non
1721 4997 1837 5084 potest

350 5106 484 5178 salvum
501 5109 635 5181 lacere:
663 5109 692 5180 si
711 5131 776 5181 rex
794 5109 922 5181 Israhel
941 5117 1003 5192 est,
1023 5105 1217 5179 descendat
1233 5130 1324 5182 nume
1342 5109 1386 5180 de
1405 5129 1520 5191 cruce,
1547 5119 1583 5202 et
1601 5109 1775 5181 credimus
1793 5105 1835 5176 ei.

881 5225 1007 5308 XXVll
1039 5229 1085 5295 lh
1140 5265 1189 5276 -
1244 5225 1301 5298 lh.
