4220 6124
716 391 898 458 EPISTULA
923 395 976 457 Ab
1002 393 1268 456 PHMPPENSES
1664 391 1738 462 tlt

248 597 271 643 ¹¹
290 601 370 676 Mihi
401 601 522 672 vivere
557 599 647 670 enim
676 595 830 668 Christus
862 605 917 667 eat
949 607 985 667 et
1016 596 1106 668 mori
1138 597 1288 698 lucrum:
1331 585 1359 632 ²¹
1376 593 1473 686 quod
1503 595 1532 665 si
1558 595 1679 666 vivere
1707 594 1741 665 in
1831 585 1837 598 ³

250 742 369 804 earne,
402 719 458 790 bic
489 717 572 788 mibi
603 717 734 788 tructus
769 715 886 807 operis
920 725 989 800 est,
1024 723 1060 786 et
1094 713 1177 805 quid
1212 711 1339 802 eligam
1365 712 1500 804 ignoro.
1552 708 1581 756 ’³
1596 713 1741 787 Coartor

250 849 365 910 autem
392 859 412 908 ε
440 837 588 921 duobus,
616 830 829 908 desiderium
855 833 990 906 habeus
1017 832 1160 905 dissolvi
1187 839 1224 900 et
1250 849 1329 901 cum
1355 830 1490 902 Christo
1517 853 1608 918 esse,
1636 834 1742 906 multo

249 957 361 1048 magia
386 956 524 1038 melius;
563 944 810 1048 ¹‘permanere
837 959 952 1023 autem
979 953 1014 1022 in
1041 972 1144 1022 carne
1169 950 1409 1022 necessarium
1431 959 1486 1021 est
1503 941 1648 1045 propter
1665 975 1741 1026 vos.

248 1067 275 1113 ¹⁵
291 1075 334 1145 llt
358 1074 427 1144 boc
453 1071 633 1146 confidens
661 1069 734 1143 acio
761 1070 841 1161 quia
866 1072 1019 1143 manebo
1046 1081 1082 1141 et
1113 1069 1332 1163 permanebo
1367 1068 1528 1140 omnibus
1561 1071 1664 1142 vobis
1697 1074 1744 1147 ad

249 1193 441 1287 proiectum
466 1177 619 1264 vestrum
647 1200 683 1262 et
709 1188 874 1281 gaudium
902 1188 1002 1274 fidei,
1041 1179 1069 1226 ’ὅ
1084 1197 1123 1259 ut
1154 1185 1339 1279 gratulatio
1370 1177 1490 1258 vestra
1523 1183 1745 1262 abundetis

251 1311 384 1382 Christo
416 1312 494 1382 lesu
525 1311 558 1381 in
592 1331 649 1382 me
689 1327 754 1401 per
793 1328 910 1379 meum
950 1307 1136 1379 adveutum
1173 1306 1297 1376 iterum
1342 1305 1389 1378 ad
1425 1327 1500 1377 vos.
1552 1299 1580 1346 ¹⁷
1597 1308 1743 1381 Tantum

251 1428 358 1522 digne
392 1407 592 1520 'evangelio
629 1427 750 1499 Christi
782 1425 1055 1509 conversamini,
1091 1434 1129 1496 ut
1163 1425 1237 1496 sive
1271 1445 1354 1494 eum
1386 1445 1519 1496 venero
1553 1435 1588 1496 et
1619 1427 1755 1500 videro*

251 1569 317 1619 vos
347 1549 423 1619 sive
455 1547 584 1618 absens
611 1545 749 1618 audiam
777 1543 823 1616 de
849 1544 970 1628 vohis,
1005 1539 1086 1634 quia
1113 1542 1209 1614 statis
1236 1541 1271 1611 in
1296 1533 1376 1614 uno
1398 1541 1756 1637 spirituuuianimes,¹

253 1666 519 1736 conlaborantes
550 1664 631 1737 fidei
667 1662 853 1754 evangelii,
893 1653 921 1700 ⁸
937 1671 973 1732 et
1007 1661 1041 1730 in
1074 1659 1168 1732 nullo
1202 1661 1404 1732 terreamini
1437 1662 1482 1732 ab
1516 1662 1742 1750 adversariis;

253 1804 344 1875 quae
370 1791 425 1852 εει
449 1783 512 1852 illis
539 1801 645 1852 causa
670 1781 881 1875 perditionis,
908 1778 1011 1850 vobis
1036 1787 1151 1849 autem
1170 1778 1296 1861 salutis,
1327 1788 1365 1849 et
1381 1779 1489 1850 hoca
1511 1778 1598 1851 deo:
1624 1775 1744 1876 ”qvuia

253 1900 356 1971 vobis
382 1900 547 1970 donatum
575 1909 629 1970 est
654 1921 719 1992 pro
746 1899 897 1983 Christo,
931 1917 1002 1969 non
1029 1897 1142 1967 solum
1168 1905 1205 1966 ut
1229 1897 1264 1966 in
1291 1915 1375 1967 eum
1407 1898 1573 1983 credatis,
1608 1901 1674 1972 sed
1705 1911 1744 1974 ιιι

255 2020 358 2089 etiam
384 2039 450 2110 pro
477 2019 533 2088 illc
566 2013 756 2111 patiamini,
796 2009 823 2056 ³⁰
839 2016 933 2089 idem
961 2023 1137 2087 certamen
1161 2013 1332 2086 habentes
1360 2016 1463 2107 quale
1490 2025 1526 2088 ει
1550 2017 1682 2091 vidistis
1708 2019 1744 2091 in

255 2157 312 2207 me
339 2146 375 2207 et
400 2157 489 2207 nunc
515 2135 658 2207 audistis
684 2135 729 2207 de
755 2155 823 2206 me.

977 2409 1012 2480 ll.

332 2607 391 2664 ⁴³)
410 2615 445 2686 Si
472 2635 540 2707 qua
567 2633 652 2706 ergo
680 2609 872 2686 consolatio
899 2612 933 2683 in
960 2612 1112 2696 Christo,
1141 2609 1293 2704 siquod
1321 2612 1490 2686 solacium
1517 2613 1684 2699 caritatis,
1713 2616 1743 2685 si

259 2728 372 2826 'quod
399 2735 550 2806 societas
578 2733 733 2826 spiritus,
761 2733 789 2803 si
816 2730 900 2824 quid
925 2731 1063 2804 viscera
1089 2739 1124 2800 et
1156 2727 1415 2818 miserationes,
1455 2724 1622 2824 ’implete
1653 2753 1743 2823 gau-

257 2851 351 2922 dium
377 2873 504 2935 meum,
531 2860 569 2922 ut
593 2851 686 2923 idem
714 2839 865 2943 sapiatis,
893 2847 1042 2920 eandem
1069 2849 1247 2920 caritatem
1270 2849 1452 2934 habentes,
1479 2847 1679 2932 unianimes,
1706 2849 1744 2920 id

257 2969 372 3060 ipsum
407 2969 612 3053 sentientes,
651 2961 763 3038 3ιιίιιίι
794 2979 858 3061 ρει
890 2965 1143 3037 contentionem
1176 2987 1290 3058 neque
1322 2989 1386 3061 per
1417 2969 1555 3039 inanem
1586 2967 1742 3057 gloriam,

260 3086 325 3158 sed
357 3087 392 3155 in
423 3085 614 3156 bumilitate
646 3086 845 3177 superiores
881 3084 947 3154 sibi
979 3083 1126 3154 invicem
1159 3083 1383 3170 arbitrantes,
1422 3077 1523 3155 *non
1556 3103 1647 3174 quae
1679 3103 1743 3154 sua

260 3211 340 3273 sunt
366 3203 490 3294 singuli
515 3202 794 3288 considerantes,
826 3199 891 3274 sed
917 3209 953 3270 et
978 3220 1022 3270 aa
1047 3219 1137 3291 quae
1164 3199 1318 3272 aliorum.
1370 3194 1476 3274 8Ηοε
1501 3198 1593 3271 enim
1619 3200 1744 3272 sentite

261 3321 295 3390 in
326 3321 445 3403 vobis,
479 3319 575 3410 quod
608 3329 643 3390 et
676 3318 710 3388 in
736 3318 870 3388 Christo
895 3317 989 3400 lesu,
1028 3309 1118 3408 “qui
1144 3338 1223 3388 cum
1249 3318 1421 3391 informa
1447 3318 1504 3391 dei
1531 3327 1640 3402 esset,
1672 3337 1743 3388 non

260 3438 416 3531 rapinam
443 3437 626 3508 arbitratus
652 3443 816 3506 estesse
843 3455 883 3506 se
909 3435 1090 3527 aequalem
1116 3433 1204 3518 dec,
1242 3427 1338 3508 'sed
1371 3445 1484 3508 semet
1517 3433 1630 3528 ipsam
1665 3435 1742 3506 exi-

261 3555 390 3627 nanivit
413 3555 561 3628 formam
587 3553 681 3626 servi
708 3553 897 3646 accipiens,
925 3552 1238 3624 imsimilitudinem
1264 3552 1442 3626 hominnm
1467 3555 1590 3635 laetus,
1618 3561 1654 3622 ει
1677 3552 1743 3623 ba·

260 3675 335 3746 bitu
360 3674 520 3746 inventus
545 3683 583 3744 ut
607 3673 733 3756 bomo,
772 3661 986 3743 ⁸bumiliavit
1011 3680 1125 3742 semet
1149 3670 1264 3763 ipsum
1288 3672 1400 3744 laeuus
1421 3669 1615 3744 oboediens
1632 3689 1744 3762 usque

263 3792 310 3864 ad
335 3800 497 3876 mortem,
526 3801 673 3864 mortam
700 3799 816 3862 autem
842 3791 964 3862 crucis.
1015 3782 1192 3882 ⁹Propter
1217 3789 1314 3882 quod
1340 3797 1375 3860 et
1401 3789 1490 3862 deus
1518 3787 1612 3859 illum
1643 3789 1743 3860 exal-

262 3911 346 3982 tavit
379 3917 415 3980 et
448 3910 591 3983 donavit
622 3909 667 3980 illi
698 3927 826 3982 nomen
857 3902 983 4001 'super
1013 3927 1118 3979 omne
1148 3927 1293 3992 nomen,
1332 3901 1412 3979 11ἰιι
1443 3907 1476 3977 in
1502 3906 1642 3978 nomine
1667 3907 1759 3978 lesu*

264 4051 368 4102 amne
410 4049 503 4122 genu
540 4023 716 4100 ‘flectatur
754 4026 951 4098 caelestium
990 4035 1026 4096 et
1066 4025 1279 4097 terrestrium
1319 4035 1354 4096 ει
1391 4025 1623 4108 inlemorum,
1666 4018 1690 4064 ¹¹
1710 4034 1746 4096 et

264 4147 378 4219 omnis
407 4147 522 4240 lingua
555 4145 756 4218 confiteatur
790 4145 868 4238 quia
901 4143 1062 4216 dominus
1088 4145 1185 4216 lesus
1211 4144 1363 4216 Christum
1398 4145 1432 4213 in
1462 4143 1655 4235 gloriaest
1687 4141 1745 4215 dei

263 4266 381 4358 patris.
433 4257 504 4310 '’i‘'
520 4266 656 4358 ltaque,
692 4260 859 4336 carissimi
893 4265 977 4348 mei,
1011 4264 1100 4335 sicut
1129 4283 1269 4356 semper
1301 4261 1510 4346 oboedistis,
1544 4280 1616 4332 non
1647 4261 1745 4332 utin

265 4383 462 4476 praesentia
487 4383 556 4452 mei
582 4392 721 4468 tautum,
749 4381 815 4454 sed
840 4382 948 4454 multo
974 4382 1085 4473 magis
1111 4403 1202 4452 nunc
1227 4383 1262 4452 iu
1281 4381 1440 4452 absentia
1456 4399 1536 4450 mea
1554 4399 1633 4449 cum
1651 4387 1745 4448 metu

266 4511 301 4571 et
333 4509 484 4570 tremore
516 4509 670 4570 vestram
705 4501 850 4571 salutem
887 4499 1095 4592 operamini:
1134 4491 1160 4536 ¹³
1178 4498 1266 4569 deus
1300 4499 1390 4570 enim
1417 4498 1556 4590 estqui
1583 4505 1746 4589 operatur

266 4621 300 4690 in
324 4617 428 4688 vobis
455 4627 490 4688 et
514 4618 603 4688 velle
630 4627 666 4687 ει
691 4615 868 4709 perficere,
894 4639 960 4710 pro
986 4619 1080 4689 bona
1108 4617 1292 4688 voluntate.
1344 4609 1506 4687 “Omnia
1533 4623 1648 4686 autern
1673 4607 1758 4684 'la-·

267 4739 334 4807 cite
368 4735 442 4806 sine
475 4735 800 4807 murmurationibus
832 4743 868 4804 ει
899 4735 1179 4817 hesitationibus,
1218 4725 1245 4770 ⁴⁶
1260 4743 1298 4804 ut
1329 4734 1402 4806 sitis
1435 4733 1507 4804 sine
1533 4733 1688 4826 querella
1714 4743 1749 4802 et

267 4855 443 4948 simplices
468 4852 526 4924 filii
553 4854 611 4926 dei
637 4853 712 4924 sina
738 4853 1009 4946 reprehensione
1034 4853 1070 4922 in
1101 4851 1218 4923 medio
1254 4851 1402 4924 nationis
1434 4871 1567 4944 pravae
1599 4859 1634 4922 et
1666 4869 1748 4943 per-

267 4993 409 5056 versae,
446 4973 534 5044 inter
568 4993 657 5065 quos
691 4971 812 5043 lucetis
845 4972 933 5042 sicut
963 4970 1141 5041 luminaria
1173 4972 1207 5040 in
1241 4970 1390 5050 mundo,
1433 4961 1461 5006 ⁴⁸
1475 4969 1622 5040 verbum
1657 4967 1750 5038 vitae

269 5092 500 5176 continentes,
536 5090 583 5162 ad
616 5091 761 5183 gloriam
787 5109 901 5161 meam
928 5090 963 5159 in
988 5087 1046 5158 die
1072 5089 1214 5172 Christi,
1250 5089 1329 5182 quia
1356 5109 1425 5160 non
1450 5087 1485 5158 in
1511 5107 1659 5158 vacuum
1686 5087 1768 5156 cu-'

837 5209 860 5290 l,
888 5211 929 5280 21
967 5245 1012 5260 -
1040 5207 1076 5290 ll,
1108 5209 1163 5276 ld.

1364 5321 1444 5393 ld*
