4254 6130
381 353 452 474 teu
565 381 570 397 '
819 405 926 466 tisun
952 403 1101 466 ncruuu
1128 399 1408 466 arosrouonuu

594 511 596 514 ,
1444 509 1606 516 .--·--.--
1630 510 1717 516 ----
1732 511 1858 520 ᾖν...-

378 611 434 680 XL
468 609 627 704 apparuit
660 608 704 678 illi
735 609 769 678 in
796 607 936 679 deserto
970 587 1095 679 montis
1130 608 1208 680 Sina
1241 608 1385 701 angelus
1410 607 1443 676 in
1476 607 1555 700 igne
1582 607 1743 680 llammae
1771 610 1855 680 rubi.

377 721 531 800 31Μοεθε
558 739 671 800 autern
702 727 824 799 videns
859 727 1046 800 admiratus
1082 738 1135 800 est
1161 729 1288 816 visum,
1317 739 1352 800 et
1378 727 1566 800 accedente
1592 727 1650 799 illo
1677 737 1713 798 ut
1739 732 1855 800 consi-

379 849 536 932 deraret,
581 850 669 919 lacta
706 857 759 920 est
794 871 866 920 vox
899 849 1028 920 domini
1078 841 1105 886 ³²
1120 849 1195 942 Ego
1226 850 1386 922 domiuus
1421 858 1554 942 patrum
1589 857 1741 933 tuorum,
1769 849 1855 920 deus

378 969 553 1040 Abraham
581 978 615 1038 et
641 967 728 1038 daus
755 967 850 1038 Isaac
877 979 912 1040 et
937 969 1025 1040 deus
1051 971 1163 1056 lacob.
1208 971 1444 1041 Tremelactus
1472 977 1525 1040 est
1542 969 1668 1054 Moses,
1695 989 1765 1040 uon
1792 991 1854 1042 au-

380 1091 486 1162 debat
514 1087 747 1160 considerare.
799 1079 930 1159 ³³Dixit
957 1099 1071 1162 autem
1098 1091 1141 1160 illi
1170 1090 1328 1161 domiuus
1360 1091 1464 1160 Solve
1498 1089 1756 1160 calciamentum
1789 1111 1854 1184 pe-

379 1208 461 1280 dum
489 1218 641 1279 tuorum:
668 1209 766 1280 locus
793 1209 882 1278 enirn
909 1209 941 1280 in
970 1233 1038 1304 quo
1066 1221 1137 1282 stas
1164 1221 1255 1282 terra
1283 1220 1399 1282 sancta
1427 1218 1489 1280 est.
1522 1197 1689 1280 ³‘Videus
1706 1209 1777 1282 vidi
1802 1213 1854 1282 ai-

272 1412 276 1420 ,
379 1329 562 1400 llictiouem
599 1329 714 1423 populi
741 1329 809 1399 mei
836 1331 892 1422 qui
920 1341 974 1401 est
1006 1333 1038 1400 in
1065 1329 1235 1424 Aegypte,
1264 1340 1299 1401 et
1324 1331 1488 1424 gemitum
1515 1350 1635 1400 eorum
1663 1330 1792 1416 audivi,
1820 1341 1854 1402 et

319 1431 321 1436 ⁵
379 1449 546 1522 descendi
571 1450 718 1520 liberare
745 1471 824 1521 eos:
852 1459 886 1520 et
911 1473 1000 1521 nunc
1026 1450 1103 1521 veui
1130 1459 1166 1520 et
1191 1451 1320 1522 mittam
1347 1459 1382 1522 te
1407 1451 1441 1521 iu
1466 1449 1669 1543 Aegyptum.
1719 1441 1853 1521 ³5Hunc

378 1571 508 1656 Mosen,
537 1593 639 1662 quem
666 1545 879 1662 negaremus
912 1571 1068 1642 diceutes
1096 1570 1180 1656 Quis
1206 1579 1240 1642 te
1275 1570 1447 1642 constituit
1478 1570 1664 1664 principem
1697 1579 1732 1640 ct
1762 1570 1851 1642 iudi-

382 1695 483 1762 cem‘l
511 1692 599 1761 huno
625 1687 713 1762 deus
739 1691 927 1784 principem
955 1699 988 1760 et
1015 1689 1248 1761 redemtorem
1275 1691 1366 1762 misit
1398 1713 1474 1762 cum
1515 1711 1617 1762 mauu
1651 1690 1761 1783 angeli
1794 1689 1851 1784 qui

381 1812 537 1905 apparuit
561 1811 606 1880 illi
631 1810 665 1879 in
691 1810 789 1880 rubo.
828 1801 855 1846 ³⁶
871 1811 933 1881 llic
960 1809 1080 1882 eduxit
1106 1811 1180 1880 illos
1206 1811 1334 1882 iaciens
1360 1809 1517 1904 prodigia
1535 1821 1570 1881 et
1596 1809 1692 1902 signa
1710 1811 1744 1880 in
1762 1819 1853 1882 terra

379 1932 524 2026 Aegypti
551 1941 586 2002 et
611 1930 645 1999 iu
670 1931 776 2000 rubro
802 1930 887 2000 mari
914 1940 950 2001 et
974 1930 1007 2000 iu
1035 1929 1175 2001 deserto
1203 1931 1298 2002 annis
1317 1931 1396 2018 XL.
1448 1922 1474 1966 ³⁷
1487 1931 1548 2000 llic
1575 1937 1630 2000 est
1653 1929 1770 2002 Moses
1796 1931 1852 2022 qui

380 2052 466 2125 dixit
498 2051 575 2122 filiis
611 2050 739 2121 lsrahel
773 2049 981 2144 Prophetam
1014 2049 1115 2121 vobis
1148 2051 1323 2122 suscitavit
1357 2052 1445 2126 deus
1473 2049 1519 2122 de
1545 2051 1704 2122 iratribus
1728 2049 1852 2122 vestris

380 2183 555 2266 tamquam
582 2191 647 2255 me,
674 2171 785 2264 ipsum
812 2171 966 2242 audietis.
1018 2161 1045 2206 ³⁸
1060 2169 1123 2240 llic
1148 2180 1201 2242 est
1227 2171 1283 2264 qui
1310 2170 1369 2242 luit
1394 2171 1427 2242 iu
1455 2170 1602 2242 ecclesia
1620 2171 1654 2240 in
1671 2170 1853 2242 solitudine

381 2316 458 2364 cum
491 2293 614 2385 angelo
648 2290 706 2383 qui
738 2290 943 2382 loquebatur
975 2290 1007 2359 ai
1040 2290 1074 2360 in
1107 2300 1224 2362 moute
1259 2291 1338 2362 Sina
1372 2299 1408 2362 et
1434 2313 1511 2362 curn
1539 2291 1704 2384 patribus
1717 2291 1851 2376 nostrie,

381 2413 439 2506 qui
465 2412 599 2505 accepit
622 2411 730 2481 verba
755 2411 848 2483 vitae
874 2410 958 2481 dare
984 2410 1100 2495 nobis,
1143 2401 1170 2450 ³⁰
1187 2412 1240 2482 cui
1265 2411 1444 2482 noluerunt
1466 2410 1635 2482 oboedire
1652 2417 1769 2516 putres
1787 2433 1851 2481 no-

382 2533 457 2618 stri,
493 2533 556 2603 sed
591 2513 811 2624 reppulerunt
841 2541 876 2602 ct
901 2531 1014 2601 aversi
1046 2541 1123 2603 sunt
1149 2533 1310 2604 cordibus
1337 2531 1408 2602 suis
1434 2531 1467 2602 iu
1493 2529 1700 2626 Aegyptum,
1752 2519 1779 2568 ⁴⁰
1795 2531 1850 2604 di-

371 2659 499 2724 'centes
526 2652 571 2723 ad
604 2650 719 2722 Aaron
753 2651 820 2722 Fac
853 2652 953 2722 nobis
986 2651 1075 2724 deos
1109 2651 1165 2744 qui
1191 2651 1402 2745 praecedant
1426 2672 1506 2723 uos:
1537 2653 1654 2724 llloses
1681 2652 1771 2722 enim
1797 2653 1852 2724 hic

382 2772 439 2863 qui
465 2769 584 2843 eduxit
608 2793 673 2866 uos
699 2771 744 2843 de
770 2780 861 2843 terra
889 2771 1047 2866 Aegypti,
1073 2772 1246 2844 nescimus
1272 2772 1354 2866 quid
1379 2773 1504 2844 iactum
1531 2772 1574 2842 sit
1599 2771 1640 2842 el.
1693 2761 1716 2810 ‘¹
1731 2773 1774 2844 llt
1798 2773 1851 2843 vi-

381 2891 485 2961 tulum
513 2893 665 2962 fecerunt
690 2892 813 2962 inillis
839 2892 962 2964 diebus
989 2902 1024 2963 et
1049 2893 1243 2986 optulerunt
1268 2891 1416 2964 hostiurn
1451 2892 1647 2978 simulacro,
1683 2903 1718 2963 et
1742 2894 1851 2964 laeta-

382 3012 503 3082 bantur
529 3011 563 3081 iu
589 3013 752 3106 operibus
778 3034 938 3084 manuum
966 3033 1114 3083 suarum.
1165 3003 1192 3050 ⁴²
1209 3011 1382 3083 Convertit
1414 3020 1528 3083 autem
1562 3012 1650 3084 deus
1684 3021 1718 3084 et
1744 3013 1850 3084 tradi-

381 3131 431 3203 dit
455 3152 518 3202 cos
553 3131 683 3204 servire
716 3133 853 3205 militiae
886 3132 989 3216 caeli,
1023 3131 1109 3202 sicut
1143 3131 1305 3226 scriptum
1339 3141 1393 3203 est
1426 3132 1460 3201 in
1491 3132 1578 3204 libro
1604 3131 1850 3226 prophetarum

381 3251 554 3344 Numquid
580 3253 736 3324 victimas
762 3263 819 3324 aut
844 3254 974 3325 hostias
1001 3253 1169 3346 optulistis
1195 3253 1276 3323 mihi
1303 3253 1399 3325 annis
1424 3251 1482 3321 XL
1499 3251 1532 3322 iu
1550 3251 1700 3338 deserto,
1727 3253 1851 3324 domus

380 3373 522 3458 lsrahel,
565 3363 639 3444 ”et
665 3374 863 3468 suscepistis
889 3373 1145 3444 tabernaculum
1170 3373 1306 3443 Molocb
1339 3382 1374 3443 et
1404 3371 1499 3443 sidus
1529 3372 1585 3444 dei
1617 3374 1722 3445 vestri
1748 3375 1851 3444 Reru-

381 3494 459 3578 iam,
486 3492 613 3585 figuras
640 3515 726 3586 quas
752 3495 878 3566 fecistis
905 3493 1052 3565 adorare
1079 3495 1163 3564 aas‘l
1191 3493 1407 3564 Transieram
1432 3513 1498 3563 vus
1516 3501 1610 3564 trans
1628 3494 1850 3588 Babylonem.

380 3601 407 3649 ⁴⁴
424 3613 692 3684 Tabemaculum
718 3614 900 3686 testimonii
926 3613 985 3684 luit
1011 3606 1185 3708 'patribus
1202 3615 1327 3684 nostris
1344 3615 1378 3684 iu
1396 3613 1552 3698 deserto,
1581 3613 1667 3684 sicut
1684 3613 1852 3707 disposuit

382 3735 526 3826 loquens
558 3733 603 3805 ad
637 3735 773 3821 Mosen,
808 3745 844 3805 ut
878 3736 1006 3805 iaceret
1039 3732 1120 3803 illud
1155 3733 1343 3805 secundum
1384 3735 1529 3805 sormam
1563 3753 1666 3827 quarn
1700 3733 1849 3818 viderat,

380 3842 407 3890 ⁸⁵
424 3853 519 3946 quod
546 3863 581 3924 et
605 3853 811 3925 induxerunt
837 3855 1063 3948 suscipientes
1087 3862 1204 3946 patres
1235 3854 1357 3924 nostriw
1376 3876 1453 3924 cum
1485 3855 1562 3923 lesu
1594 3853 1627 3924 iu
1653 3853 1850 3946 possessio-

382 3995 460 4044 nem
487 3974 635 4066 'gentium
663 3997 750 4067 quas
776 3975 907 4069 expulit
933 3973 1020 4044 deus
1047 3993 1065 4042 a
1092 3973 1178 4043 iacis
1205 3985 1338 4066 patrum
1365 3982 1568 4057 nostrorum,
1596 3973 1756 4065 usquein
1775 3973 1850 4045 die-

383 4095 447 4165 bus
472 4093 597 4179 David,
641 4083 668 4132 ⁴⁶
685 4097 741 4188 qui
768 4093 895 4165 invenit
920 4094 1063 4186 gratiam
1090 4103 1169 4164 autc
1204 4093 1307 4164 deum
1341 4103 1376 4163 et
1409 4093 1504 4187 petiit
1537 4103 1574 4164 ut
1605 4093 1772 4164 inveniret
1797 4103 1850 4164 ta-

381 4216 603 4286 bernaculum
630 4214 700 4286 deo
725 4213 838 4285 laccb.
890 4202 916 4250 ⁴⁷
935 4215 1097 4284 Salomon
1124 4223 1237 4284 autern
1265 4213 1460 4286 aedificavit
1486 4214 1529 4284 illi
1555 4213 1706 4286 domurn.
1741 4203 1851 4285 “Sed

287 4363 291 4374 2
383 4357 450 4408 non
476 4337 636 4407 excelsus
661 4335 696 4404 in
721 4334 922 4406 manufactis
948 4333 1093 4420 habitat,
1128 4334 1213 4404 sicut
1238 4333 1407 4427 propbeta
1435 4335 1516 4406 dicit
1561 4323 1590 4372 ⁴⁹
1607 4335 1743 4406 Caelum
1772 4335 1851 4407 mibi

382 4455 476 4528 sedis
502 4465 563 4539 est,
591 4463 683 4525 terra
709 4465 823 4525 autem
849 4455 1034 4526 scabellum
1061 4454 1188 4548 pedum
1221 4473 1387 4524 meorum.
1443 4457 1552 4541 Quam
1587 4455 1727 4528 domurn
1754 4456 1852 4528 aedi-

382 4575 526 4647 ficabitis
561 4573 666 4644 mibi‘?
702 4574 783 4646 dicit
813 4573 987 4660 dominus,
1031 4587 1090 4646 aut
1130 4574 1205 4668 quis
1246 4575 1342 4646 locus
1376 4573 1597 4667 requietionis
1639 4597 1739 4648 meae
1777 4579 1852 4648 est?

380 4689 539 4766 ⁵⁰Nonue
566 4717 687 4766 manus
713 4717 791 4767 mea
818 4695 895 4766 iecit
921 4697 1008 4767 haec
1035 4693 1173 4766 omnia?
1221 4686 1244 4731 ⁶⁴
1262 4689 1361 4765 'Duri
1394 4695 1530 4766 cervice
1563 4704 1598 4767 et
1629 4696 1853 4768 incircumcisi

383 4816 545 4888 cordibus
572 4827 608 4887 et
634 4815 788 4903 auribus,
822 4839 887 4888 vos
919 4837 1058 4910 semper
1090 4814 1219 4910 spiritui
1252 4825 1370 4886 sancto
1402 4815 1587 4900 restitistis,
1621 4815 1708 4888 sicut
1737 4825 1854 4910 patres

382 4937 485 5008 vestri
512 4945 548 5008 ct
572 4959 647 5008 vos.
699 4927 726 4972 ω
744 4937 854 5022 Quem
881 4935 1126 5030 prophetarum
1159 4957 1226 5007 non
1260 4943 1339 5008 sunt
1370 4937 1541 5030 persecuti
1573 4947 1692 5030 patres
1724 4935 1854 5006 vestri?

383 5056 650 5129 Etoccideruut
676 5075 738 5126 eos
765 5057 822 5148 qui
848 5055 1133 5163 praenuntiabant
1156 5055 1204 5127 de
1231 5057 1379 5128 adventu
1406 5057 1492 5142 iusti,
1521 5058 1616 5129 errius
1643 5051 1752 5128 'nunc
1769 5075 1853 5148 pro-

383 5175 514 5248 ditores
548 5187 583 5248 et
614 5173 807 5248 homicidae
840 5177 962 5260 fuistis,
1015 5167 1111 5270 ⁵³qui
1149 5176 1330 5270 accepistis
1371 5177 1482 5269 legem
1522 5177 1554 5249 in
1594 5175 1854 5270 dispositionem

963 5297 1027 5380 Vll,
1057 5299 1097 5366 3t
1135 5337 1178 5350 -
1209 5299 1266 5370 53.
