4238 6134
341 387 415 459 262
716 387 861 450 BREVES
887 385 1094 450 EPISTULAE
1119 385 1171 450 ΑΒ
1198 387 1425 452 CORINTHIOS
1452 391 1471 450 l.

449 589 518 658 XV.
545 591 597 659 Ile
623 583 733 660 'inani
766 589 927 662 iactantia
959 590 1146 682 gloriantes
1172 589 1207 662 in
1233 590 1387 661 homine:
1415 600 1451 660 et
1476 591 1571 683 quod
1598 591 1725 662 sanctis
1749 599 1820 662 tam

544 707 744 802 praesentia
771 729 875 800 quam
900 711 1012 780 lutura
1039 708 1105 778 sint
1130 707 1291 780 divinitus
1319 709 1499 782 adtributa.

436 829 517 898 XVI.
543 827 596 897 De
622 837 820 920 contemptu
847 827 1094 900 aestimationis
1120 826 1292 900 humanae
1325 838 1361 898 et
1391 828 1565 900 desiderio
1593 825 1704 900 laudis
1732 829 1820 898 Iutu-

545 965 606 1016 rae
633 938 731 1015 'cum
758 944 837 1016 deo.
1438 960 1444 966 ·

289 1045 293 1058 ’
418 1064 514 1134 XVII.
540 1065 593 1134 De
618 1084 709 1135 vana
734 1064 852 1155 gloria.
1447 1159 1451 1166 Ι

408 1183 516 1254 XVIII.
543 1184 596 1254 De
622 1177 807 1276 'apostolis
833 1184 963 1255 mundo
990 1183 1069 1254 huic
1092 1193 1126 1254 et
1152 1185 1285 1276 angelis
1313 1195 1348 1256 et
1374 1185 1570 1256 hominibus
1589 1185 1822 1278 spectaculum

545 1301 641 1372 Iactis
669 1311 704 1372 et
731 1297 912 1374 'omnibus
938 1325 1059 1374 eorum
1085 1304 1314 1396 passionibus,
1344 1314 1378 1375 et
1405 1303 1500 1397 quod
1530 1303 1689 1376 manibus
1715 1299 1822 1396 'ope-

547 1421 613 1491 rati
639 1421 769 1491 fuerint.

434 1540 516 1612 XIX.
543 1542 595 1610 De
622 1541 782 1632 apostolo
809 1541 842 1610 in
869 1539 1010 1611 domino
1037 1541 1169 1612 Christo
1197 1563 1260 1634 per
1286 1541 1503 1634 evangelium
1522 1541 1713 1613 Corinthios
1741 1535 1823 1633 'ge-

547 1667 708 1730 nerante:
736 1659 842 1730 etde
869 1660 1004 1744 sanctis,
1032 1658 1126 1752 quod
1153 1661 1330 1754 apostolos
1357 1661 1509 1732 debeant
1534 1659 1665 1731 imitari.

448 1779 519 1850 XX
546 1780 600 1850 De
626 1779 786 1872 apostolo
813 1777 962 1848 minante
990 1779 1187 1850 Corinthiis:
1220 1789 1255 1848 et
1288 1779 1384 1872 quod
1416 1801 1487 1851 nou
1512 1780 1546 1849 in
1564 1788 1734 1850 'sermone
1761 1779 1825 1850 sod

548 1899 583 1968 in
608 1897 732 1969 virtute
759 1907 813 1968 est
837 1917 983 1988 regnum
1011 1899 1077 1970 dei.
1839 1893 1846 1912 '

436 2017 519 2088 XXI.
546 2019 598 2088 De
624 2017 846 2092 fornicati0ne
873 2017 962 2086 sacta
989 2016 1076 2086 inter
1104 2017 1304 2088 Corinthios.

423 2134 522 2205 XXII.
548 2137 601 2207 De
626 2135 808 2207 traditione
834 2135 1051 2206 fornicatoris
1077 2144 1229 2208 satanae.

411 2254 522 2324 XXIII.
548 2256 602 2326 De
628 2255 835 2347 contagione
862 2265 897 2326 et
921 2254 1061 2347 pascha.

411 2373 524 2445 XXIV.
551 2376 604 2446 De
630 2375 849 2467 separatione
876 2383 1074 2444 sanctorum
1101 2396 1122 2444 a
1148 2374 1699 2467 praetereuntibusdisciplinam.

425 2493 525 2564 XXV.
552 2495 605 2564 De
631 2493 793 2564 fratribus
820 2493 1100 2586 disceptantibus,
1129 2494 1225 2585 quod
1252 2487 1292 2564 'a
1317 2495 1478 2564 iratribus
1496 2493 1650 2565 debeant
1674 2491 1827 2575 iudicari,

552 2623 585 2682 et
613 2611 709 2706 quod
735 2612 842 2682 sancti
868 2610 1034 2682 mundum
1061 2621 1096 2682 et
1122 2613 1267 2704 angelos
1292 2613 1499 2684 iudicabunt.

407 2729 520 2800 XXVI.
547 2731 600 2801 De
626 2731 762 2814 sanctis,
790 2728 885 2821 quod
911 2729 1075 2801 iniuriam
1091 2733 1207 2803 Iacere
1235 2754 1302 2802 non
1329 2732 1480 2803 debeant
1505 2733 1571 2804 sed
1597 2725 1785 2802 ‘tollerare

314 2921 320 2934 ,
398 2847 523 2920 XXVII.
549 2850 602 2920 De
628 2849 768 2934 iniustis,
797 2847 892 2941 quod
918 2870 1063 2942 regnum
1090 2851 1148 2922 dei
1175 2853 1245 2922 non
1271 2851 1514 2944 possidebunt:
1542 2860 1578 2922 et
1601 2848 1696 2942 quod
1715 2849 1830 2918 omnin

552 2979 699 3061 peccata
723 2969 887 3062 baptismi
912 2969 1022 3060 gratia
1049 2969 1232 3040 diluuntur.

383 3086 523 3157 XXVIII.
550 3088 603 3158 De
629 3089 794 3182 pudicitia
820 3097 855 3158 et-
880 3090 1142 3160 resurrectione.

407 3206 522 3278 XXIX.
550 3209 602 3278 De
637 3209 780 3294 sanctis,
816 3207 912 3300 quod
945 3208 1103 3280 membra
1136 3209 1203 3280 sint
1234 3207 1378 3290 domini,
1415 3217 1450 3276 et
1479 3207 1526 3278 de
1557 3205 1829 3288 Iomioatoribus,

553 3327 649 3419 quod
675 3329 832 3398 membra
859 3327 926 3397 sint
949 3328 1148 3399 meretrIcis.

421 3447 523 3518 XXX.
550 3448 603 3517 De
629 3447 863 3539 magnitudine
898 3446 1049 3518 crIminis
1083 3447 1333 3529 fornicationis,
1365 3453 1402 3515 et
1427 3444 1522 3535 quod
1549 3443 1659 3516 sancti
1685 3442 1738 3513 sui
1762 3463 1831 3514 non

554 3566 620 3636 sint
646 3567 711 3638 sed
737 3566 870 3660 praetio
897 3566 1072 3658 sanguinis
1098 3560 1247 3638 'domini
1274 3563 1460 3658 conparati.

410 3685 527 3756 XXXI.
553 3686 606 3756 De
633 3685 838 3778 coniugibus
857 3696 892 3756 et
917 3695 1034 3756 mutua
1060 3685 1217 3780 corporis
1242 3692 1427 3778 potestate.

395 3805 524 3875 XXXII.
551 3805 604 3875 De
631 3806 780 3898 apostoli
807 3805 1014 3876 continentia
1041 3814 1076 3874 et
1102 3803 1302 3876 diversitate
1329 3803 1510 3875 donomm.

382 3925 525 3994 XXXIII.
552 3924 605 3994 De
631 3923 789 3996 felicitate
815 3923 1053 4008 continentiae,
1081 3933 1117 3993 et
1142 3925 1264 3994 melius
1291 3943 1371 3994 esse
1397 3919 1480 3992 nubi
1506 3939 1607 4010 quam
1635 3917 1695 3988 uri.

384 4043 529 4112 XXXIV.
556 4043 609 4112 Ile
635 4042 837 4135 coniugibus
863 4065 934 4113 non
960 4043 1197 4136 separandis
1401 4047 1404 4052 ’
1551 4047 1554 4052 ’

395 4163 526 4232 XXXV.
552 4163 605 4232 De
632 4156 727 4233 'viro
755 4183 797 4232 ac
822 4162 964 4233 muliere
992 4163 1158 4254 coniuges
1185 4158 1342 4232 infideles
1370 4159 1586 4232 habentibus.
1613 4213 1616 4230 .
1649 4251 1651 4256 Ι

306 4325 312 4338 ,
379 4281 523 4352 XXXVI.
549 4282 601 4351 De
629 4287 838 4372 unoquoque
866 4290 903 4351 ut
928 4282 979 4352 sic
1005 4275 1225 4374 'permaneat
1244 4269 1554 4372 'quemadmodum'
1573 4284 1628 4347 est
1653 4281 1806 4346 vocatus.

371 4401 528 4472 XXXVII.
555 4401 607 4471 De
633 4399 822 4492 virginibus
848 4411 883 4470 et
908 4400 1029 4484 viduis,
1057 4409 1093 4470 et
1119 4409 1318 4493 contemptu
1344 4397 1587 4492 praesentium.

354 4519 525 4592 XXXVIII.
551 4521 605 4591 De
631 4519 755 4612 nuptiis
780 4520 920 4592 iteratis.

350 4683 352 4688 ·
379 4640 526 4712 XXXIX.
553 4637 832 4711 De'saorificatis
859 4639 1077 4711 simulachro.

461 4759 526 4828 XL.
554 4761 606 4830 De
633 4753 759 4831 'Paulo
787 4780 826 4831 se
853 4759 1049 4853 apostolum
1076 4779 1156 4830 esse
1184 4757 1364 4830 Corinthiis
1390 4764 1611 4850 protestante,
1639 4763 1675 4825 et
1702 4751 1748 4824 de
1775 4773 1834 4823 oe-

557 4880 643 4950 teris
667 4881 834 4972 apostolis
861 4878 1195 4951 circumducentibus
1221 4877 1376 4949 feminas.

455 4997 533 5067 XLI.
552 4999 612 5069 ·De
639 4999 799 5092 apostolo
826 4999 985 5071 omnibus
1011 4998 1114 5071 bonis
1140 5019 1179 5070 se
1205 5019 1270 5092 per
1298 4995 1413 5068 omnia
1440 5002 1660 5086 conparante.

437 5115 530 5186 XLII.
557 5119 609 5188 De
629 5119 882 5212 'conparatione
909 5119 942 5188 in
969 5119 1082 5191 stadio
1110 5117 1325 5190 currentium.

423 5231 528 5304 XLIII.
556 5238 608 5306 De
636 5239 795 5328 apostolo
823 5259 949 5332 corpus
977 5261 1077 5310 suum
1102 5231 1271 5311 ‘cadente
1298 5239 1333 5305 'et
1358 5233 1512 5304 servituti
1539 5229 1719 5302 subdente.
