4254 6130
675 417 677 421 ’
747 416 1035 492 tranr‘nctuutr
1062 425 1341 490 trosrouoaun
1714 429 1787 499 blo

329 533 339 540 .
365 533 454 540 mmm...
462 532 634 540 -.---.-.--.—-
655 531 675 538 .-
775 532 1244 542 ..,...-,...a..———-—.-.--⁴--——---—.-.-.-.-
1404 533 1675 544 --—--.--——-..0..-—-..
1686 539 1778 546 .—...-

884 647 893 670 ⁸
1011 665 1080 734 XX.

373 863 589 963 *Postquam
617 871 910 942 autem'oessavit
938 873 1106 957 tumultus,
1137 874 1270 944 vocatis
1298 875 1422 946 Paulus
1457 861 1632 970 discipulis
1660 887 1694 948 et
1721 901 1782 948 ex·
1817 873 1820 884 '

298 992 452 1062 hortatum
486 1013 550 1062 eos
585 991 763 1075 valedixit,
800 1001 835 1062 el
865 991 1039 1084 profectus
1067 1003 1120 1064 est
1155 1005 1191 1064 ut
1217 995 1280 1066 iret
1307 996 1340 1064 in
1368 996 1617 1068 Macedoniam.
1671 995 1785 1070 ’Cum

298 1123 412 1182 antem
447 1111 724 1204 perambulasset
757 1123 878 1204 partes
912 1110 985 1182 illas
1021 1123 1056 1182 et
1091 1115 1294 1186 exhortatus
1330 1136 1393 1186 eos
1428 1117 1549 1188 luisset
1576 1120 1681 1190 multo
1709 1143 1786 1192 ser-

298 1255 418 1317 mone,
456 1232 549 1304 venit
576 1231 621 1302 ad
649 1231 847 1314 Graeciam
894 1221 984 1302 ³ubi
1019 1255 1097 1304 cum
1133 1235 1253 1306 luisset
1287 1257 1427 1307 menses
1455 1245 1541 1321 tres,
1570 1240 1679 1310 sactae
1707 1247 1786 1310 sunt

298 1355 340 1424 ilb
367 1354 511 1424 insidiae
538 1373 558 1423 a
584 1351 720 1424 ludaeis
748 1353 954 1444 navigaturo
973 1353 1006 1422 in
1025 1354 1174 1447 Syriam,
1203 1355 1391 1448 habuitque
1411 1357 1589 1428 consilinm
1607 1370 1643 1430 ut
1662 1382 1783 1431 rever-

298 1485 426 1546 teretur
452 1497 514 1567 per
540 1472 789 1545 Macedoniam.
842 1460 1063 1546 *Comitatus
1102 1469 1177 1546 'est
1204 1487 1321 1548 autem
1353 1499 1432 1548 cnm
1460 1499 1503 1548 eo
1530 1479 1678 1573 Sopater
1705 1479 1785 1574 Pyri

297 1595 498 1678 Beroeneis,
534 1593 895 1664 Thessalonicensium
931 1613 1016 1664 vero
1049 1595 1292 1668 dristbarcbus
1327 1607 1363 1668 et
1395 1596 1576 1670 Secundus
1610 1611 1644 1670 et
1680 1601 1784 1672 Gaius

297 1717 456 1786 Derbcns
483 1725 518 1785 et
544 1714 752 1798 Timotheus,
780 1711 897 1786 Asiani
923 1735 1006 1784 vero
1035 1716 1203 1809 Tychicus
1222 1728 1257 1788 et
1275 1717 1462 1789 Trofimus:
1502 1709 1563 1790 ⁵hi
1582 1743 1660 1792 oum
1679 1744 1783 1815 prae-

297 1837 504 1920 cessissent,
533 1835 749 1906 sustinebant
775 1856 840 1906 nos
868 1834 1042 1906 Troadas:
1081 1827 1176 1908 ⁶nos
1210 1859 1295 1908 vero
1323 1840 1560 1932 navigavimus
1593 1851 1674 1933 post
1706 1842 1783 1914 dies

203 2017 212 2030 .
298 1978 498 2050 azymorum
526 1979 546 2028 a
573 1956 744 2048 Philippis,
773 1965 807 2026 et
835 1955 992 2024 venimus
1019 1955 1064 2026 ad
1101 1979 1164 2028 eos
1198 1957 1371 2030 Troadem
1407 1959 1440 2030 in
1469 1960 1593 2032 diebus
1620 1962 1781 2054 quinque,

299 2077 356 2147 nbi
383 2076 551 2148 demorati
585 2097 704 2146 sumus
732 2073 855 2146 diebus
892 2084 1036 2167 septem.
1089 2067 1154 2148 7Ιιι
1183 2101 1249 2150 una
1284 2087 1398 2150 autem
1426 2080 1561 2152 sabbati
1590 2103 1667 2152 cum
1694 2105 1781 2154 con·-

299 2198 515 2268 venissemus
542 2196 587 2268 ad
614 2195 841 2288 frangendum
870 2217 1004 2289 panem,
1033 2197 1157 2268 Paulus
1185 2199 1383 2292 disputabat
1416 2201 1477 2283 cis,
1505 2203 1721 2294 prolecturus
1749 2206 1782 2274 in

299 2319 493 2401 crastinum,
520 2316 757 2410 protraxitque
784 2337 982 2387 sermonem
1006 2339 1116 2410 usque
1143 2319 1176 2388 in
1204 2319 1354 2392 mediam
1371 2331 1527 2392 noctem:
1567 2314 1692 2394 8erant
1718 2346 1780 2396 au-

298 2449 367 2508 tern
401 2437 583 2530 lampadae
617 2437 782 2530 copiosae
815 2437 848 2506 in
883 2439 1049 2508 cenaculo
1082 2439 1142 2510 ubi
1177 2460 1315 2510 eramus
1351 2442 1560 2534 congregati.
1615 2433 1782 2516 ⁹Sedens

297 2568 413 2630 autem
440 2558 578 2650 quidam
607 2557 813 2628 adulescens
840 2558 979 2629 nomine
1012 2559 1186 2652 Eutychus
1219 2581 1324 2653 snper
1352 2564 1550 2646 fenestram,
1579 2585 1780 2658 cummar-

297 2691 436 2772 geretur
469 2701 592 2750 somno
628 2679 743 2769 gravi,
779 2676 973 2770 disputante
1009 2677 1067 2748 diu
1102 2677 1223 2763 Panlo,
1256 2679 1402 2754 eductus
1430 2704 1556 2754 somno
1584 2677 1707 2758 cecidit
1733 2663 1783 2760 de*

297 2802 397 2872 tertio
425 2796 594 2872 cenaculo
617 2798 783 2870 deorsum
811 2808 846 2870 et
878 2797 1031 2869 sublatos
1059 2808 1112 2868 est
1140 2809 1302 2872 mortuus.
1356 2795 1381 2840 ¹⁰
1393 2802 1449 2874 Ad
1476 2825 1579 2895 quern
1607 2829 1684 2878 cum
1712 2807 1777 2880 de·
1874 2785 1879 2794 ⁸

298 2921 495 2992 scendisset
523 2919 655 3002 Paulus,
682 2918 833 2990 incubuit
860 2941 964 3011 snper
991 2940 1070 2988 eum
1097 2928 1132 2988 et
1158 2923 1363 3014 complexus
1388 2925 1476 2995 dixit
1501 2925 1613 2996 Nolite
1632 2927 1776 3000 turbari:

298 3043 413 3112 anima
446 3040 536 3110 enirn
572 3039 678 3132 ipsius
713 3039 745 3108 in
779 3061 823 3110 eo
859 3049 921 3110 est.
974 3032 996 3074 ⁴¹
1018 3038 1221 3110 Ascendens
1248 3053 1363 3112 autem
1391 3045 1623 3136 frangensque
1651 3061 1776 3138 panem

298 3171 333 3231 et
359 3170 510 3252 gustans,
539 3158 694 3250 satisque
721 3160 887 3230 allocutus
916 3181 1024 3252 usque
1052 3159 1097 3231 ad
1125 3160 1245 3244 lucem,
1275 3163 1325 3232 sic
1351 3165 1525 3256 profectus
1552 3176 1613 3235 est.
1659 3159 1684 3204 ¹²
1700 3165 1774 3238 Ad-

297 3281 471 3352 duxerunt
498 3289 613 3350 antem
640 3301 785 3372 puerum
811 3281 995 3363 viventem,
1023 3289 1058 3350 et
1085 3278 1252 3350 consolati
1280 3291 1358 3354 sunt
1377 3303 1446 3352 non
1465 3283 1611 3356 minime.
1666 3278 1776 3356 13Νοιι

297 3411 411 3471 numm
438 3399 670 3470 ascendentes
697 3421 823 3470 navem
850 3401 1111 3492 enavigavimus
1137 3399 1171 3468 in
1198 3398 1328 3484 deson,¹
1351 3402 1432 3474 inde
1466 3405 1657 3496 suscepturi
1686 3405 1775 3476 Pau-

297 3523 382 3592 lum:
410 3521 461 3591 sic
486 3521 578 3590 enirn
606 3519 826 3612 disposuerat
860 3522 936 3614 ipsc
962 3543 1025 3614 per
1051 3530 1178 3590 terram
1206 3519 1271 3590 iter
1296 3523 1453 3593 tacturus.
1508 3511 1633 3595 11*(Ιιιιι]
1661 3533 1775 3596 autem

297 3641 518 3713 convenisset
551 3660 616 3711 nos
648 3641 684 3710 in
717 3641 843 3724 Asson,
877 3641 1036 3712 adsumto
1070 3661 1114 3711 eo
1148 3640 1304 3712 venimus
1339 3642 1539 3736 Mytilenen,
1584 3635 1616 3714 a
1634 3655 1668 3714 et
1695 3645 1775 3718 inde
1831 3721 1835 3734 ,

278 3743 500 3854 ¹navigantes
529 3762 686 3852 sequenti
714 3761 771 3832 die
800 3763 955 3832 vonimus
984 3769 1102 3831 contra
1131 3760 1274 3842 Chium,
1312 3763 1436 3832 etalio
1470 3763 1526 3833 die
1553 3764 1777 3857 adplicuimus

296 3887 452 3966 Samum,
487 3891 523 3951 et
550 3882 708 3974 sequenti
741 3881 798 3953 die
834 3883 991 3952 venimus
1018 3881 1175 3952 Miletum.
1230 3871 1254 3915 ¹⁶
1273 3880 1506 3974 Proposuerat
1533 3883 1621 3952 enim
1651 3884 1774 3956 Paulus

297 4003 555 4093 transnavigare
581 4001 767 4095 Ephesum,
794 4025 838 4072 ne
865 4025 933 4094 qua
959 4022 1057 4073 mora
1084 4000 1126 4068 illi
1154 3999 1252 4070 fieret
1279 4002 1310 4070 in
1338 4001 1436 4072 Asia:
1466 4003 1648 4074 festinabat
1674 4005 1773 4083 enim,

297 4126 325 4194 si
352 4123 516 4216 possibile
542 4122 607 4192 sibi
627 4132 730 4206 esset,
760 4131 795 4192 ut
820 4123 911 4194 diem
930 4129 1156 4216 pentecosten
1174 4122 1303 4190 laceret
1322 4120 1579 4216 Hierosolymis.
1626 4115 1693 4192 ¹⁷A
1711 4126 1774 4194 hli-

296 4247 364 4314 leto
391 4253 505 4314 autem
533 4242 669 4312 mittens
695 4243 870 4335 Ephesum
897 4244 1035 4314 vocavit
1063 4241 1213 4312 maiores
1240 4251 1321 4312 natu
1349 4243 1537 4314 ecclesiae:
1581 4233 1678 4335 18ιιιιί
1697 4267 1798 4316 oum·

295 4363 471 4434 venissent
496 4363 541 4434 ad
569 4385 647 4434 eum
675 4373 710 4434 et
736 4364 833 4434 simul
861 4373 988 4446 essent,
1017 4362 1103 4433 dixit
1130 4361 1180 4432 eis
1205 4362 1276 4432 Vos
1303 4359 1411 4444 scitis,
1440 4386 1460 4432 a
1489 4364 1597 4456 prima
1624 4363 1680 4434 die
1707 4387 1775 4455 qua

296 4485 472 4577 ingressus
505 4507 580 4554 sum
615 4485 648 4556 in
679 4483 815 4566 Asiam,
851 4484 996 4574 qualiter
1027 4483 1207 4554 vobiscum
1241 4503 1304 4574 per
1338 4502 1441 4552 omne
1474 4492 1611 4575 tempus
1637 4484 1772 4568 brerim,

295 4597 320 4641 ¹⁹
336 4603 492 4675 serviens
520 4605 661 4676 domino
689 4625 766 4674 oum
794 4603 886 4674 omni
913 4604 1099 4676 humilitate
1125 4612 1158 4674 et
1176 4601 1323 4672 lacrimis
1351 4609 1387 4670 et
1413 4602 1666 4674 temtationibus
1685 4627 1774 4696 quae

294 4725 375 4796 rnibi
394 4723 595 4796 acciderunt
621 4747 667 4795 ex
685 4723 815 4795 insidiis
829 4722 1050 4806 ludaeorum,
1095 4715 1121 4758 ²⁰
1135 4720 1312 4814 quomodo
1331 4721 1410 4790 nihil
1430 4722 1660 4794 subtraxerim
1694 4719 1774 4812 'vo-

293 4849 347 4918 bis
381 4845 524 4928 utibum,
570 4845 754 4936 quominus
791 4843 1026 4916 adnuntiarem
1063 4843 1161 4913 vobis
1203 4851 1241 4912 et
1274 4841 1439 4913 docerem
1475 4865 1539 4944 vos
1573 4844 1708 4938 publice
1741 4858 1776 4918 et

293 4991 357 5060 per
383 4968 528 5048 domoS,
572 4957 594 5000 Ἃ
616 4963 799 5036 testificans
826 4964 960 5036 ludaeis
989 4973 1091 5054 atque
1119 4961 1301 5053 gentilibus
1333 4960 1366 5030 in
1393 4960 1497 5032 deum
1530 4967 1774 5057 paenitentiam

294 5097 329 5158 et
356 5087 459 5158 iidem
487 5087 521 5157 in
547 5085 687 5158 domino
714 5093 832 5158 nostro
866 5086 941 5156 lesu
974 5083 1116 5155 Christo.
1169 5073 1194 5118 Ἠ
1212 5083 1253 5154 Et
1285 5101 1382 5152 nunc*
1411 5104 1495 5154 ecce
1521 5107 1590 5176 ego
1618 5087 1777 5180 alligatus

293 5208 413 5300 spiritu
447 5205 541 5279 vado
576 5205 611 5278 in
650 5205 879 5290 hierusalem,
923 5225 1011 5298 quae
1047 5204 1079 5273 in
1119 5225 1160 5273 ea
1195 5212 1337 5275 ventura
1380 5213 1458 5274 sunt
1490 5204 1569 5276 milri
1597 5207 1776 5300 ignorans,

899 5326 967 5408 xx,
1000 5327 1011 5393 t
1050 5365 1093 5376 -
1124 5327 1181 5397 22.

1394 5446 1472 5516 ΞΝ
