4254 6130
705 415 814 476 LIBER
841 409 993 486 uoluunt
1021 411 1297 475 APOSTOLORUM

289 521 682 530 -ffiffl
743 518 936 527 ᾕμ-
1004 517 1200 526 m·-
1351 517 1763 528 --—-—--·-—.-.-—.-...-,-,—,

283 618 432 694 carceris
459 627 495 688 et
521 618 674 691 educens
701 641 765 690 eos
792 616 879 689 dixit
920 607 947 652 ²⁰
964 618 1011 687 lte
1038 627 1073 688 et
1099 627 1230 690 stantes
1256 614 1429 708 loquimini
1457 615 1491 684 in
1518 617 1647 710 templo
1674 619 1766 710 plebi

283 739 398 810 omnia
425 739 532 810 verba
559 739 650 810 vitae
677 739 786 811 huius.
839 727 862 772 ²⁴
885 735 950 824 Qui
977 759 1053 808 cum
1082 737 1276 821 audissent,
1313 735 1521 806 intraverunt
1558 736 1705 810 diluculo
1732 739 1765 808 in

284 860 447 952 templum
483 869 518 930 et
551 859 734 930 docebant.
788 855 986 928 Adveniens
1024 867 1137 928 autem
1182 855 1342 950 princeps
1378 856 1599 927 sacerdotum
1635 868 1668 928 et
1708 859 1765 950 qui

284 1003 361 1051 cum
388 1001 432 1050 eo
460 987 556 1049 erant
584 986 866 1050 convocaverunt
891 977 1070 1048 concilium
1098 987 1133 1048 et
1160 996 1282 1046 omnes
1313 975 1470 1046 seniores
1502 961 1647 1060 filiorum
1675 981 1764 1051 lsra-
1835 1041 1840 1054 ,

285 1100 349 1185 hel,
377 1110 412 1170 et
438 1099 601 1170 miserunt
627 1099 659 1168 in
693 1119 871 1170 carcerem
905 1105 942 1166 ut
972 1097 1235 1169 adducerentur.
1288 1087 1408 1166 ”Cum
1441 1099 1616 1170 venissent
1650 1110 1765 1172 autem

284 1219 423 1291 ministri
451 1229 485 1290 et
512 1227 633 1312 aperto
661 1241 802 1291 carcere
828 1239 898 1288 non
915 1215 1233 1305 invenissentillos‚
1260 1217 1391 1286 reversi
1410 1219 1646 1291 nuntiaverunt
1671 1213 1766 1290 ”di-

286 1351 405 1410 centes
429 1340 611 1412 Carcercm
639 1341 778 1432 quidem
807 1339 997 1410 invenimus
1024 1339 1176 1410 clausum
1212 1359 1289 1407 cum
1319 1338 1409 1408 omni
1443 1337 1614 1432 diligentia
1642 1351 1676 1412 et
1703 1363 1765 1411 cu-

285 1455 405 1531 stodes
438 1469 568 1532 stantes
599 1459 646 1530 ad
677 1459 816 1543 ianuae,
852 1460 1047 1552 aperientes
1084 1471 1199 1531 autem
1236 1457 1406 1528 neminem
1442 1459 1529 1542 intus
1563 1461 1764 1531 invenimus.

283 1571 310 1620 ⁹*
327 1581 368 1652 Ut
394 1581 573 1653 audierunt
600 1590 714 1652 autern
741 1579 808 1650 hos
836 1601 1016 1652 sermones
1042 1579 1264 1671 magistratus
1295 1578 1411 1671 templi
1446 1589 1480 1649 et
1506 1581 1678 1675 principes
1705 1603 1764 1652 sa·

285 1701 475 1786 cordatum,
503 1701 725 1793 ambigebant
751 1697 797 1770 de
824 1700 886 1772 illis
913 1700 1076 1793 quidnam
1103 1699 1209 1770 fieret.
1263 1689 1290 1736 ²⁵
1306 1699 1504 1772 Adveniens
1538 1713 1652 1774 autem
1687 1702 1764 1794 qui-

285 1821 365 1892 dam
392 1822 557 1894 nuntiavit
582 1821 633 1892 eis
659 1819 737 1912 quia
765 1841 849 1892 ecce
874 1821 936 1891 viri
965 1842 1054 1914 quos
1080 1819 1243 1913 posuistis
1269 1820 1302 1890 in
1321 1841 1461 1892 carcere
1480 1833 1557 1894 sunt
1583 1823 1764 1915 intemplo

286 1951 416 2013 stantes
442 1953 477 2012 et
503 1942 670 2013 docentes
697 1941 871 2034 populum.
924 1932 1058 2011 2“Tunc
1084 1939 1166 2011 abiit
1192 1939 1410 2032 magistratus
1438 1963 1513 2012 cum
1543 1943 1702 2014 ministris
1730 1955 1765 2014 et

287 2061 430 2132 adduxit
455 2061 530 2133 illos
557 2061 629 2132 sine
656 2061 706 2132 vi:
733 2061 899 2132 timebant
927 2061 1016 2131 enim
1036 2061 1209 2154 populum,
1236 2081 1281 2132 ne
1299 2061 1545 2154 lapidarentur:
1589 2057 1615 2102 ²⁷
1633 2075 1668 2134 ct
1685 2058 1774 2136 cum*

287 2179 513 2254 adduxissent
538 2181 622 2266 illos,
650 2189 839 2252 statuerunt
870 2182 904 2252 in
931 2181 1091 2266 concilio,
1119 2191 1154 2252 et
1179 2181 1402 2273 interrogavit
1427 2203 1489 2254 ecs
1515 2183 1678 2278 princeps
1704 2207 1762 2258 sa·
1895 2241 1905 2256 .
2032 2163 2036 2178 ’

287 2301 463 2373 cerdotum
507 2292 665 2372 ”dicens
698 2301 946 2396 Praecipiendo
976 2299 1208 2395 praecipimus
1233 2303 1335 2374 vobis
1367 2325 1411 2374 ne
1437 2305 1611 2376 doceretis
1637 2306 1670 2375 in
1697 2325 1762 2378 no-

285 2425 376 2493 mine
402 2423 477 2507 isto,
505 2432 539 2492 et
565 2441 649 2491 ecce
676 2421 815 2516 repletis
840 2421 1051 2492 Hierusalem
1079 2421 1233 2493 doctrina
1260 2433 1385 2510 vestra,
1414 2425 1573 2497 etrvrdtis
1599 2425 1763 2498 inducere

286 2561 481 2636 supernos
508 2539 709 2633 sanguinem
736 2541 882 2612 hominis
908 2542 1012 2613 istius.
1056 2535 1322 2638 ”ll'espondens
1340 2555 1453 2616 autem
1474 2545 1595 2617 Petrus
1621 2555 1656 2614 et
1674 2565 1761 2638 upo-

286 2664 362 2736 stoli
396 2663 557 2735 dixerunt
590 2659 765 2732 Oboedire
800 2671 938 2755 oportet
973 2661 1041 2732 deo
1076 2663 1188 2756 magis
1224 2643 1330 2756 quam
1361 2665 1564 2737 hominibus.
1625 2657 1651 2702 ³⁰
1668 2667 1762 2738 Deus

285 2795 418 2878 patrum
445 2792 642 2854 nostrorum
670 2781 845 2852 suscitavit
869 2783 998 2867 lesum,
1025 2803 1128 2874 quem
1164 2805 1227 2854 vos
1259 2785 1476 2857 interemistis
1510 2785 1761 2880 suspendentes

285 2905 317 2974 in
344 2905 455 2997 ligno:
498 2895 522 2939 ³⁴
543 2903 632 2972 hunc
671 2901 758 2972 deus
795 2901 982 2996 principem
1018 2913 1053 2973 et
1080 2905 1287 2976 salvatorem
1323 2906 1485 2977 exaltavit
1518 2907 1665 2980 dextera
1699 2929 1761 2978 sue

286 3025 332 3096 ad
359 3025 508 3096 dandam
536 3021 778 3116 paenitentiam
805 3016 951 3092 'lsrahel
978 3031 1012 3092 et
1038 3023 1276 3096 remissionem
1303 3035 1533 3120 peccatorum.
1586 3017 1614 3064 Ὤ
1629 3028 1672 3098 Et
1696 3049 1761 3098 nos

286 3155 392 3215 testes
419 3165 537 3214 sumus
562 3143 685 3214 horum
706 3143 900 3226 verborum,
928 3151 963 3212 et
989 3143 1125 3236 spiritus
1143 3155 1282 3216 sanctus
1309 3169 1411 3240 quem
1430 3145 1525 3216 dedit
1542 3146 1630 3217 deus
1649 3147 1760 3218 omni-

287 3263 351 3334 bus
378 3261 642 3334 oboedientibus
669 3263 742 3334 sibi.
794 3254 928 3333 ³³Haec
954 3285 1032 3333 cum
1060 3263 1251 3350 audissent,
1280 3266 1538 3336 dissecabantur
1564 3277 1599 3336 et
1625 3267 1759 3358 cogita-

286 3385 369 3455 bant
400 3383 591 3454 interflcere
624 3383 708 3454 illos.
760 3372 786 3420 ³⁴
804 3385 956 3476 Surgens
989 3393 1102 3454 autem
1141 3385 1280 3476 quidam
1312 3386 1346 3454 in
1379 3383 1520 3456 concilio
1555 3385 1759 3458 Pharisaeus

286 3503 423 3575 nomine
450 3503 622 3588 Gamaliel,
648 3505 735 3596 legis
761 3503 885 3574 doctor
910 3503 1119 3574 honorabilis
1146 3505 1327 3576 universae
1353 3506 1454 3598 plebi,
1481 3505 1577 3575 iussit
1593 3507 1687 3578 loras
1713 3507 1760 3578 ad

286 3625 392 3695 breve
418 3617 594 3695 'homines
620 3623 709 3710 fieri,
742 3615 936 3717 ³⁵dixitque
963 3625 1009 3696 ad
1034 3623 1109 3694 illos
1135 3625 1203 3696 Viri
1228 3625 1433 3710 Israhelitae,
1461 3625 1636 3697 adtendite
1650 3627 1759 3700 vobis

285 3767 389 3839 super
421 3745 613 3817 hominibus
644 3745 732 3829 istis,
767 3745 850 3837 quid
883 3745 988 3816 acturi
1023 3745 1103 3816 sitis.
1156 3737 1182 3782 ³⁶
1199 3746 1286 3817 Ante
1320 3745 1410 3816 enim
1444 3744 1509 3815 hos
1542 3743 1617 3816 dies
1650 3747 1760 3818 extitit

285 3865 447 3938 Theodas
474 3865 593 3938 dicens
619 3885 699 3937 esse
725 3886 763 3935 se
790 3866 947 3959 aliquem,
976 3865 1029 3937 cni
1055 3866 1228 3937 consensit
1252 3885 1415 3936 numerus
1448 3864 1599 3935 virorum
1627 3866 1759 3938 circiter

284 3987 628 4080 quadringentorum
657 3985 714 4078 qui
732 3985 866 4058 occisus
885 3997 947 4070 est,
975 3996 1010 4056 et
1028 4006 1149 4056 omnes
1168 3986 1225 4078 qui
1243 3985 1432 4056 credebant
1450 3984 1481 4054 ei
1499 3984 1653 4080 dissipati
1672 3999 1758 4074 sunt,

285 4117 319 4178 et
335 4107 497 4179 redactus
511 4116 565 4178 est
582 4104 627 4176 ad
640 4106 788 4176 nibilum.
814 4097 841 4142 ³⁷
854 4105 936 4177 Post
953 4106 1043 4177 hunc
1061 4105 1171 4176 extitit
1187 4107 1287 4178 ludas
1302 4081 1470 4177 Galilaeus
1487 4105 1519 4174 in
1538 4105 1661 4180 diebus
1674 4131 1758 4202 pro-

284 4227 443 4299 fessionis
464 4237 499 4298 et
517 4226 638 4298 avertit
655 4225 819 4319 poputum
838 4235 917 4318 post
935 4248 990 4297 se:
1018 4235 1053 4296 et
1075 4225 1150 4319 ipse
1172 4225 1279 4319 periit,
1301 4235 1335 4296 et
1354 4247 1474 4296 omnes
1488 4235 1655 4319 quotquot
1672 4247 1757 4300 con-

286 4357 466 4448 senserunt
485 4347 517 4418 ei
535 4346 683 4440 dispersi
702 4354 786 4416 sunt.
814 4337 840 4382 ³⁸
852 4346 894 4415 Et
907 4369 995 4418 nnnc
1012 4347 1127 4438 itaque
1141 4346 1219 4416 dico
1237 4347 1346 4431 vobis
1366 4345 1530 4417 discedite
1549 4347 1592 4416 ab
1611 4345 1757 4418 homini-

284 4465 350 4536 bus
363 4465 435 4538 istis
453 4477 488 4537 ct
505 4467 603 4537 sinite
620 4467 712 4537 illos:
732 4465 892 4557 quoniam
911 4466 938 4538 si
958 4476 1074 4538 estex
1093 4465 1285 4538 hominihus
1303 4468 1478 4538 consilium
1497 4467 1565 4537 hoc
1583 4478 1642 4538 aut
1659 4490 1756 4562 opus,

285 4585 507 4671 dissolvetur;
533 4579 601 4658 ³⁹si
614 4607 700 4657 vero
719 4606 766 4656 ex
784 4584 851 4656 deo
871 4597 932 4672 est,
960 4609 1028 4658 non
1052 4585 1207 4681 poteritis
1230 4587 1422 4658 dissolvere
1447 4608 1524 4670 eos,
1549 4609 1593 4657 ne
1618 4589 1704 4658 forte
1723 4597 1758 4660 et

231 4692 235 4704 ’
284 4704 353 4776 deo
371 4725 566 4799 repugnare
583 4704 808 4778 inveniamini.
836 4706 1089 4798 Consenserunt
1108 4717 1221 4779 autem
1239 4703 1291 4791 illi,
1326 4698 1353 4744 ⁸⁰
1366 4719 1400 4778 et
1418 4717 1651 4779 convocantes
1669 4729 1756 4802 apc-

284 4825 393 4898 stolos
410 4825 521 4898 caesis
547 4826 830 4898 denuntiaverunt
855 4847 898 4897 ne
922 4829 1143 4920 loquerentur
1166 4827 1199 4896 in
1222 4827 1359 4899 nomine
1384 4831 1473 4914 lesu,
1501 4838 1536 4898 et
1560 4828 1758 4900 dimiserunt

283 4965 355 5017 eos.
400 4935 422 4983 Μ
442 4947 484 5018 Et
505 4946 549 5016 illi
571 4945 709 5038 quidem
738 4947 832 5018 ibant
849 4947 1043 5039 gaudentes
1068 4969 1087 5017 a
1113 4955 1301 5040 conspectu
1319 4949 1458 5034 concilii,
1485 4949 1646 5042 quoniam
1664 4945 1757 5044 digni

284 5063 389 5139 habiti
412 5077 491 5140 sunt
507 5089 571 5162 pro
593 5068 731 5140 nomine
750 5068 826 5139 lesu
845 5069 1084 5139 contumeliam
1104 5067 1187 5160 pati:
1219 5056 1245 5104 ⁴²
1259 5069 1351 5138 omni
1370 5079 1483 5140 autern
1502 5069 1559 5142 die
1576 5070 1610 5140 in
1629 5073 1757 5165 templo

283 5197 319 5256 et
343 5188 432 5259 circa
460 5187 586 5260 domos
603 5199 672 5259 non
691 5187 875 5260 cessabant
893 5187 1060 5259 docentes
1078 5197 1112 5259 et
1138 5188 1415 5281 evangelizantes
1441 5191 1550 5261 lesum
1579 5191 1756 5263 Christum.

884 5309 920 5392 V,
948 5311 995 5381 20
1028 5349 1069 5360 —
1103 5308 1159 5385 42.

1377 5385 1494 5500 aas
