4102 6128
613 399 852 466 svtrvosoms
878 399 1081 464 semrom
1109 389 1339 467 usrresus'
1665 415 1711 484 33

222 611 321 684 beati
347 609 437 682 omli
463 609 543 702 (mia
567 607 699 692 vident,
726 616 762 677 st
788 625 891 678 sures
913 615 1053 678 vestroe
1084 608 1171 700 quia
1198 609 1348 682 audimt.
1400 603 1426 650 ⁴⁷
1442 611 1559 689 Arnen
1585 587 1711 716 qnippe

227 729 307 804 dieo
337 731 441 804 vobis
467 725 547 822 quia
571 727 666 799 multi
697 725 891 820 prophetae
917 735 952 796 et
974 725 1056 795 iusti
1087 729 1272 822 eapiermt
1303 730 1423 803 videre
1452 754 1548 828 qtae
1577 741 1710 828 videtis,

229 863 265 924 et
287 869 359 924 non
383 849 559 934 viderunt,
586 857 623 918 et
646 844 766 918 audire
797 867 888 939 quaa
914 844 1053 930 auditis,
1086 857 1126 918 et
1150 869 1222 920 non
1249 850 1437 924 audiemus
1487 848 1515 894 ⁴⁸
1532 851 1624 910 (Μ)
1641 863 1712 934 Vos
1743 895 1747 900 -

229 991 314 1065 ergo
340 967 458 1044 audite
483 965 685 1063 parabolam
709 966 916 1039 seminantis.
967 955 994 1002 ⁴⁹
1018 965 1150 1039 Omnis
1175 968 1234 1061 qui
1259 969 1355 1042 audit
1378 975 1525 1048 verbum
1552 983 1649 1074 mgni
1676 995 1712 1056 er

229 1111 299 1162 non
323 1090 503 1183 intellegit,
534 1087 629 1159 venit
653 1087 763 1160 mtlos
798 1097 833 1160 et
865 1085 953 1180 rapit
977 1085 1088 1177 qaod.
1108 1087 1314 1160 semirutum
1341 1101 1395 1164 est
1419 1093 1453 1166 ln
1478 1093 1591 1173 eorde
1616 1104 1709 1176 sium

229 1212 284 1286 hio
310 1221 365 1283 est
396 1211 454 1304 qui
488 1227 590 1280 secus
623 1207 715 1278 viam
741 1208 928 1280 seminatus
954 1216 1015 1277 est.
1071 1199 1101 1246 ¹⁰
1120 1208 1187 1292 Qui
1212 1219 1324 1281 tatem
1350 1233 1454 1307 sopra
1477 1228 1623 1310 petrosa
1648 1245 1702 1296 ss.

229 1333 376 1404 minatrrs
405 1341 473 1417 est,
507 1327 563 1400 bie
594 1337 647 1400 est
676 1327 733 1420 qm'
767 1329 911 1400 verbum
944 1326 1039 1398 audit
1073 1338 1112 1398 et
1139 1328 1298 1402 continno
1325 1349 1401 1403 sum
1428 1339 1559 1428 gaudio
1586 1341 1710 1437 aodps

229 1452 319 1538 illud,
363 1444 386 1488 ²⁴
401 1473 472 1524 non
497 1447 605 1522 habet
630 1457 746 1520 autem
774 1449 808 1520 in
833 1469 872 1526 se
891 1447 1053 1532 radicem,
1083 1443 1152 1520 sed
1178 1459 1232 1520 est
1248 1454 1457 1546 temporalis:
1484 1459 1708 1533 lassantem

229 1573 445 1645 tribulatione
471 1581 508 1643 et
532 1567 776 1664 persecutione
801 1580 942 1664 propter
966 1569 1116 1640 verbum
1137 1569 1296 1644 continuo
1313 1574 1573 1652 scandalizatur.
1600 1572 1628 1619 ²²
1641 1582 1710 1666 Qui

230 1703 344 1766 autem
370 1703 425 1764 est
454 1679 641 1765 seminatus
672 1689 707 1758 in
734 1690 852 1784 spinis,
886 1690 940 1762 oio
973 1699 1027 1761 est
1053 1691 1113 1782 qui
1137 1691 1283 1762 verbnm
1311 1691 1418 1779 audit
1447 1706 1482 1767 st
1508 1699 1709 1774 sollicitudo

229 1815 358 1888 sasodi
382 1813 480 1885 istius
505 1821 542 1881 et
566 1809 697 1882 salama
724 1809 915 1884 divitiarum
947 1808 1097 1882 suffocet
1129 1809 1288 1896 verbum,
1320 1822 1356 1883 et
1388 1815 1461 1886 sins
1489 1817 1602 1889 frusto
1628 1821 1709 1894 eill-

100 1919 107 1930 ’
231 1938 325 2008 titur.
376 1927 402 1974 ’Β
417 1933 482 2019 Qui
507 1949 592 2003 varo
618 1929 653 2000 in
677 1937 771 2002 terra
803 1932 895 2002 bona
926 1931 1117 2002 seminatus
1149 1940 1215 2016 est,
1249 1929 1304 2002 bie
1329 1941 1382 2004 est
1413 1935 1470 2027 qri
1498 1937 1596 2009 audit
1620 1961 1707 2012 ver-

231 2057 313 2128 bum
337 2066 376 2127 et
401 2051 572 2142 intellegit
597 2058 634 2120 et
657 2050 937 2136 buetumallsrt,
962 2060 1000 2120 et
1024 2051 1107 2122 insit
1133 2051 1224 2122 aliod
1254 2052 1393 2146 quidem
1417 2065 1576 2142 eentum,
1612 2061 1708 2134 aiud

232 2185 346 2248 nomm
373 2172 565 2265 sexaginta,
598 2189 704 2262 porro
732 2169 823 2242 aliud
847 2170 991 2263 triginta.
1043 2160 1184 2218 “ml
1198 2171 1306 2243 Alism
1338 2159 1543 2266 parabolam
1569 2197 1707 2274 propo-

232 2297 297 2368 suit
321 2295 384 2366 illis
411 2293 530 2366 dicens
557 2288 672 2360 Simile
697 2291 822 2362 indum
850 2299 902 2362 est
927 2309 1072 2382 ωςοοοι
1098 2293 1272 2364 saelorum
1305 2293 1433 2363 homini
1465 2296 1524 2387 qui
1551 2301 1705 2372 semina.

230 2418 280 2489 vit
302 2417 433 2488 bonam
458 2429 580 2483 semen
605 2409 637 2480 in
661 2401 753 2504 ‘egro
778 2431 852 2483 suo.
903 2402 932 2450 ¹⁵
948 2411 1031 2481 Crrm
1059 2421 1173 2484 autem
1200 2412 1388 2486 dormirent
1413 2413 1581 2502 homines,
1608 2423 1704 2494 verrit

231 2534 386 2608 inimims
410 2534 486 2605 eins
512 2540 548 2602 et
574 2531 858 2624 superseminavit
883 2530 1011 2601 meanis
1045 2531 1079 2601 in
1105 2533 1221 2605 modio
1248 2531 1344 2603 tritioi
1370 2541 1405 2601 et
1431 2533 1523 2606 abiit..
1575 2530 1699 2614 ”Cum

232 2665 346 2730 autem
379 2651 547 2726 crevisset
575 2647 685 2722 betha
719 2661 754 2722 et
779 2653 922 2723 lruetum
948 2650 1100 2736 lesisset
1136 2661 1216 2724 mne
1242 2661 1473 2746 apparuerunt
1499 2665 1535 2726 et
1560 2659 1700 2733 menia.

229 2771 255 2816 ’ἵ
268 2775 485 2848 insedentes
512 2781 627 2844 samm
654 2771 744 2841 servi
770 2771 876 2865 patris
900 2769 1044 2843 ismilias
1070 2772 1231 2845 dixerant
1256 2772 1288 2843 ei
1310 2771 1465 2859 Domine,
1491 2793 1608 2850 nonne
1634 2781 1701 2852 bo-

230 2917 312 2970 nam
338 2914 459 2968 samen
485 2892 659 2965 seminasti
685 2889 719 2962 in
745 2911 831 2984 agro
859 2894 940 2963 too‘?
966 2892 1060 2964 unde
1085 2913 1172 2987 ergo
1206 2893 1312 2965 hebet
1341 2891 1493 2966 desumi
1545 2888 1628 2970 ”Et
1653 2901 1699 2972 ait

229 3017 293 3090 illis
318 3015 474 3087 inimicos
500 3014 605 3084 homo
632 3012 700 3084 boe
725 3013 813 3084 lesit
852 3012 951 3084 Servi
978 3021 1093 3084 summ
1120 3014 1279 3087 dixerunt
1304 3013 1337 3086 ei
1353 3013 1420 3100 Vis,
1448 3015 1537 3089 lmus
1563 3029 1599 3090 et
1625 3022 1698 3092 eol-

229 3137 365 3231 llgimus
392 3137 459 3207 ea‘l
510 3126 591 3204 ”Et
617 3131 663 3204 ait
693 3132 779 3217 Non,
806 3149 852 3202 ne
883 3133 972 3204 iorto
1006 3133 1208 3227 oolligentes
1239 3132 1364 3204 zizame
1392 3137 1575 3210 eradioetis
1600 3141 1700 3212 dmnl

230 3267 267 3330 et
291 3256 436 3328 summ
464 3273 541 3326 oum
568 3253 629 3324 eis.
680 3241 823 3322 ³⁰Sinite
849 3259 993 3345 utraque
1020 3271 1179 3325 creseere
1205 3271 1315 3346 usque
1342 3254 1388 3325 ad
1416 3277 1576 3343 messam
1605 3271 1640 3330 st
1664 3262 1698 3332 in

227 3391 388 3472 tempore
414 3373 538 3446 messis
564 3373 676 3445 deam
703 3371 917 3443 messoribus
944 3373 1096 3466 colligite
1121 3375 1267 3468 primum
1293 3372 1423 3448 zizania
1449 3389 1485 3449 et
1501 3378 1637 3472 eligam
1652 3401 1696 3451 ea

229 3493 410 3570 lasoioulos
436 3494 482 3566 td
503 3491 784 3576 comburendum,
811 3492 956 3563 tritiosm
970 3501 1083 3564 eutem
1095 3501 1307 3587 oongregato
1333 3491 1367 3563 in
1380 3495 1544 3570 horreum
1569 3519 1695 3572 meum.

226 3609 251 3656 ⁸⁴
266 3609 358 3666 (Μ)
371 3613 482 3686 Aliam
514 3613 715 3708 parabolam
749 3612 929 3706 proposuit
960 3613 1012 3684 eis
1037 3613 1157 3687 disens
1182 3615 1297 3686 Simile
1323 3621 1379 3686 est
1404 3631 1550 3708 regnum
1577 3622 1695 3694 oaslo'-

229 3757 305 3809 rom
331 3755 440 3829 grano
465 3734 602 3828 sinapis,
629 3733 724 3826 quod
750 3732 920 3826 accipiens
945 3731 1052 3804 homo
1079 3736 1257 3808 seminavit
1282 3735 1315 3804 in
1329 3753 1414 3826 agro
1442 3757 1521 3812 suo:
1560 3733 1587 3780 ³
1600 3743 1695 3836 qood

230 3857 403 3928 minimum
430 3853 569 3947 quidem
596 3863 649 3925 est
675 3853 834 3928 omnbus
859 3853 1064 3939 seminibus3
1091 3875 1169 3926 oum
1196 3865 1309 3928 anum
1330 3859 1488 3945 ereverit,
1514 3862 1625 3935 maius
1640 3875 1694 3935 est

230 3976 387 4048 omnibus
413 3975 589 4046 holeribus
615 3983 649 4044 et
674 3973 712 4044 iit
736 3974 851 4058 arbor,
879 3973 925 4044 ita
951 3982 988 4044 ut
1012 3975 1171 4046 volucres
1198 3975 1284 4046 caeli
1309 3977 1447 4049 veniant
1479 3991 1514 4052 et
1540 3982 1692 4056 habitent

228 4096 261 4167 in
278 4096 382 4168 ramis
401 4095 484 4166 eius.
511 4086 537 4132 ³³
549 4085 638 4142 (Μ)
653 4091 762 4166 Aliam
780 4093 982 4186 parabolem
1000 4095 1134 4166 locutus
1152 4105 1205 4166 est
1223 4095 1273 4166 eis
1292 4093 1412 4168 disens
1431 4099 1545 4172 Simile
1563 4113 1617 4173 est
1634 4127 1689 4176 re-

228 4239 331 4308 gnum
358 4216 531 4287 caelorum
557 4215 734 4300 fermento,
761 4212 856 4307 quod
883 4225 1061 4308 acceptum
1089 4216 1209 4287 mulier
1226 4215 1408 4290 abscondit
1433 4219 1467 4289 in
1492 4219 1619 4292 farinae
1633 4245 1690 4294 sa-

226 4337 270 4408 tis
294 4337 411 4421 tribus,
439 4335 553 4406 donee
577 4337 815 4406 iermentatam
842 4345 896 4406 est
920 4345 1038 4406 tourm
1088 4323 1218 4384 “W
1232 4337 1326 4408 lites
1351 4338 1465 4410 omnia
1478 4339 1611 4412 loeutus
1638 4354 1690 4414 est

226 4459 321 4530 lesns
346 4458 380 4528 in
405 4454 579 4550 parabolis
606 4453 652 4526 ed
677 4456 805 4540 umbus,
832 4465 869 4526 et
894 4456 967 4527 sine
993 4453 1167 4548 parobolis
1191 4477 1261 4530 non
1286 4457 1491 4549 loquebatur
1515 4459 1580 4544 eis;
1612 4454 1689 4534 ῧεοι
1727 4519 1733 4540 ,

225 4575 468 4670 adimpleretur
493 4574 587 4668 quod
614 4575 742 4648 diotnm
768 4584 843 4648 erat
867 4597 931 4669 per
956 4575 1161 4669 prophetam
1188 4577 1358 4650 dieentem
1377 4577 1539 4671 Aperlam
1564 4580 1598 4650 in
1623 4603 1687 4674 pa·-

224 4697 351 4768 rsbolis
368 4715 423 4768 os·
436 4713 561 4780 meum,
588 4697 753 4768 sedabo
770 4697 971 4769 abscondite
995 4697 1273 4770 aeonstitatione
1286 4697 1412 4770 mundi
1437 4689 1465 4736 ³⁸
1477 4686 1580 4748 ‘mim’
1593 4697 1687 4774 'l'une

224 4817 376 4889 dimissis
408 4815 516 4888 tarbis
552 4817 645 4887 venit
676 4817 710 4888 in
744 4817 903 4902 domum,
936 4827 973 4888 et
997 4827 1219 4889 accesserant
1250 4815 1297 4890 sd
1323 4837 1402 4888 enm
1428 4815 1583 4912 diteipdi
1609 4821 1684 4894 eius

223 4937 377 5009 tlioemes
410 4935 550 5009 Dissere
583 4936 684 5008 nobis
720 4935 921 5030 parabolam
956 4937 1160 5010 zizaniorum
1193 4935 1276 5031 agri.
1328 4928 1354 4974 ³7
1372 4936 1437 5022 Qui
1470 4938 1685 5035 respondens

221 5059 268 5129 eit
292 5059 358 5144 Qui
383 5058 527 5132 seminat
552 5057 680 5128 bonum
699 5074 819 5128 semen
844 5067 898 5130 est
921 5057 1008 5129 lilius
1033 5057 1187 5141 bominis,
1226 5050 1350 5149 18οςοι·
1375 5067 1489 5130 sulem
1514 5073 1568 5134 est
1585 5081 1684 5134 moo-
1733 5147 1735 5153 ,

221 5177 301 5261 dos,
329 5179 457 5250 bonnm
483 5197 568 5250 vero
595 5195 714 5250 semen
740 5177 775 5249 hi
800 5188 880 5252 sunt
903 5177 959 5250 lilii
984 5176 1098 5270 regom
1126 5178 1251 5250 dranis
1279 5187 1392 5249 tutem
1423 5177 1480 5250 iilii
1510 5193 1588 5255 sunt
1618 5203 1682 5254 ne-
1755 5273 1762 5284 Ι

235 5295 240 5308 ’
768 5297 845 5382 Xlll,
875 5295 922 5371 li
982 5337 1019 5350 -
1077 5301 1134 5370 38.

1356 5425 1377 5492 5
