4102 6128
354 403 397 450 xx
509 406 513 416 “
947 382 1227 446 PROLEGOIIENA

451 591 473 662 2
502 586 576 656 Tim
605 585 637 671 l,
666 589 698 658 5.
727 598 759 654 to
790 608 862 655 vcro
888 587 984 675 uipr'lo
1009 591 1043 654 in
1075 588 1218 656 omnibus
1239 579 1245 682 Ι
1269 589 1379 658 laboro
1400 586 1406 678 Ι
1429 608 1506 679 opto
1536 581 1836 686 fossaecaecae!

449 707 524 778 ch
555 710 611 792 ll,
641 709 672 775 l.
708 719 752 776 cst
785 717 888 775 anton
917 707 995 796 fidas
1018 699 1024 804 Ι
1046 709 1275 796 sperandorum
1307 710 1481 778 substantio
1504 700 1510 805 Ι
1532 731 1639 778 rcum
1664 731 1832 798 orcomen-

560 838 626 895 tum
649 837 903 918 cooperantem
925 825 931 916 Ι

452 947 496 1016 Cl.
525 945 628 1017 etiam
653 947 707 1018 lllc
734 948 766 1030 3,
797 949 853 1018 to.

1058 1189 1126 1260 XII.

452 1393 503 1462 De
528 1391 704 1464 veteribus
730 1401 846 1463 textus
873 1392 1151 1487 sectionibus
1178 1393 1361 1466 dicendum
1389 1403 1458 1477 est,
1493 1415 1637 1486 quarum
1670 1395 1739 1466 duo
1766 1417 1830 1488 ge-

231 1541 235 1555 ·
358 1534 454 1596 nera,
488 1521 668 1604 utmmque
702 1511 987 1605 antiquissimum,
1028 1512 1062 1583 in
1095 1513 1218 1585 codiee
1258 1513 1429 1585 Amiatino
1471 1513 1655 1586 habentur:
1688 1515 1829 1586 alterum

357 1631 452 1726 quod
477 1629 650 1703 Ammonii
676 1641 779 1726 atque
805 1631 944 1704 Eusebii
970 1631 1091 1703 studiis
1118 1633 1273 1718 debetur,
1300 1633 1334 1703 in
1351 1634 1550 1726 evangelico
1578 1644 1706 1706 tantum
1733 1644 1830 1706 textu

356 1752 590 1846 conspicuum,
619 1753 761 1823 altemm
788 1751 1011 1846 capitulorum
1039 1753 1112 1824 sive
1138 1752 1304 1840 brevium,
1332 1763 1402 1824 tum
1429 1753 1463 1823 in
1489 1755 1675 1847 evangeliis
1701 1765 1771 1825 tum
1796 1755 1830 1824 in

356 1872 494 1965 reliquis
532 1871 627 1942 libris
661 1870 859 1942 adhibitum.
911 1872 994 1970 Illud
1027 1872 1123 1966 quod
1156 1872 1289 1959 attinet,
1324 1897 1427 1968 quum
1455 1895 1520 1946 nee
1546 1875 1679 1946 tabulas
1706 1875 1829 1948 decem

356 2014 527 2065 canonum
552 1989 692 2062 Eusebii
717 2011 783 2060 neo
808 2011 972 2062 numeros
998 1992 1032 2063 in
1058 1993 1315 2088 evangeliorum
1342 1993 1496 2087 margine
1522 1995 1655 2089 positos
1681 2016 1728 2066 ex
1753 1995 1830 2088 ipso

358 2113 481 2186 codice
516 2110 757 2203 transscriptos
789 2109 974 2198 haberem,
1002 2122 1141 2185 secutus
1167 2136 1242 2184 sum
1275 2113 1480 2185 Fnldensem
1513 2114 1671 2187 codicem
1704 2112 1830 2186 saeculi

356 2235 407 2304 vl.
440 2230 736 2325 quemadmodum
770 2229 1008 2302 Lachmannus
1041 2233 1232 2327 exscripsit.
1286 2233 1362 2317 Qua
1387 2255 1425 2304 re
1450 2255 1521 2305 non
1545 2257 1672 2306 vereor
1695 2255 1741 2306 ne
1768 2255 1829 2304 co-

356 2353 424 2424 dici
449 2349 622 2422 Amiatino
649 2351 760 2422 aliena
786 2351 1038 2444 supposuerim.
1092 2354 1204 2438 Quum
1231 2353 1322 2424 enim
1349 2373 1500 2424 canones
1525 2353 1580 2424 isti
1605 2355 1639 2424 in
1656 2353 1831 2426 veteribus

355 2473 449 2544 libris
475 2492 619 2564 perraro
646 2470 794 2555 variant,
820 2470 1000 2542 Fnldensis
1023 2493 1110 2543 vero
1136 2473 1223 2544 liber
1247 2472 1407 2566 proxime
1434 2471 1480 2543 ad
1505 2471 1663 2545 Amiatini
1680 2483 1829 2545 aetatem
1901 2545 1905 2554 ,

356 2592 505 2676 accedit,
533 2600 604 2662 turn
631 2591 750 2684 paucis
776 2590 862 2661 locis
887 2591 927 2661 iis
954 2590 1078 2684 quibus
1104 2593 1253 2677 variant,
1286 2601 1322 2662 ut
1354 2592 1388 2661 in
1420 2593 1586 2664 extremis
1620 2593 1831 2665 sectionibus

354 2713 460 2788 Marci
486 2721 521 2782 et
546 2711 678 2796 Lucae,
704 2709 740 2783 id
766 2709 879 2803 ipsum
906 2711 1001 2802 quod
1035 2711 1152 2784 codex
1188 2722 1300 2784 tuetur
1340 2723 1498 2784 accurate
1530 2723 1684 2785 notatum
1717 2712 1830 2784 hebui.

356 2835 542 2924 Praeterea
568 2830 741 2901 tabulae
767 2851 978 2901 canonum
1004 2831 1180 2903 Eusebii
1205 2831 1240 2902 in
1265 2830 1387 2902 codice
1412 2830 1582 2904 Amiatino
1600 2833 1647 2904 ita
1664 2833 1831 2904 formatae

356 2961 435 3026 sunt
455 2961 493 3022 ut
518 2971 746 3044 unaquaeque
779 2949 896 3020 tabula
928 2951 1031 3023 variis
1064 2951 1192 3023 auratis
1225 2952 1455 3044 eoloratisque
1487 2949 1659 3024 columnis
1685 2964 1830 3038 constet,

356 3077 537 3146 columnae
565 3093 649 3143 vero
676 3070 923 3162 coniungantur
949 3071 1108 3158 arcubus,
1136 3093 1282 3163 quorum
1309 3072 1504 3144 exteriores
1530 3073 1653 3145 mediis
1679 3074 1832 3145 maiores

356 3215 512 3288 auroque
545 3200 579 3264 et
613 3191 680 3284 ipsi
711 3199 815 3283 atque
849 3190 1024 3263 coloribus
1051 3191 1160 3262 ornati
1192 3200 1278 3264 sunt.
1331 3192 1368 3262 ln
1393 3193 1548 3284 margine
1573 3203 1688 3264 autem
1715 3202 1830 3265 textus

356 3315 505 3387 continui
530 3335 600 3383 non
625 3310 732 3383 modo
760 3311 933 3384 sectiones
958 3319 1063 3404 prout
1087 3310 1122 3381 in
1146 3332 1356 3406 unoquoque
1382 3312 1563 3406 evangelio
1590 3334 1630 3384 se
1656 3313 1830 3406 excipiunt

355 3458 433 3506 cum
460 3455 592 3504 canone
618 3431 665 3504 ad
690 3453 792 3524 quem
822 3451 983 3524 quaeque
1007 3430 1155 3524 pertinet
1185 3441 1359 3518 notantur,
1395 3434 1458 3506 sed
1489 3433 1629 3526 insuper
1660 3432 1830 3506 adduntur

355 3555 453 3649 ipsae
479 3553 687 3644 reliquorum
715 3553 973 3646 evangeliorum
1006 3552 1179 3624 sectiones
1213 3562 1463 3646 congruentes,
1496 3562 1533 3624 ut
1559 3553 1605 3626 ad
1628 3553 1683 3624 Mc
1711 3555 1768 3638 ld,
1794 3555 1826 3624 8.

355 3696 423 3745 non
457 3672 563 3744 modo
597 3673 652 3744 Me
684 3671 884 3757 CCXXXIII,
917 3670 982 3742 sed
1016 3672 1119 3743 etiam
1152 3672 1199 3743 Mt
1230 3673 1399 3746 CCCLIIII.
1435 3682 1471 3744 et
1502 3673 1549 3744 Lo
1583 3673 1827 3744 CCCXXXVlll.

356 3793 551 3888 appositum
578 3801 639 3862 est.
765 3775 793 3844 Π

450 3913 560 3985 Porro
595 3911 789 4004 capitula
829 3912 904 3981 sive
936 3909 1065 3982 breves
1095 3912 1178 3982 satis
1211 3911 1316 3982 habui
1350 3931 1395 3981 ex
1428 3911 1541 3982 indice
1568 3913 1708 4006 singulis
1734 3911 1826 3982 libris

354 4034 549 4128 praemisso
577 4030 792 4116 describere,
821 4031 916 4101 cuius
943 4051 1012 4124 ope
1037 4031 1135 4102 facile
1161 4031 1283 4123 singndi
1310 4029 1355 4102 ad
1390 4053 1478 4122 quos
1510 4031 1681 4125 pertinent
1712 4040 1826 4102 textus

356 4153 504 4226 continui
528 4152 596 4223 loci
621 4152 851 4222 inveniuntur:
878 4159 1120 4244 praeterquam
1141 4151 1177 4221 hi
1190 4151 1326 4222 aliunde
1344 4150 1426 4222 satis
1452 4151 1523 4222 noti
1541 4143 1654 4245 sunt⁴).
1681 4150 1827 4244 Propter

355 4273 631 4368 capitulationem
663 4292 748 4343 vero
782 4269 828 4341 de
861 4269 1020 4341 omnibus
1055 4270 1208 4364 epistulis
1244 4270 1384 4342 editioni
1422 4281 1562 4342 nostrae
1594 4271 1758 4342 insertam
1793 4271 1826 4340 in

355 4394 507 4489 epistulis
539 4392 633 4464 Pauli
666 4391 857 4462 Fnldenses
890 4410 1054 4461 numeros
1081 4390 1265 4484 adscripsi,
1292 4391 1428 4463 mutatis
1454 4393 1573 4485 paneis
1600 4391 1658 4461 ubi
1682 4389 1825 4462 Amiati-

353 4541 434 4587 num
461 4537 482 4586 a
507 4511 668 4584 Fnldensi
694 4511 781 4582 libro
809 4509 1007 4603 discrepare
1033 4509 1182 4603 patebat.
1235 4512 1330 4584 ldem
1362 4513 1555 4584 continuavi
1585 4512 1619 4581 in
1653 4509 1826 4582 catholicis
1940 4495 1943 4498 ¹

354 4635 514 4731 epistulis.
566 4631 688 4724 Neque
716 4653 799 4702 vero
827 4631 924 4702 aliter
950 4629 1066 4702 codex
1091 4629 1124 4700 in
1150 4631 1280 4703 actibus
1307 4631 1541 4724 apostolorum
1573 4630 1679 4702 habet
1710 4640 1768 4702 aut
1792 4630 1825 4700 in

440 4977 467 5055 l)
489 4978 567 5039 Prae
579 4976 692 5040 ceteris
705 4974 778 5039 vide
793 4977 859 5038 los.
874 4976 958 5036 llar.
974 4975 1168 5037 Thomasil
1184 4975 1265 5056 Opp.
1282 4975 1393 5036 omnia.
1406 4975 1439 5036 Τ.
1453 4973 1474 5034 l.
1489 4975 1603 5036 Romae
1614 4973 1825 5040 nocuxnvu,
1856 4991 1859 4999 ⁴

353 5063 406 5142 ubi
427 5077 593 5142 bibliorum
614 5080 779 5141 latinorum
801 5087 923 5140 veteres
944 5077 1032 5158 tituli,
1051 5079 1203 5141 sectiones
1225 5085 1258 5139 et
1279 5076 1397 5147 similia.
1420 5067 1571 5138 adhibitis
1587 5075 1690 5162 multis
1713 5075 1826 5138 veteri-

351 5181 413 5244 bus
433 5181 520 5244 libris
542 5181 769 5261 manuscriptis,
790 5188 1025 5260 pertractantur.
1069 5179 1116 5242 Ab
1138 5181 1196 5242 hoc
1216 5179 1368 5240 Thomasii
1388 5178 1468 5241 libro
1490 5177 1746 5260 proficiscendum
1761 5177 1826 5254 erit,

351 5284 378 5346 si
399 5283 468 5366 quis
482 5282 610 5348 istorum
630 5283 831 5362 capitulorum
851 5283 985 5345 rationes
1004 5281 1133 5344 ulterius
1154 5279 1300 5364 indagare
1321 5280 1460 5344 voluerit.
