4242 6118
776 1355 1306 1440 PRAEFATIO.

292 1735 295 1742 .
398 1650 549 1751 Marcus
567 1678 781 1770 evangelista
806 1676 864 1748 dei
890 1686 926 1747 et
950 1675 1042 1748 Petri
1067 1674 1101 1744 in
1125 1673 1336 1767 baptismate
1362 1671 1450 1750 filius
1476 1690 1587 1775 atque
1614 1681 1649 1752 in
1676 1680 1792 1754 divino

298 1817 458 1868 sermone
484 1793 684 1890 discipulus,
711 1795 945 1866 sacerdotium
970 1795 1005 1866 in
1030 1793 1160 1864 lerahel
1195 1811 1306 1884 agens
1341 1797 1533 1871 secundum
1571 1821 1716 1871 minem
1742 1803 1792 1874 le.

297 1915 376 2000 vita,
403 1935 595 1988 conversus
622 1913 668 1985 ad
693 1911 800 1990 fidem
827 1912 949 1984 Christi
975 1910 1193 2002 evangelium
1220 1909 1255 1980 in
1280 1909 1374 1982 ltalia
1407 1918 1561 2010 scripsit,
1602 1919 1792 1994 ostendens

297 2033 331 2102 in
358 2055 402 2106 eo
429 2029 533 2128 ‘quid
559 2041 596 2102 et
620 2032 741 2130 generi
766 2051 830 2103 suo
857 2029 1005 2102 deberet
1030 2038 1066 2099 et
1091 2024 1235 2099 Christo.
1289 2027 1377 2099 Nam
1404 2033 1535 2107 initium
1573 2035 1792 2130 principiiin

297 2172 385 2223 voce
422 2149 652 2247 propheticae
694 2148 954 2223 exclamationis
992 2147 1169 2217 instituens
1212 2145 1370 2217 ordinem
1409 2151 1572 2224 leviticae
1615 2154 1791 2230 electionis

299 2271 457 2356 ostendit,
484 2280 523 2341 ut
540 2267 756 2370 praedicans
781 2265 1076 2362 praedestinatum
1092 2263 1280 2336 Iohannem
1305 2265 1410 2339 lilium
1426 2269 1624 2342 Zachariae
1649 2273 1789 2349 invoco

299 2390 410 2480 angeli
434 2387 667 2462 adnuntiantis
692 2387 880 2470 inmissum,
905 2405 976 2454 non
1001 2383 1113 2454 solum
1138 2383 1286 2454 verbum
1311 2405 1395 2456 caro
1420 2387 1550 2458 lactum
1569 2389 1638 2461 sed
1656 2403 1691 2464 et
1708 2415 1787 2466 cor-

185 2523 188 2528 ’
297 2527 363 2597 pus
389 2505 520 2578 domini
545 2505 782 2600 perverbum
808 2505 946 2576 divinae
970 2501 1068 2573 vocis
1094 2500 1280 2576 animatum
1305 2503 1399 2573 initio
1425 2507 1655 2597 evangelicae
1681 2533 1786 2604 prae-

297 2621 476 2695 dicationis
504 2623 716 2707 ostenderet,
741 2632 780 2693 ιιι
805 2623 864 2714 qui
888 2622 978 2691 haec
1003 2619 1126 2710 legens
1149 2620 1253 2692 sciret
1278 2622 1332 2692 cui
1357 2621 1487 2692 initium
1514 2626 1633 2698 carnis
1651 2629 1693 2699 ‚in
1718 2631 1785 2702 do-

297 2732 390 2813 mino
423 2753 459 2813 et
492 2741 550 2813 dei
581 2740 795 2813 advenientis
828 2739 1061 2811 habitaculum
1094 2736 1242 2810 deberet
1278 2759 1489 2832 agnoscere,
1535 2752 1642 2837 atque
1680 2749 1713 2818 in
1744 2771 1784 2821 se

296 2860 441 2930 verbnm
476 2861 573 2931 vocis
607 2859 703 2950 quod
732 2859 767 2929 in
800 2857 1068 2930 consonantibus
1100 2856 1303 2950 perdiderat
1333 2858 1510 2929 inveniret.
1565 2863 1724 2958 Denique
1750 2877 1785 2938 et

290 2979 440 3070 perlecti
472 2977 643 3070 evangelii
675 2997 764 3071 opus
796 2977 926 3048 intrans
961 2983 997 3045 et
1029 2997 1051 3045 a
1081 2975 1255 3070 baptismo
1289 2975 1418 3049 domini
1442 2977 1651 3070 praedicare
1677 2984 1782 3058 deum

296 3094 463 3167 inchoans
488 3117 559 3166 non
592 3095 764 3167 laboravit
788 3094 1001 3166 nativitatem
1028 3094 1140 3165 carnis
1167 3111 1271 3187 quam
1296 3096 1332 3166 in
1357 3095 1531 3188 prioribus
1564 3099 1703 3174 viderat
1728 3103 1781 3173 di-

298 3231 388 3296 cere,
415 3211 480 3284 sed
505 3223 616 3301 totum
641 3213 675 3282 in
708 3213 828 3306 primis
854 3208 1143 3304 'expositionem'
1161 3211 1293 3284 deserti
1328 3213 1488 3286 ieiunium
1522 3221 1657 3288 numeri
1690 3229 1780 3289 tem-

296 3332 461 3402 tationem
487 3331 617 3403 diaholi
649 3331 955 3424 congregationem
981 3328 1170 3402 bestiarum
1197 3339 1234 3402 et
1258 3330 1481 3402 ministerium
1507 3335 1648 3426 protulit
1671 3357 1780 3426 ange-

296 3449 426 3535 lorum,
454 3460 491 3522 ut
521 3451 700 3524 instituens
731 3471 797 3521 nos
830 3447 876 3520 ad
901 3445 1169 3540 intellegendum
1201 3449 1335 3540 singula
1367 3449 1402 3518 in
1426 3449 1526 3522 brevi
1553 3453 1781 3546 compingens

297 3588 362 3638 nec
395 3569 634 3640 auctoritatem
664 3570 777 3640 factae
807 3566 858 3637 rei
892 3565 1050 3640 demeret
1088 3576 1124 3638 et
1154 3565 1368 3664 perficiendo
1402 3569 1500 3659 operi
1534 3567 1779 3660 plenitudinem

296 3706 366 3755 non
391 3695 544 3777 negaret.
587 3688 744 3778 Denique
770 3693 970 3777 amputasse
994 3684 1060 3756 sibi
1084 3692 1166 3778 post
1190 3683 1295 3756 fidem
1321 3685 1482 3779 pollicem
1508 3685 1630 3758 dicitur
1656 3697 1694 3760 ut
1720 3709 1778 3760 sa-

297 3803 453 3875 cerdotio
485 3805 658 3898 reprobus
684 3804 884 3886 haberetur,
918 3801 984 3874 s'ed
1009 3812 1139 3908 anaim
1167 3803 1386 3876 consentiens
1410 3801 1493 3875 fidei
1519 3805 1779 3898 praedestinata

296 3922 406 4014 potuit
431 3923 555 3994 electio
588 3932 626 3994 ut
651 3923 717 3994 nec
751 3925 802 3994 sic
833 3922 867 3992 in
900 3941 1009 4016 opere
1040 3923 1140 3994 verbi
1171 3919 1337 4015 perderet
1362 3921 1458 4014 quod
1484 3923 1578 4016 prius
1605 3934 1779 3994 meruerat

294 4040 328 4110 in
354 4062 494 4133 genere.
547 4041 636 4114 Nam
662 4041 895 4113 Alexandriae
921 4041 1109 4135 episcopus
1132 4041 1202 4124 init,
1228 4039 1325 4112 ouius
1350 4059 1414 4133 per
1432 4041 1565 4132 singula
1582 4063 1671 4135 opus
1688 4041 1778 4113 scire

296 4169 331 4230 et
356 4159 525 4252 evangelii
550 4159 585 4228 in
613 4181 651 4231 se
679 4160 770 4232 dicta
802 4159 989 4254 disponere
1024 4169 1060 4230 et
1092 4160 1305 4253 discipHnam
1338 4161 1372 4230 in
1403 4181 1443 4232 se
1468 4159 1555 4252 legis
1581 4179 1775 4252 agnoscere

296 4286 331 4347 et
356 4277 505 4350 divinam
539 4277 669 4350 domini
700 4279 734 4348 in
767 4299 871 4349 carne
904 4278 1104 4370 intellegere
1136 4288 1307 4350 naturam:
1342 4299 1434 4371 quae
1460 4273 1511 4348 'in
1536 4298 1602 4348 nos
1627 4279 1775 4371 primum

295 4397 437 4488 requiri,
474 4395 600 4469 dehinc
632 4397 791 4490 inquisita
815 4399 974 4469 volumus
1001 4397 1158 4490 agnosci,
1185 4395 1353 4468 hahentes
1379 4395 1581 4468 mercedem
1607 4395 1789 4466 exhorta--

295 4515 395 4586 tionis
422 4516 584 4608 quoniam
618 4517 675 4609 qui
700 4517 831 4611 plantat
857 4525 892 4588 et
919 4516 977 4609 qui
1002 4517 1092 4609 rigat
1116 4537 1221 4590 unum
1248 4525 1333 4600 sunt,
1361 4516 1420 4609 qui
1446 4525 1560 4587 autem
1578 4513 1772 4586 incremen-

280 4642 365 4704 tum
393 4643 548 4727 praestat
573 4633 660 4707 deus
686 4645 748 4707 est.

946 4801 1117 4866 EXPLICIT

886 5065 1190 5076 ..ἡ-κ..
