4102 6128
323 369 371 441 28
713 371 950 435 uvnuouuuu
978 371 1179 434 SECUNDUM
1205 372 1410 436 NATTNEUN

714 478 862 485 -..-—-—
1125 479 1385 486 ——-—.-.—.—--
1406 480 1412 484 .
1439 477 1580 485 -..ι-*-

324 597 419 646 carn:
473 567 499 612 ”
516 584 551 646 ει
577 575 605 646 si
632 575 771 669 qrridem
799 576 900 646 iirerit
926 575 1054 646 domus
1079 575 1193 669 digna,
1220 577 1336 649 veniat
1362 599 1433 671 pax
1450 571 1567 648 vestra
1585 597 1691 669 super
1708 597 1806 661 eam;

325 697 353 767 si
380 705 495 767 autem
523 717 592 766 non
617 695 717 767 inerit
744 695 856 787 digua,
884 716 958 789 pax
983 705 1099 767 vestra
1126 695 1172 766 ad
1197 713 1267 769 vos
1290 705 1494 770 revertatur.
1533 685 1560 734 ”
1572 687 1651 742 iffi)
1663 697 1705 768 Et
1728 698 1808 790 qui·

325 837 472 909 cumque
508 837 577 887 non
610 815 782 908 receperit
813 837 879 887 vos
914 837 1029 908 neque
1056 816 1201 888 audierit
1232 839 1413 889 sermones
1447 826 1603 900 vestros,
1638 828 1807 889 exeuntes

325 939 418 1008 foras
444 935 491 1008 de
518 935 625 1008 domo
651 935 707 1006 vel
739 935 785 1006 de
811 933 948 1008 civitate
976 935 1127 1008 excutite
1153 937 1332 1030 pulverem
1368 937 1414 1010 de
1435 929 1596 1032 pedibus'
1623 938 1748 1009 vestris
1774 938 1808 1010 in

326 1055 555 1130 testimonium
583 1076 713 1128 eorum.
767 1047 793 1092 ¹⁵
809 1056 921 1128 Amen
948 1057 1027 1128 dico
1053 1057 1172 1142 vobis,
1200 1057 1411 1154 tolerabilius
1446 1059 1510 1130 erit
1543 1068 1657 1128 terrac
1690 1057 1808 1130 Sodo-

326 1199 461 1250 morum
495 1186 530 1248 et
564 1175 857 1247 Gomorraeorum¹
888 1177 921 1247 in
957 1175 1014 1248 die
1047 1176 1160 1250 iudicii
1187 1199 1290 1270 quam
1324 1177 1368 1248 ilii
1395 1177 1529 1250 civitati.
1581 1167 1697 1226 ””’”·)
1715 1177 1807 1249 Εεεε

328 1319 395 1389 ego
422 1296 519 1366 mitto
545 1317 611 1367 vos
637 1295 723 1368 sieut
750 1318 836 1369 oves
863 1297 897 1367 in
922 1297 1040 1370 medio
1067 1299 1243 1393 luporum:
1271 1307 1383 1370 estote
1409 1319 1494 1390 ergo
1512 1297 1703 1391 prudentes
1720 1298 1808 1370 sicut

328 1430 518 1510 serpentes,
547 1429 582 1488 ει
609 1417 781 1511 simplices
808 1417 895 1488 sicut
922 1419 1114 1490 columbae.
1167 1409 1282 1462 ””’”·’
1300 1417 1427 1488 Cavete
1461 1425 1576 1487 autem
1610 1417 1655 1488 ab
1690 1418 1806 1490 homi-

328 1537 443 1610 nibus:
471 1537 606 1609 tradent
632 1538 723 1610 enim
749 1558 815 1608 vos
841 1537 875 1612 in
902 1539 1060 1624 conciliis,
1088 1548 1125 1612 ¹et
1149 1540 1183 1610 in
1202 1538 1391 1632 synagogis
1408 1537 1479 1608 suis
1496 1536 1715 1629 flagellabunt
1730 1559 1805 1621 vos

329 1651 354 1696 ¹⁸
367 1668 403 1730 ει
428 1655 474 1728 ad
500 1657 682 1751 praesides
708 1657 815 1728 etad
841 1677 946 1751 reges
973 1659 1132 1731 ducimini
1159 1667 1304 1753 propter
1329 1679 1401 1742 me,
1428 1657 1462 1728 in
1488 1656 1718 1728 testimonium
1743 1655 1806 1728 ibis

330 1789 364 1850 ει
397 1779 566 1872 gentibus.
620 1769 646 1814 ⁴⁹
659 1769 734 1824 (Μ’
753 1777 836 1848 Cum
872 1789 987 1850 autem
1022 1779 1160 1852 tradent
1191 1799 1273 1864 vos,
1309 1778 1413 1850 nolite
1442 1778 1601 1870 cogitare
1628 1776 1805 1869 quomodo

319 1911 388 1972 aut
420 1898 502 1992 quid
534 1897 739 1990 loquamini:
774 1897 911 1968 dabitur
949 1901 1039 1972 enim
1081 1900 1183 1971 vobis
1217 1900 1251 1970 in
1286 1899 1340 1970 ilia
1376 1899 1463 1970 bora
1496 1897 1580 1990 quid
1612 1896 1807 1989 loquamini.

329 2014 356 2058 ³⁰
373 2021 450 2092 Non
477 2019 567 2090 enim
594 2039 660 2089 vos
686 2018 770 2088 estis
797 2018 854 2110 qui
880 2019 1063 2112 loquimini,
1091 2020 1156 2093 sed
1184 2020 1322 2114 spiritus
1348 2018 1454 2112 patris
1480 2017 1587 2090 vestri
1613 2015 1672 2109 qui
1696 2015 1810 2109 ioqui-

333 2153 385 2212 tur
410 2140 445 2210 in
470 2139 581 2211 vobis.
631 2131 654 2176 ²¹
671 2137 798 2208 Tradet
824 2147 939 2210 autem
965 2143 1070 2212 irater
1095 2143 1235 2212 tratrem
1261 2141 1294 2210 in
1322 2147 1479 2224 mortem,
1508 2147 1544 2210 et
1569 2148 1669 2232 pater
1695 2135 1809 2221 lilium,

333 2271 369 2332 et
400 2259 576 2352 insurgent
612 2258 668 2328 tilii
701 2258 734 2328 in
766 2267 929 2351 parentes
963 2271 998 2332 et
1032 2272 1144 2332 morte
1178 2283 1242 2332 eos
1278 2259 1434 2332 afficient.
1486 2251 1567 2330 ²²Et
1600 2257 1693 2328 eritis
1727 2256 1809 2328 odio

269 2467 271 2474 y
334 2380 493 2453 omnibus
527 2389 671 2472 propter
702 2399 832 2448 nomeu
857 2401 989 2450 meum:
1018 2382 1076 2474 qui
1103 2393 1217 2454 autem
1244 2381 1521 2474 perseveraverit
1547 2369 1581 2451 in
1607 2379 1727 2464 finem,
1755 2378 1810 2448 bic

334 2503 449 2573 salvus
477 2499 549 2571 erit.
602 2487 730 2541 ”(”””·’
745 2497 828 2568 Cum
856 2507 969 2570 nutem
997 2513 1249 2596 persequentur
1274 2521 1340 2572 vos
1366 2501 1400 2570 in
1427 2501 1564 2573 civitate
1590 2501 1670 2584 ista,
1705 2499 1811 2592 iugite

333 2623 367 2694 in
393 2622 503 2693 aliam.
555 2619 667 2690 Amen
700 2617 791 2688 enim
817 2617 896 2690 dico
923 2620 1041 2705 vobis,
1077 2643 1147 2691 non
1181 2621 1463 2693 consummabitis
1498 2620 1654 2692 civitates
1684 2619 1812 2690 Israhel

335 2744 449 2815 donec
475 2739 589 2812 veniat
614 2737 701 2808 filius
728 2737 884 2809 bominis.
937 2729 964 2775 ²⁸
977 2731 1143 2813 ‘⁹⁰⁵³'Non
1171 2753 1225 2814 εει
1250 2741 1435 2834 discipulus
1462 2763 1567 2836 super
1603 2739 1812 2833 magistrum,

334 2885 400 2936 nec
426 2883 549 2934 servus
575 2879 680 2953 super
707 2857 884 2930 dominum
911 2882 1028 2931 suum:
1081 2851 1438 2956 ²⁵s1dbcitdisciprdo
1465 2876 1502 2934 ut
1527 2861 1571 2932 sit
1597 2861 1684 2934 sicut
1701 2860 1812 2952 magi-

335 2994 407 3056 ster
433 2983 516 3066 eius,
544 2988 579 3050 et
604 2999 727 3050 servus
754 2978 841 3050 sicut
867 2979 1027 3052 dominus
1053 2979 1137 3051 eius.
1190 2973 1281 3028 (””’·’
1303 2983 1339 3053 Si
1370 2993 1504 3077 patrem
1537 2982 1680 3054 familias
1712 2981 1813 3051 Beel-

335 3103 448 3175 zebub
474 3108 695 3183 vocaverunt,
723 3110 851 3192 quanto
878 3100 988 3193 magis
1015 3099 1230 3173 domesticos
1257 3103 1356 3174 eius?
1414 3093 1441 3138 ²⁸
1456 3103 1508 3174 Ne
1540 3125 1626 3194 ergo
1658 3100 1814 3174 timueri-

336 3229 380 3296 tis
406 3245 478 3296 eos.
532 3211 608 3266 ’Μ’
622 3219 709 3290 Nihil
735 3219 825 3290 enim
846 3229 1004 3313 opertum
1023 3220 1118 3313 quod
1144 3242 1215 3294 non
1233 3222 1451 3307 revelabitur,
1478 3231 1514 3292 et
1530 3223 1699 3294 occuitum
1718 3218 1813 3313 quod

336 3367 406 3416 non
432 3343 566 3416 sciatur.
606 3333 633 3376 ²⁷
646 3333 721 3386 Μ’)
737 3339 840 3425 Quod
866 3339 945 3412 dico
972 3341 1074 3413 vobis
1092 3342 1300 3428 intenebris,
1329 3343 1431 3416 dicite
1445 3343 1479 3414 in
1496 3343 1639 3428 lumine;
1666 3351 1702 3412 et
1719 3339 1815 3434 quod
1919 3357 1924 3366 ·

336 3464 370 3534 in
397 3484 480 3534 aure
507 3461 640 3546 auditis,
668 3458 868 3554 praedicate
901 3471 1133 3554 supertecta.
1185 3455 1266 3534 ²8Et
1297 3465 1401 3536 nolite
1427 3465 1551 3536 timere
1578 3461 1725 3556 eosqui
1752 3483 1814 3532 oc-

337 3584 454 3655 cidnut
487 3603 631 3675 corpus,
666 3582 814 3652 animam
851 3589 965 3652 autem
1000 3604 1071 3654 non
1102 3593 1247 3676 possunt
1282 3585 1460 3658 occidere:
1496 3583 1561 3656 sed
1595 3582 1709 3678 potius
1736 3603 1813 3652 eum

337 3705 454 3774 timete
481 3701 538 3794 qui
565 3711 681 3796 potest
705 3711 742 3772 et
767 3700 914 3772 animam
942 3712 978 3772 et
1003 3723 1130 3798 corpus
1156 3704 1306 3798 perdere
1331 3705 1366 3776 in
1395 3705 1600 3798 gehennam.
1651 3695 1678 3740 ’Β
1694 3703 1816 3774 Nonne
1850 3767 1856 3786 ,

338 3825 409 3897 duo
442 3843 607 3916 passeres
639 3801 720 3894 asse
752 3821 916 3894 veniunt?
948 3821 991 3892 Et
1023 3845 1111 3895 unus
1144 3845 1191 3894 ex
1223 3825 1286 3896 iliis
1318 3847 1389 3900 non
1423 3825 1526 3898 cadet
1557 3833 1815 3918 superterram

338 3944 412 4016 sine
438 3951 537 4037 patre
562 3952 690 4014 vestro.
743 3934 770 3979 ³⁰
785 3941 898 4012 Vestri
924 3951 1039 4014 autem
1065 3953 1100 4014 et
1126 3945 1238 4039 capilli
1264 3946 1384 4039 capitis
1403 3967 1524 4018 omnes
1542 3944 1711 4016 numerati
1728 3951 1816 4016 sunt.

173 4109 176 4116 ·
223 4147 231 4158 ¹
263 4108 271 4120 ·
337 4056 361 4102 ³¹
380 4063 493 4134 Nolite
526 4085 612 4156 ergo
644 4065 781 4136 timere:
814 4061 927 4133 multis
963 4064 1165 4155 passeribus
1204 4065 1366 4136 meliores
1399 4067 1482 4140 estis
1515 4087 1589 4138 vos.
1657 4057 1684 4103 ³²
1698 4047 1816 4137 Omnis

339 4206 426 4279 crgo
453 4185 511 4278 qui
530 4180 765 4255 ‘confitebitur
790 4204 847 4253 me
875 4203 994 4256 coram
1021 4184 1223 4270 hominibus,
1251 4185 1444 4258 confitebor
1461 4196 1496 4258 et
1513 4208 1582 4280 ego
1600 4207 1679 4256 eum
1698 4181 1829 4256 coram'

338 4317 439 4400 patre
465 4327 546 4376 meo
574 4305 632 4398 qui
658 4313 712 4375 est
736 4304 772 4374 in
796 4303 910 4374 caelis.
963 4294 989 4340 ³³
1003 4294 1079 4354 ’Μ’
1094 4304 1158 4391 Qui
1187 4314 1302 4376 autem
1328 4307 1504 4400 negaverit
1530 4329 1588 4378 me
1614 4327 1733 4378 coram
1750 4305 1817 4378 ho-

339 4426 496 4508 minibus,
513 4425 653 4518 negabo
672 4433 707 4494 ει
724 4444 791 4516 ego
810 4445 890 4494 eum
903 4445 1022 4496 coram
1036 4433 1136 4519 patre
1153 4447 1234 4497 meo
1249 4427 1306 4519 qui
1324 4437 1379 4500 cst
1394 4427 1429 4500 in
1446 4428 1559 4500 caelis.
1577 4417 1692 4514 ”””’·)
1707 4427 1817 4499 Nolite
1946 4437 1949 4444 ⁴

339 4545 496 4618 arbitrari
530 4546 609 4640 quia
643 4545 796 4617 venerim
831 4545 966 4618 mittere
997 4567 1122 4640 pacem
1148 4547 1183 4618 in
1209 4557 1355 4618 terram:
1388 4569 1458 4620 non
1484 4549 1564 4618 veni
1589 4568 1713 4642 pacem
1738 4548 1817 4618 mit-

339 4678 414 4740 tere
452 4667 517 4739 sed
559 4665 720 4758 gladium.
780 4657 807 4702 ³⁵
824 4666 909 4736 Veni
943 4667 1033 4738 enim
1069 4689 1235 4762 separare
1268 4667 1443 4740 hominem
1478 4668 1648 4740 adversus
1682 4677 1817 4762 patrem

338 4809 449 4870 suum,
475 4796 510 4858 et
535 4786 651 4858 liliam
665 4787 835 4858 adversus
862 4797 1006 4860 matrem
1025 4809 1133 4874 suam,
1161 4798 1197 4860 et
1213 4809 1335 4860 nurum
1357 4788 1528 4862 adversus
1551 4810 1690 4860 socrum
1709 4810 1817 4870 suam,

338 4891 364 4945 ³⁸
381 4918 417 4978 ει
441 4907 565 4978 inimici
593 4907 738 4980 bominis
765 4907 947 4980 domestici
972 4908 1055 4979 eius.
1108 4901 1135 4944 ³⁷
1148 4901 1223 4955 (⁹⁶¹⁵)
1243 4910 1306 4994 Qui
1333 4920 1427 4982 amat
1452 4921 1586 5004 patrem
1614 4919 1649 4980 ει
1672 4918 1819 4982 matrem

311 5029 416 5122 plus
444 5051 546 5121 quam
573 5052 630 5100 mc
656 5051 725 5102 non
753 5038 806 5100 est
832 5051 888 5100 me
915 5028 1056 5121 dignus,
1093 5039 1128 5098 et
1159 5029 1217 5120 qui
1245 5041 1339 5104 amat
1370 5031 1474 5104 filium
1501 5041 1560 5103 aut
1585 5030 1688 5102 tiliam
1714 5050 1820 5122 super

339 5170 396 5222 me
422 5169 491 5220 non
519 5161 572 5220 est
602 5171 658 5220 me
685 5149 817 5242 dignus,
869 5141 944 5219 Not
970 5149 1028 5241 qui
1053 5169 1121 5220 non
1150 5150 1273 5244 accipit
1299 5173 1437 5226 crucem
1459 5173 1571 5226 suam
1603 5161 1640 5223 et
1666 5148 1819 5243 sequitur

916 5270 953 5352 X,
985 5271 1029 5340 t3
1087 5309 1131 5322 -
1188 5273 1245 5342 38.
