4146 6120
561 1123 710 1198 lNClPll
743 1121 951 1196 EPISTULA
983 1120 1044 1192 AD
1079 1117 1341 1196 TIblOl’llEUlll.

956 1365 977 1432 l.

305 1563 361 1620 “¹³
380 1554 413 1656 P
415 1591 511 1664 aulus
539 1589 715 1684 apostolus
741 1589 820 1660 lesu
848 1586 972 1660 Christi
1006 1589 1196 1662 secuudum
1229 1588 1410 1682 imperium
1442 1587 1499 1662 dci
1525 1588 1705 1664 salvatoris

228 1710 337 1782 nostri
363 1720 399 1782 et
425 1709 545 1782 Christi
570 1711 657 1794 lesu,
684 1707 758 1802 spei
776 1715 932 1792 nostrae,
976 1697 1183 1780 'Timotheo
1202 1708 1328 1782 dilecto
1355 1706 1425 1780 lilio
1440 1707 1477 1778 in
1493 1705 1572 1782 flde.
1591 1709 1706 1784 Gratia

159 1826 161 1837 '
229 1829 467 1902 misericordia
492 1840 529 1902 et
554 1851 623 1924 pax
651 1850 672 1900 n
698 1827 767 1900 deo
794 1837 892 1922 patre
918 1834 954 1898 et
980 1824 1112 1902 Christo
1138 1830 1215 1902 lesu
1241 1829 1384 1903 domino
1410 1837 1539 1902 nostro.
1586 1822 1706 1906 ³Sicut

229 1950 352 2042 rogavi
378 1959 412 2022 te
438 1959 475 2022 ut
500 1949 689 2022 remanetis
714 1947 853 2042 Ephesi,
880 1969 959 2018 cum
985 1945 1071 2018 irem
1098 1949 1132 2020 in
1155 1947 1436 2034 blachedoniam,
1464 1957 1500 2020 et
1525 1948 1704 2025 denuntia-

229 2089 287 2142 res
314 2069 520 2164 quibusdam
547 2091 592 2140 ne
617 2069 722 2140 aliter·
740 2069 908 2142 docerent
949 2054 1089 2160 ‘neque
1114 2069 1330 2142 intenderent
1355 2067 1478 2142 fabulis
1510 2079 1546 2144 et
1570 2093 1703 2164 gensu-

229 2189 330 2282 logiis
355 2189 586 2274 interminatis,
613 2209 705 2282 quac
731 2187 953 2281 quaestiones
979 2196 1154 2279 praestant
1179 2189 1291 2282 magis
1309 2209 1413 2280 quam
1432 2189 1704 2268 aedificationem

230 2307 287 2382 dei
313 2331 405 2402 quae
430 2320 485 2382 est
510 2312 544 2382 in
570 2309 649 2386 lide.
701 2301 822 2380 ⁵Finis
849 2316 964 2380 autem
991 2308 1167 2404 praecepti
1194 2317 1249 2382 est
1275 2308 1399 2382 cantas
1426 2308 1472 2384 dc
1489 2310 1598 2384 corde
1615 2335 1704 2406 pure
1792 2291 1797 2304 ⁸

229 2437 265 2502 et
290 2429 499 2502 conscientia
532 2429 626 2502 bonu
660 2437 695 2502 et
725 2427 795 2501 fide
830 2449 900 2501 non
932 2425 1027 2512 ficta;
1084 2419 1136 2502 ⁶a
1171 2428 1295 2520 quibus
1328 2427 1469 2524 quidam
1502 2431 1703 2506 aberrantes

93 2631 97 2642 ,
229 2549 390 2622 conversi
415 2547 552 2620 suntin
577 2547 824 2641 vaniloquium,
868 2539 1052 2622 7volentes
1078 2567 1158 2622 esse
1183 2548 1271 2640 legis
1297 2546 1477 2636 doctores,
1509 2573 1580 2624 non
1604 2552 1704 2626 iutel-

228 2671 385 2763 legentes
410 2689 525 2762 neque
552 2691 642 2763 qnae
668 2669 851 2762 loquunmr
876 2687 990 2760 neque
1015 2665 1062 2740 dc
1088 2667 1213 2760 quibus
1241 2665 1432 2742 adfirmant
1489 2663 1552 2722 Μ)
1571 2672 1704 2748 Smmus

228 2800 344 2864 autem
371 2789 452 2882 quia
477 2790 570 2862 bona
598 2799 652 2862 est
677 2789 753 2874 lex,
780 2789 809 2860 si
836 2786 912 2880 quis
938 2807 982 2860 ea
1007 2787 1158 2880 legitime
1183 2795 1312 2873 ututur,
1355 2779 1502 2864 ⁹scieoo
1529 2791 1599 2865 boc
1624 2795 1704 2888 quin

229 2909 288 2982 lex
313 2912 403 2984 iusto
429 2931 499 2982 non
525 2921 580 2982 cst
605 2909 727 3004 posita,
755 2907 821 2980 sed
846 2906 977 2982 iniustis
1003 2917 1039 2979 et
1064 2927 1134 2980 non
1159 2905 1320 2994 subditis,
1347 2909 1460 3004 impiis
1486 2919 1520 2982 st
1537 2919 1703 3004 peccato-

230 3026 333 3112 ribus,
361 3029 537 3100 sceleratis
564 3039 599 3102 et
616 3027 863 3111 contaminatis,
891 3019 1085 3120 'patricidis
1103 3036 1139 3100 et
1156 3025 1350 3113 matricidis,
1377 3028 1566 3116 homicidis,
1593 3022 1702 3104 ⁴⁰lor·
1825 3123 1832 3134 ἱ

230 3145 379 3230 oleariis,
413 3147 643 3218 masculorum
676 3146 971 3231 concubitoribus,
999 3146 1187 3240 plagiariis,
1215 3145 1452 3233 mendacibus,
1480 3149 1641 3242 periuris,
1669 3157 1703 3219 et

231 3265 259 3334 si
287 3263 370 3356 quid
397 3265 489 3336 aliud
514 3287 621 3338 sanae
647 3267 824 3338 doctrinae
856 3265 1077 3349 adversatur,
1121 3257 1143 3302 ⁴⁴
1164 3285 1253 3357 quae
1287 3276 1341 3337 est
1373 3267 1562 3340 secundum
1595 3291 1701 3340 cvan-

231 3386 358 3477 gelium
384 3384 515 3477 gloriae
541 3387 634 3458 beati
660 3385 732 3470 dci,
760 3383 855 3478 quod
881 3383 1047 3456 creditum
1074 3395 1128 3456 est
1153 3383 1246 3456 mibi.
1288 3377 1315 3422 ⁴²
1333 3385 1465 3460 Gratias
1491 3409 1560 3480 ago
1586 3389 1618 3461 ei
1645 3389 1702 3482 qni

231 3527 288 3578 ms
306 3503 527 3591 confortavit,
554 3505 687 3578 Christo
713 3505 791 3578 lesu
817 3504 956 3578 dominc
982 3514 1111 3590 nostro,
1139 3505 1220 3598 quia
1245 3503 1382 3580 fidelem
1414 3529 1471 3582 me
1497 3507 1703 3580 existimavit

231 3647 368 3719 ponens
393 3625 428 3698 in
454 3625 656 3711 ministerio,
700 3617 726 3664 ¹³
739 3626 796 3719 qui
821 3625 915 3720 prius
940 3625 986 3698 lui
1011 3623 1234 3722 blasphemus
1260 3634 1295 3698 et
1328 3638 1531 3720 persecutor
1556 3638 1592 3700 et
1617 3647 1702 3702 con·-

231 3745 448 3832 tumelicsus,
476 3746 542 3820 sed
566 3745 837 3820 misericordiam
864 3755 1069 3818 consecutus
1095 3767 1181 3830 sum,
1208 3745 1287 3839 quia
1312 3747 1474 3838 ignorans
1500 3747 1565 3820 leci
1589 3747 1623 3820 in
1649 3747 1701 3818 in-

231 3865 446 3951 credulitate;
490 3854 821 3960 “superabundavit
847 3859 973 3959 'gratia
998 3865 1126 3938 domini
1143 3867 1251 3938 nostri
1276 3888 1354 3940 cum
1380 3867 1450 3942 lide
1468 3878 1503 3942 et
1519 3867 1702 3944 dilectione
1813 3887 1816 3896 ⁴

231 4009 321 4081 quoe
348 3997 402 4060 est
426 3987 460 4060 in
483 3987 619 4062 Christo
645 3987 731 4060 lesu.
783 3977 809 4022 ¹⁵
825 3977 858 4032 (θ)
870 3985 995 4060 Fidelis
1020 4006 1136 4058 sermo
1163 3997 1199 4058 et
1224 3987 1316 4060 omni
1342 3991 1542 4084 acceptione
1568 3987 1701 4080 dignus,

230 4109 311 4200 quia
336 4108 488 4182 Christus
509 4109 604 4181 lesus
631 4109 722 4182 venit
747 4108 781 4180 in
797 4108 887 4182 bunc
913 4105 1078 4180 mundum
1095 4117 1298 4199 peccatores
1323 4109 1440 4182 salvos
1458 4111 1585 4192 lacere,
1612 4129 1701 4200 quo·

231 4249 307 4300 rum
332 4229 463 4320 primus
489 4249 556 4322 ego
583 4251 678 4302 sum:
721 4219 825 4302 ¹⁶sed
851 4230 931 4304 ideo
958 4225 1230 4302 misericordiam
1256 4240 1463 4304 consecutus
1490 4251 1581 4313 sum,
1608 4227 1703 4300 utin

230 4367 288 4418 me
315 4347 427 4439 primo
453 4347 653 4421 ostenderet
678 4349 829 4422 Christus
863 4351 957 4422 lesus
985 4369 1123 4422 omnem
1154 4345 1366 4440 patientiam,
1400 4349 1446 4422 ad
1479 4347 1702 4422 deformatio-

231 4485 312 4537 nem
338 4487 460 4538 corum
487 4469 544 4561 qui
570 4467 731 4542 credituri
756 4479 835 4540 sunt
860 4469 906 4542 illi
930 4471 964 4542 in
989 4469 1093 4542 utum
1121 4475 1306 4542 aeteruum.
1338 4461 1461 4560 ”Regi
1488 4479 1602 4542 autem
1619 4489 1702 4542 sue-

231 4586 396 4672 culomm,
422 4587 591 4660 inmortali
616 4587 772 4661 invisibili
797 4589 862 4662 soli
887 4589 965 4676 dec,
994 4590 1104 4664 bonor
1129 4599 1165 4660 et
1190 4588 1299 4680 gloria
1323 4591 1357 4662 in
1382 4591 1521 4664 saecula
1543 4589 1701 4662 saecolo-

232 4729 323 4788 rum,
351 4727 462 4780 amen.
488 4699 514 4744 ⁴⁸
531 4699 566 4756 (⁴²
578 4709 653 4780 Hoc
670 4717 893 4803 praeceptum
911 4707 1118 4782 commendo
1136 4707 1205 4793 tibi,
1222 4707 1268 4780 lili
1285 4707 1494 4796 Timotheus,
1513 4707 1701 4782 morandum

231 4827 483 4922 praecedentes
515 4829 549 4898 io
581 4837 616 4900 te
643 4827 857 4922 prophetias,
891 4839 928 4902 ut
953 4829 1075 4902 milites
1101 4827 1135 4900 in
1160 4827 1223 4902 illis
1248 4829 1376 4904 bonam
1403 4827 1569 4915 mlitiam,
1595 4821 1622 4868 ⁴⁰
1638 4827 1701 4902 ba·

231 4949 320 5020 bens
345 4946 450 5020 fidem
477 4959 513 5020 ct
537 4949 665 5022 bonum
691 4949 944 5034 conscientiam,
969 4969 1074 5042 mum
1099 4949 1238 5043 quidam
1265 4950 1518 5044 repellentes
1489 4971 1580 5024 cuca
1597 4947 1702 5024 fidem

229 5069 533 5162 naufragaverunt:
566 5061 686 5142 ”ex
695 5069 772 5164 quis
797 5079 851 5142 est
876 5071 1063 5164 Hymenius
1089 5079 1124 5141 et
1149 5069 1355 5154 Alexander,
1382 5091 1469 5228 quos
1495 5069 1617 5144 tradidi
1644 5091 1703 5144 sa

232 5201 341 5275 tanae
368 5199 405 5260 ut
431 5189 565 5262 discam
589 5213 660 5262 non
683 5191 935 5284 blasphemare.

851 5313 1089 5396 1,t-20.

1352 5429 1398 5500 t3
