4102 6128
714 1539 1148 1645 PROLEGOMENA.

921 1829 943 1902 l.

293 2013 336 2114 in
362 2039 536 2111 itineribus
569 2037 672 2123 meis,
701 2057 791 2131 quae
817 2059 881 2132 per
900 2039 1173 2132 'quinquennium
1201 2059 1312 2133 nuper
1337 2057 1407 2109 non
1435 2038 1509 2108 sinc
1534 2057 1670 2108 summo

186 2161 310 2232 lavore
337 2159 498 2231 Friderici
527 2157 675 2252 Augusti
708 2157 962 2231 clementissimi
1002 2159 1175 2232 saxoniae
1206 2160 1302 2252 regis
1335 2157 1491 2252 suscepi,
1519 2157 1672 2252 inprimis

185 2281 221 2354 id
248 2283 402 2375 agebam
432 2291 469 2352 ut
495 2279 738 2374 antiquissima
762 2289 985 2352 monumenta
1018 2279 1092 2352 sive
1126 2297 1253 2373 graeca
1280 2279 1354 2351 sive
1380 2277 1482 2351 latina
1506 2299 1600 2372 quae
1627 2277 1673 2350 ad

183 2413 325 2474 textum
351 2401 514 2472 librorum
542 2421 723 2472 sacrorum
755 2409 953 2493 spectarent
984 2399 1113 2494 ubique
1145 2411 1314 2472 terrarum
1347 2399 1590 2492 investigarem
1618 2411 1672 2470 at-

184 2543 255 2616 que
285 2541 334 2592 ex
360 2519 646 2593 bibliothecarum
673 2519 817 2614 pulvere
842 2523 875 2592 in
902 2519 1072 2614 publicam
1089 2519 1205 2594 lucem
1222 2519 1472 2615 protraherem.
1518 2521 1674 2605 Quorum

184 2645 221 2714 in
247 2661 398 2714 numero
430 2641 554 2714 latinus
589 2641 718 2712 eminet
750 2639 838 2712 liber
872 2641 953 2712 olim
984 2634 1174 2713 Amiatinus
1203 2663 1294 2713 nunc
1325 2641 1588 2714 Laurentianus:
1615 2641 1674 2733 qui

186 2762 287 2856 quod
315 2761 361 2833 ud
394 2773 513 2834 nostra
546 2783 659 2855 usque
685 2771 844 2854 tempora
872 2759 1086 2856 pervenerit,
1122 2761 1285 2854 singulari
1319 2761 1456 2834 divinae
1482 2757 1673 2855 providen—

186 2885 257 2956 tiae
292 2881 465 2954 beneficio
492 2883 673 2954 debemus.
726 2879 925 2976 Hieronymi
958 2881 1048 2952 enim
1080 2883 1136 2953 ille
1162 2879 1477 2976 interpretationem
1512 2879 1673 2951 biblicam

186 3025 260 3076 non
287 3005 365 3096 plus
391 3013 526 3074 centum
552 3009 589 3072 et
613 2999 731 3094 viginti
757 3022 867 3073 annos
892 3009 974 3095 post
998 3001 1105 3096 ipsius
1126 3001 1325 3097 Hieronymi
1344 3013 1494 3074 mortem
1512 3002 1673 3094 scriptam

188 3123 352 3194 eontinet.
407 3123 545 3206 Quare
572 3131 609 3193 ut
636 3144 758 3194 ornnes
785 3121 926 3194 codices
952 3122 1108 3194 eiusdem
1135 3124 1423 3218 interpretationis
1450 3131 1560 3194 testes
1586 3121 1673 3192 anti-

188 3241 327 3335 quitatis
352 3241 457 3313 laude
484 3254 641 3336 superat,
674 3243 721 3314 ita
756 3253 850 3314 tanta
876 3243 1083 3335 conspicuus
1116 3253 1171 3314 est
1197 3245 1386 3338 scripturae
1414 3243 1612 3313 sinceritate
1638 3251 1674 3312 ut

188 3383 275 3456 prae
304 3362 430 3432 ceteris
457 3362 616 3434 omnibus
642 3362 930 3456 hieronymianae
955 3361 1109 3434 veritatis
1134 3363 1266 3434 vindex
1293 3365 1336 3433 sit
1362 3361 1556 3434 habendus.

285 3482 396 3566 Quem
430 3481 587 3554 codicem
619 3501 723 3574 quum
758 3492 910 3552 exeunte
940 3483 1014 3552 lere
1048 3483 1188 3553 saeculo
1222 3483 1360 3554 decimo
1395 3491 1524 3551 octavo
1557 3477 1596 3550 ll.
1629 3481 1670 3552 Μ.

189 3602 374 3673 Bandinius
400 3603 509 3674 duete·
540 3622 582 3674 ae
614 3601 772 3672 sollerter
805 3602 1065 3695 descripsisset,
1098 3621 1188 3674 anno
1215 3603 1314 3674 huius
1342 3601 1473 3672 saeculi
1500 3600 1670 3674 tricesimo

189 3723 289 3792 tertio
315 3719 414 3794 Ferri.
441 3724 529 3794 Flor.
556 3723 658 3793 Fleelr
686 3742 764 3792 cum
796 3717 938 3814 vulgato
972 3729 1069 3792 textu
1101 3724 1225 3822 partim
1262 3724 1337 3816 ipse
1369 3721 1513 3792 contulit
1546 3723 1670 3815 partim

189 3864 254 3936 per
280 3843 411 3913 amicos
437 3842 684 3914 conserendum
710 3843 850 3914 curavit.
904 3843 1007 3927 Quod
1034 3865 1137 3935 quum
1166 3865 1270 3937 quam
1297 3843 1424 3934 exigua
1451 3842 1496 3912 illi
1521 3841 1591 3913 lide
1618 3844 1669 3914 le-

190 3961 319 4032 cissent
343 3961 475 4033 dudum
501 3962 582 4032 mihi
608 3962 751 4034 dubium
777 3984 847 4034 non
872 3975 977 4050 esset
1003 3965 1203 4056 nequedum
1228 3962 1315 4034 alius
1341 3961 1522 4054 quisquam
1548 3963 1669 4034 inven—

190 4093 246 4152 tus
273 4091 368 4152 esset
394 4082 450 4175 qui
476 4091 605 4153 tanturn
631 4083 682 4154 rei
708 4083 921 4156 Christianae
947 4085 1147 4156 thesaurum
1180 4083 1216 4152 in
1245 4083 1429 4153 litterarum
1455 4101 1556 4152 usum
1584 4105 1669 4154 con-

189 4209 349 4287 verteret
378 4211 537 4272 accurate
563 4203 795 4296 religioseque
821 4201 908 4274 illius
942 4202 1110 4276 tractandi
1146 4223 1310 4295 magnum
1341 4221 1399 4272 rue
1431 4201 1572 4273 tenebat
1604 4201 1669 4273 de-

188 4319 353 4392 siderium
387 4343 493 4415 quum
533 4331 715 4394 auctumno
755 4325 833 4394 anni
875 4323 984 4395 l8l3.
1048 4323 1176 4394 ltaliam
1211 4325 1422 4416 perlustrans
1459 4319 1669 4393 Florentiam

188 4439 340 4512 adibam.
386 4441 445 4514 Cui
472 4439 646 4515 desiderio
673 4453 710 4515 ut
733 4443 835 4539 plene
859 4445 1109 4530 satisfacerem,
1143 4441 1408 4514 clarissimorum
1439 4441 1670 4516 bibliothecae

188 4561 435 4634 Laurentianae
452 4563 635 4636 custodum
653 4565 710 4638 del
727 4565 827 4638 Furia
844 4565 950 4658 patris
977 4575 1013 4636 et
1038 4565 1095 4635 filii
1120 4564 1307 4636 liberalitas
1333 4563 1420 4633 lecit.
1457 4562 1556 4667 Quid¹
1574 4563 1670 4656 quod

111 4755 114 4762 ,
187 4681 265 4774 ipse
292 4703 438 4774 magnus
466 4683 538 4754 dux
563 4684 774 4777 Leopoldus,
802 4684 926 4776 dignus
952 4686 1062 4777 gloria
1093 4683 1350 4756 llledieaeorum
1376 4682 1583 4776 principum,
1616 4685 1668 4754 la-

186 4801 297 4872 boras
329 4824 429 4873 meos
461 4805 650 4896 patrocinio
683 4787 748 4876 suo
781 4803 874 4876 haud
906 4805 1067 4898 indignos
1094 4805 1221 4876 hahuit.

284 4921 454 4994 lumvero·
475 4924 714 5017 pretiosissimi
746 4925 822 4995 libri
855 4925 1078 5020 manuscripti
1110 4934 1210 5020 parte
1243 4943 1286 4994 ea
1316 4943 1407 5016 quae
1439 4921 1574 4994 Novrun
1602 4925 1670 4996 Te-

188 5049 399 5114 stamentum
434 5044 584 5115 continet
617 5044 795 5137 diligenter
828 5066 993 5132 excussa,
1027 5047 1103 5118 talis
1136 5052 1252 5116 textus
1285 5043 1358 5114 eius
1392 5044 1480 5115 ratio
1508 5054 1671 5138 tantaque

188 5163 376 5235 auctoritas
411 5183 491 5234 esse
521 5163 703 5236 videbatur
738 5175 776 5236 ut
808 5175 915 5238 totum
951 5167 1061 5258 qualis
1093 5175 1188 5236 esset
1222 5163 1312 5258 typis
1346 5165 1580 5238 exscribendo
1606 5166 1672 5258 ipsi

188 5283 360 5356 ecclesiae
394 5283 604 5356 Christianae
639 5293 772 5376 gratum
806 5307 862 5356 me
894 5288 1060 5358 facturum
1096 5307 1179 5379 spes
1213 5295 1315 5358 esset.
1367 5286 1423 5358 Ad
1455 5286 1551 5379 quod
1584 5309 1671 5380 opus
