4254 6130
653 393 658 400 ’
723 430 832 492 unua
859 429 1012 494 acrum
1039 427 1321 491 mosrouonmr
1700 425 1768 498 ιιι

282 537 437 554 .........-..,
1054 533 1333 542 ...-................

277 628 379 706 'Nos
411 657 496 708 vero
528 634 749 727 navigatione
786 633 952 726 explicita
988 653 1010 703 a
1037 631 1131 726 Tyro
1164 629 1418 702 descendimus
1445 629 1718 719 Ptolemaidem,
1747 645 1798 726 et,

279 756 431 826 salutatis
458 747 622 828 'iratribus
657 751 846 850 mansimus
879 749 941 823 die
968 773 1039 822 una
1066 751 1161 845 apud
1187 751 1274 823 illos.
1328 741 1438 820 ⁸Alia
1466 762 1583 825 autem
1611 753 1670 827 die
1696 777 1782 852 pro-

279 876 357 947 iecti
391 877 546 948 venimus
579 875 803 955 Caesaream,
838 879 874 941 et
907 870 1080 942 intrantes
1112 873 1147 942 in
1181 872 1328 944 domum
1366 869 1512 966 Philippi
1538 880 1783 972 evangelistae,

279 996 337 1090 qui
368 1007 443 1068 erat
475 997 520 1068 dc
555 1003 709 1089 septem,
744 990 939 1063 mansimus
974 991 1072 1083 apud
1113 1013 1203 1062 eum.
1254 981 1379 1062 9Ηιιίο
1415 1003 1530 1066 autem
1564 1009 1663 1071 erant
1696 1001 1786 1074 filiae
1896 1024 1897 1028 ’

280 1127 440 1210 quattuor
473 1116 623 1209 virgines
660 1113 922 1208 prophetantes.
977 1099 1005 1146 ¹⁰
1024 1110 1068 1182 Et
1094 1135 1172 1182 cum
1200 1107 1426 1183 moraremur
1450 1137 1516 1209 per
1542 1117 1619 1190 dies
1646 1123 1784 1217 aliquot,

280 1235 480 1330 supervenit
505 1235 645 1328 quidam
673 1257 694 1306 a
720 1233 848 1306 Iudaea
874 1227 1057 1326 propheta
1083 1231 1223 1304 nomine
1249 1228 1409 1321 Agabus.
1463 1227 1486 1271 ¹⁴
1505 1238 1536 1308 ls
1563 1261 1641 1312 cum
1667 1245 1786 1316 venis-

279 1366 334 1428 set
360 1357 405 1429 ad
431 1377 506 1442 nos,
534 1357 606 1427 tulit
632 1375 755 1426 zonam
781 1351 875 1426 Pauli
902 1361 938 1423 et
964 1351 1113 1446 alligans
1140 1351 1204 1424 sibi
1228 1349 1347 1444 pedes
1375 1363 1409 1423 et
1435 1377 1558 1429 manus
1585 1361 1672 1434 dixit
1690 1365 1784 1436 Haec

280 1475 361 1548 dicit
387 1475 525 1570 spiritus
551 1485 691 1548 sanctus
716 1475 832 1546 Virum
859 1474 956 1546 euius
984 1485 1042 1546 est
1068 1493 1158 1545 zona
1185 1470 1276 1540 haee
1303 1471 1355 1540 sic
1382 1473 1571 1572 alligabunt
1597 1481 1630 1550 in
1655 1483 1780 1556 Hieru-

280 1597 386 1668 salem
419 1595 536 1668 ludaei
569 1607 604 1667 et
635 1593 773 1666 tradent
809 1593 841 1665 in
872 1587 996 1666 manus
1029 1594 1195 1687 gentium.
1249 1581 1276 1626 ¹²
1294 1591 1400 1674 Quod
1435 1615 1513 1665 cum
1548 1600 1777 1688 audissemus,
1907 1641 1912 1654 .

280 1717 490 1809 rogabamus
508 1739 574 1788 nos
601 1715 710 1810 etqui
736 1715 803 1785 loci
829 1715 915 1786 illius
934 1723 1032 1785 erant
1058 1735 1103 1784 ne
1131 1709 1341 1782 ascenderet
1358 1711 1606 1810 Hierosolyma.
1642 1713 1777 1793 13Τιιιιιι

279 1837 459 1930 respondit
490 1837 616 1909 Paulus
648 1846 684 1906 et
718 1834 805 1908 dixit
837 1835 928 1920 Quid
961 1833 1070 1904 tacitis
1103 1831 1229 1902 flentes
1263 1839 1299 1900 et
1326 1830 1518 1926 affligentes
1545 1845 1774 1912 cormeum?

279 1957 353 2049 Ego
391 1958 480 2028 enim
515 1979 585 2028 non
618 1956 729 2027 solum
763 1955 892 2048 alligari
926 1952 991 2025 scd
1024 1963 1060 2024 et
1093 1951 1182 2024 mori
1216 1949 1250 2020 in
1284 1951 1501 2026 Hierusalem
1527 1970 1669 2050 paratus
1696 1981 1771 2032 sum

279 2088 423 2171 propter
447 2099 577 2150 nomen
604 2074 732 2149 domini
758 2075 844 2145 lesu.
897 2063 1087 2144 “Etcum
1114 2071 1147 2142 ei
1174 2071 1325 2143 suadere
1353 2094 1423 2144 non
1450 2097 1644 2169 possemus,
1671 2081 1771 2172 quie·
1897 2077 1900 2086 '

279 2198 390 2268 vimus
416 2197 571 2270 dicentes
596 2195 734 2268 Domini
759 2195 919 2266 voluntas
945 2191 1013 2264 flat.
1065 2183 1092 2227 ¹⁵
1108 2189 1193 2262 Post
1218 2191 1295 2262 dies
1322 2201 1438 2264 autem
1464 2196 1549 2270 istos
1577 2201 1770 2291 praeparati

280 2317 559 2390 ascendebamus
589 2315 822 2387 Hierusalem:
866 2305 893 2352 ⁴⁶
910 2321 1081 2386 venerunt
1107 2319 1222 2384 autem
1254 2321 1362 2384 etex
1389 2313 1563 2410 discipulis
1590 2339 1611 2390 a
1639 2318 1768 2392 Caesa·
1890 2349 1892 2358 ,

280 2459 341 2520 rea
366 2439 555 2522 nobiscum,
584 2434 800 2508 adducentes
827 2433 922 2529 apud
949 2455 1053 2527 quem
1081 2431 1343 2526 hospitaremur,
1370 2435 1571 2508 Mnasonem
1591 2439 1767 2531 quendam

281 2555 457 2652 Cyprium,
493 2557 669 2650 antiquum
702 2555 916 2649 discipulum.
970 2547 996 2590 ⁴⁷
1012 2553 1054 2624 Et
1085 2573 1163 2624 cum
1196 2554 1414 2626 venissemus
1440 2557 1697 2652 Hierosolyma,
1726 2561 1766 2631 li-

281 2679 404 2750 benter
438 2687 652 2772 exceperunt
684 2697 750 2748 nos
783 2677 915 2746 iratres.
969 2665 996 2710 ⁴⁸
1012 2673 1177 2765 Sequenti
1211 2684 1327 2746 autem
1359 2675 1417 2748 die
1450 2677 1612 2750 introibat
1642 2679 1766 2752 Pardus

281 2799 462 2870 nobiscum
494 2799 539 2870 ad
572 2797 750 2881 Iacobum,
789 2815 982 2888 omnesque
1016 2793 1149 2866 collecti
1183 2806 1262 2867 sunt
1295 2797 1472 2870 seniores:
1512 2791 1539 2838 ⁴⁹
1558 2800 1655 2884 Quos
1687 2822 1765 2871 cum

282 2921 473 3004 salutasset,
500 2919 665 2990 narrabat
689 2939 752 3011 per
779 2917 912 3009 singida
946 2935 1036 3008 quae
1068 2914 1208 2986 lecisset
1241 2916 1330 2988 deus
1363 2918 1397 2988 in
1423 2919 1585 3010 gentibus
1610 2941 1674 3014 per
1699 2921 1764 2990 mi-
1866 2931 1868 2938 ’

282 3038 459 3109 nisterium
486 3039 604 3132 ipsius.
656 3029 683 3074 ²⁰
699 3037 743 3107 At
769 3035 813 3106 illi
840 3059 917 3106 cum
944 3034 1131 3120 audissent,
1158 3037 1423 3129 magnificabant
1441 3037 1555 3123 deum,
1583 3039 1764 3111 dixerunt-

283 3179 352 3252 que
379 3157 409 3229 ei
436 3155 551 3243 Vides,
578 3159 691 3242 irater,
720 3166 805 3249 quot
832 3155 922 3226 milia
940 3165 1018 3226 sunt
1044 3155 1076 3225 in
1094 3155 1229 3228 ludaeis
1256 3158 1312 3250 qui
1331 3157 1561 3243 crediderunt,
1589 3169 1625 3228 et
1641 3179 1763 3230 omncs

284 3279 514 3350 aemulatores
541 3287 620 3349 sunt
645 3276 747 3370 legis,
791 3265 814 3310 ’¹
831 3275 1013 3348 audierimt
1039 3285 1156 3348 autern
1182 3274 1229 3347 de
1255 3285 1289 3348 te
1315 3277 1394 3370 quia
1420 3277 1668 3350 discessionem
1696 3277 1763 3350 do-

284 3419 366 3469 ceas
393 3419 414 3468 a
439 3397 536 3469 Mose
563 3418 683 3468 eorum
710 3397 766 3490 qui
793 3417 858 3489 per
885 3405 1007 3489 gentes
1034 3406 1112 3468 sunt
1136 3396 1350 3482 ludaeorum,
1381 3393 1516 3470 'dicens
1542 3419 1611 3470 non
1629 3399 1762 3471 dehere

285 3540 348 3590 eos
388 3515 635 3588 circumcidere
676 3515 764 3590 lilios
804 3537 887 3588 suos
929 3539 1044 3609 neque
1079 3517 1270 3590 secundum
1305 3519 1587 3590 consuetudinem
1620 3505 1775 3612 ingredi

283 3631 310 3675 Ἠ
328 3637 418 3724 Quid
445 3658 531 3730 ergo
559 3638 635 3708 est?
662 3635 780 3728 utique
814 3645 953 3728 oportet
987 3637 1174 3709 convenire
1208 3637 1471 3710 multitudinem:
1505 3639 1644 3711 audient
1670 3641 1762 3712 enim

285 3769 318 3829 tc
354 3757 607 3852 supervenisse.
658 3745 686 3792 ’³
701 3756 777 3827 Hoc
809 3775 894 3847 ergo
935 3757 988 3828 lac
1021 3756 1117 3850 quod
1150 3757 1208 3828 tibi
1242 3757 1394 3830 dicimus.
1453 3760 1537 3830 Srmt
1569 3761 1666 3832 nobis
1700 3761 1763 3832 viri

283 3889 444 3972 quattuor
469 3885 588 3949 votum
615 3875 787 3948 habentes
813 3897 919 3970 super
944 3897 999 3948 se:
1043 3867 1069 3916 ²*
1087 3877 1139 3948 his
1165 3877 1331 3950 adsumtis
1357 3879 1530 3950 sanctifica
1555 3889 1590 3952 te
1617 3903 1694 3953 eum
1720 3883 1762 3952 il-

284 3999 333 4083 lis,
361 4007 397 4070 et
422 3995 575 4093 inpende
605 3995 728 4068 inillis
761 4005 798 4068 ut
822 3995 945 4069 radant
979 3997 1107 4091 capita,
1142 4007 1178 4070 et
1204 3998 1312 4070 scient
1344 4021 1467 4072 omnes
1493 4001 1572 4093 quia
1598 4024 1688 4096 quae
1715 4002 1762 4074 de

285 4129 319 4190 te
347 4117 530 4190 audierunt
560 4117 646 4188 salsa
680 4126 774 4203 sunt,
809 4116 876 4190 sed
909 4117 1066 4190 ambulas
1099 4118 1237 4212 etipse
1270 4119 1469 4192 custodiens
1495 4121 1618 4214 legem.
1670 4115 1761 4194 ²⁵[le

284 4239 338 4310 his
366 4247 481 4310 autern
508 4219 565 4332 q'ui
592 4237 811 4310 erediderunt
836 4259 884 4309 ex
910 4239 1071 4328 gentibus
1106 4259 1171 4311 nos
1197 4237 1395 4333 scripsimus
1420 4241 1607 4314 iudicantes
1634 4253 1670 4313 nt
1696 4243 1761 4314 ab·

286 4359 437 4430 stineant
461 4379 501 4430 se
529 4358 573 4428 ab
606 4357 708 4430 idolis
734 4359 911 4430 immolato
945 4367 982 4428 et
1012 4358 1178 4450 sangiune
1211 4369 1247 4430 et
1272 4361 1440 4432 suffocato
1467 4371 1502 4432 et
1527 4363 1760 4435 lomioatione.

284 4469 313 4516 ’Β
326 4478 419 4548 Tunc
445 4476 568 4550 Paulus
595 4477 763 4552 adsumtis
788 4477 871 4548 viris
896 4487 1038 4571 postera
1072 4477 1128 4550 die
1154 4477 1351 4572 purificatus
1377 4503 1454 4552 cum
1480 4481 1543 4552 illis
1568 4483 1761 4556 intravitin

286 4599 466 4693 templum,
501 4597 705 4672 adnuntiens
739 4597 972 4690 expletionem
1006 4596 1140 4669 dierum
1173 4597 1416 4691 purificationis
1442 4601 1557 4674 donec
1583 4599 1762 4688 offerretur

285 4741 349 4813 pro
377 4739 588 4813 unoquoque
614 4739 735 4790 eorum
762 4716 900 4790 oblatio.
944 4707 970 4752 ¹²
986 4717 1074 4788 Dum
1101 4717 1192 4790 enim
1219 4729 1354 4811 septem
1382 4722 1457 4794 dies
1476 4741 1761 4794 consummaren-

288 4851 350 4924 tur,
379 4840 411 4912 hi
445 4840 503 4934 qui
537 4839 582 4910 ab
614 4835 697 4910 Asia
728 4847 826 4910 erant
855 4835 973 4909 ludaei
1004 4859 1081 4908 cum
1115 4837 1280 4910 vidissent
1312 4859 1391 4910 eum
1418 4841 1451 4912 in
1478 4842 1616 4936 templo,
1644 4843 1760 4914 conci-

286 4969 444 5032 taverunt
470 4981 610 5031 omnem
636 4958 799 5052 popidum
826 4967 862 5028 et
887 4955 1074 5028 iniecerunt
1100 4957 1133 5028 ei
1156 4979 1287 5042 manus,
1315 4959 1502 5035 clamantes
1543 4954 1569 5000 ¹⁸
1585 4962 1653 5032 Viri
1671 4965 1760 5034 lsra-

286 5081 421 5166 helitae,
449 5080 619 5153 adiuvate.
646 5077 708 5148 llic
734 5086 787 5150 est
813 5077 919 5150 homo
947 5077 1004 5170 qui
1022 5077 1192 5150 adversus
1217 5079 1383 5173 populum
1401 5094 1436 5154 et
1461 5085 1576 5176 legem
1594 5095 1629 5154 et
1647 5085 1759 5156 locum

285 5203 375 5274 hunc
410 5223 532 5274 omnes
567 5197 692 5293 ubique
726 5197 858 5273 docens
892 5198 1031 5292 insuper
1067 5209 1102 5269 et
1135 5199 1279 5290 gentiles
1308 5199 1443 5274 induxit
1473 5202 1506 5272 in
1534 5205 1697 5298 templum
1724 5203 1775 5277 et‘

873 5319 956 5404 xxi,
987 5315 1009 5392 7
1040 5359 1084 5372 -
1114 5321 1172 5394 28.
