<?xml version="1.0" encoding="UTF-8"?>
<!DOCTYPE html PUBLIC "-//W3C//DTD XHTML 1.0 Transitional//EN"
    "http://www.w3.org/TR/xhtml1/DTD/xhtml1-transitional.dtd">
<html xmlns="http://www.w3.org/1999/xhtml" xml:lang="en" lang="en">
 <head>
  <title>
</title>
<meta http-equiv="Content-Type" content="text/html;charset=utf-8" />
  <meta name='ocr-system' content='tesseract 3.04.00' />
  <meta name='ocr-capabilities' content='ocr_page ocr_carea ocr_par ocr_line ocrx_word'/>
</head>
<body>
  <div class='ocr_page' id='page_1' title='image "./novumtestamentu02tiscgoog_0243.png"; bbox 0 0 4254 6130; ppageno 0'>
   <div class='ocr_carea' id='block_1_1' title="bbox 358 371 1393 454">
    <p class='ocr_par' dir='ltr' id='par_1_1' title="bbox 358 371 1393 454">
     <span class='ocr_line' id='line_1_1' title="bbox 358 371 1393 454; baseline -0.01 -4"><span class='ocrx_word' id='word_1_1' title='bbox 358 383 429 454; x_wconf 74' lang='lat' dir='ltr'><strong>i92</strong></span> <span class='ocrx_word' id='word_1_2' title='bbox 722 371 728 384; x_wconf 79' lang='grc'><em>’</em></span> <span class='ocrx_word' id='word_1_3' title='bbox 801 379 909 442; x_wconf 82' lang='lat' dir='ltr'><strong>LIBER</strong></span> <span class='ocrx_word' id='word_1_4' title='bbox 935 377 1087 442; x_wconf 81' lang='lat' dir='ltr'><strong>hC&#39;lUllhl</strong></span> <span class='ocrx_word' id='word_1_5' title='bbox 1112 376 1393 440; x_wconf 75' lang='lat' dir='ltr'><strong>nrosrotoxtm</strong></span> 
     </span>
    </p>
   </div>
   <div class='ocr_carea' id='block_1_2' title="bbox 1720 483 1838 494">
    <p class='ocr_par' dir='ltr' id='par_1_2' title="bbox 1720 483 1838 494">
     <span class='ocr_line' id='line_1_2' title="bbox 1720 483 1838 494; baseline 0 -2"><span class='ocrx_word' id='word_1_6' title='bbox 1720 483 1838 494; x_wconf 51' lang='grc' dir='ltr'><strong>-ῃ</strong></span> 
     </span>
    </p>
   </div>
   <div class='ocr_carea' id='block_1_3' title="bbox 266 576 1843 3164">
    <p class='ocr_par' dir='ltr' id='par_1_3' title="bbox 266 576 1843 3164">
     <span class='ocr_line' id='line_1_3' title="bbox 355 576 1842 673; baseline -0.005 -15"><span class='ocrx_word' id='word_1_7' title='bbox 355 586 493 658; x_wconf 90' lang='lat' dir='ltr'><strong>dimitti:</strong></span> <span class='ocrx_word' id='word_1_8' title='bbox 537 576 785 655; x_wconf 73' lang='lat' dir='ltr'><strong>“vosautem</strong></span> <span class='ocrx_word' id='word_1_9' title='bbox 813 591 970 652; x_wconf 88' lang='lat' dir='ltr'><strong>sanctum</strong></span> <span class='ocrx_word' id='word_1_10' title='bbox 997 589 1033 650; x_wconf 92' lang='lat' dir='ltr'><strong>et</strong></span> <span class='ocrx_word' id='word_1_11' title='bbox 1058 581 1182 652; x_wconf 88' lang='lat' dir='ltr'><strong>iustum</strong></span> <span class='ocrx_word' id='word_1_12' title='bbox 1210 581 1382 673; x_wconf 76' lang='lat' dir='ltr'><strong>negastis,</strong></span> <span class='ocrx_word' id='word_1_13' title='bbox 1418 591 1454 650; x_wconf 91' lang='lat' dir='ltr'><strong>et</strong></span> <span class='ocrx_word' id='word_1_14' title='bbox 1480 579 1612 672; x_wconf 86' lang='lat' dir='ltr'><strong>petistis</strong></span> <span class='ocrx_word' id='word_1_15' title='bbox 1636 581 1747 651; x_wconf 91' lang='lat' dir='ltr'><strong>virum</strong></span> <span class='ocrx_word' id='word_1_16' title='bbox 1775 581 1842 654; x_wconf 91' lang='lat' dir='ltr'><strong>ho-</strong></span> 
     </span>
     <span class='ocr_line' id='line_1_4' title="bbox 357 690 1842 790; baseline -0.002 -16"><span class='ocrx_word' id='word_1_17' title='bbox 357 703 515 774; x_wconf 88' lang='lat' dir='ltr'><strong>micidam</strong></span> <span class='ocrx_word' id='word_1_18' title='bbox 542 701 663 774; x_wconf 91' lang='lat' dir='ltr'><strong>donari</strong></span> <span class='ocrx_word' id='word_1_19' title='bbox 689 699 807 783; x_wconf 94' lang='lat' dir='ltr'><strong>vobis,</strong></span> <span class='ocrx_word' id='word_1_20' title='bbox 851 690 878 734; x_wconf 80' lang='lat'><strong>¹⁵</strong></span> <span class='ocrx_word' id='word_1_21' title='bbox 895 709 1073 770; x_wconf 79' lang='lat' dir='ltr'>auctorem</span> <span class='ocrx_word' id='word_1_22' title='bbox 1108 719 1194 770; x_wconf 92' lang='lat' dir='ltr'><strong>vero</strong></span> <span class='ocrx_word' id='word_1_23' title='bbox 1227 701 1320 770; x_wconf 89' lang='lat' dir='ltr'><strong>vitae</strong></span> <span class='ocrx_word' id='word_1_24' title='bbox 1354 699 1586 784; x_wconf 83' lang='lat' dir='ltr'><strong>interfecistis;</strong></span> <span class='ocrx_word' id='word_1_25' title='bbox 1623 719 1726 790; x_wconf 89' lang='lat' dir='ltr'><strong>quem</strong></span> <span class='ocrx_word' id='word_1_26' title='bbox 1754 699 1842 772; x_wconf 89' lang='lat' dir='ltr'><strong>deus</strong></span> 
     </span>
     <span class='ocr_line' id='line_1_5' title="bbox 355 807 1841 902; baseline -0.003 -8"><span class='ocrx_word' id='word_1_27' title='bbox 355 821 578 894; x_wconf 88' lang='lat' dir='ltr'><strong>suscitavita</strong></span> <span class='ocrx_word' id='word_1_28' title='bbox 605 817 757 902; x_wconf 81' lang='lat' dir='ltr'>mortuis,</span> <span class='ocrx_word' id='word_1_29' title='bbox 785 817 881 888; x_wconf 89' lang='lat' dir='ltr'><strong>euius</strong></span> <span class='ocrx_word' id='word_1_30' title='bbox 906 838 972 888; x_wconf 91' lang='lat' dir='ltr'><strong>nos</strong></span> <span class='ocrx_word' id='word_1_31' title='bbox 999 825 1107 888; x_wconf 89' lang='lat' dir='ltr'><strong>testes</strong></span> <span class='ocrx_word' id='word_1_32' title='bbox 1133 838 1263 890; x_wconf 90' lang='lat' dir='ltr'><strong>sumus.</strong></span> <span class='ocrx_word' id='word_1_33' title='bbox 1315 807 1341 854; x_wconf 72' lang='lat'><strong>⁴⁶</strong></span> <span class='ocrx_word' id='word_1_34' title='bbox 1358 817 1400 888; x_wconf 84' lang='lat' dir='ltr'><strong>Et</strong></span> <span class='ocrx_word' id='word_1_35' title='bbox 1434 818 1468 888; x_wconf 91' lang='lat' dir='ltr'><strong>in</strong></span> <span class='ocrx_word' id='word_1_36' title='bbox 1495 809 1566 889; x_wconf 80' lang='lat' dir='ltr'><strong>lide</strong></span> <span class='ocrx_word' id='word_1_37' title='bbox 1592 818 1740 888; x_wconf 91' lang='lat' dir='ltr'><strong>nominis</strong></span> <span class='ocrx_word' id='word_1_38' title='bbox 1766 819 1841 890; x_wconf 89' lang='lat' dir='ltr'><strong>eius</strong></span> 
     </span>
     <span class='ocr_line' id='line_1_6' title="bbox 355 933 1842 1032; baseline -0.004 -20"><span class='ocrx_word' id='word_1_39' title='bbox 355 943 446 1014; x_wconf 85' lang='lat' dir='ltr'><strong>hunc</strong></span> <span class='ocrx_word' id='word_1_40' title='bbox 471 960 574 1032; x_wconf 89' lang='lat' dir='ltr'><strong>quem</strong></span> <span class='ocrx_word' id='word_1_41' title='bbox 600 957 665 1010; x_wconf 90' lang='lat' dir='ltr'><strong>vos</strong></span> <span class='ocrx_word' id='word_1_42' title='bbox 689 935 815 1008; x_wconf 89' lang='lat' dir='ltr'><strong>videtis</strong></span> <span class='ocrx_word' id='word_1_43' title='bbox 842 946 878 1007; x_wconf 91' lang='lat' dir='ltr'><strong>et</strong></span> <span class='ocrx_word' id='word_1_44' title='bbox 902 936 1012 1008; x_wconf 91' lang='lat' dir='ltr'><strong>nostis</strong></span> <span class='ocrx_word' id='word_1_45' title='bbox 1038 933 1253 1008; x_wconf 85' lang='lat' dir='ltr'><strong>confirmavit</strong></span> <span class='ocrx_word' id='word_1_46' title='bbox 1285 955 1415 1008; x_wconf 91' lang='lat' dir='ltr'><strong>nomen</strong></span> <span class='ocrx_word' id='word_1_47' title='bbox 1448 937 1539 1023; x_wconf 89' lang='lat' dir='ltr'><strong>eius,</strong></span> <span class='ocrx_word' id='word_1_48' title='bbox 1576 946 1612 1006; x_wconf 89' lang='lat' dir='ltr'><strong>et</strong></span> <span class='ocrx_word' id='word_1_49' title='bbox 1637 935 1726 1007; x_wconf 85' lang='lat' dir='ltr'><strong>fides</strong></span> <span class='ocrx_word' id='word_1_50' title='bbox 1752 958 1842 1029; x_wconf 75' lang='lat' dir='ltr'><strong>miae</strong></span> 
     </span>
     <span class='ocr_line' id='line_1_7' title="bbox 356 1053 1841 1153; baseline -0.003 -23"><span class='ocrx_word' id='word_1_51' title='bbox 356 1081 421 1153; x_wconf 88' lang='lat' dir='ltr'><strong>per</strong></span> <span class='ocrx_word' id='word_1_52' title='bbox 446 1079 526 1128; x_wconf 90' lang='lat' dir='ltr'><strong>eum</strong></span> <span class='ocrx_word' id='word_1_53' title='bbox 562 1065 616 1127; x_wconf 88' lang='lat' dir='ltr'><strong>est</strong></span> <span class='ocrx_word' id='word_1_54' title='bbox 641 1053 738 1126; x_wconf 92' lang='lat' dir='ltr'><strong>dedit</strong></span> <span class='ocrx_word' id='word_1_55' title='bbox 769 1055 938 1146; x_wconf 87' lang='lat' dir='ltr'><strong>integram</strong></span> <span class='ocrx_word' id='word_1_56' title='bbox 965 1054 1147 1126; x_wconf 87' lang='lat' dir='ltr'><strong>sanitatem</strong></span> <span class='ocrx_word' id='word_1_57' title='bbox 1181 1054 1283 1126; x_wconf 88' lang='lat' dir='ltr'><strong>istam</strong></span> <span class='ocrx_word' id='word_1_58' title='bbox 1315 1055 1349 1124; x_wconf 92' lang='lat' dir='ltr'><strong>in</strong></span> <span class='ocrx_word' id='word_1_59' title='bbox 1383 1065 1573 1148; x_wconf 88' lang='lat' dir='ltr'><strong>conspectu</strong></span> <span class='ocrx_word' id='word_1_60' title='bbox 1599 1055 1751 1127; x_wconf 89' lang='lat' dir='ltr'><strong>omnium</strong></span> <span class='ocrx_word' id='word_1_61' title='bbox 1777 1075 1841 1126; x_wconf 91' lang='lat' dir='ltr'><strong>ve-</strong></span> 
     </span>
     <span class='ocr_line' id='line_1_8' title="bbox 356 1168 1843 1266; baseline -0.004 -18"><span class='ocrx_word' id='word_1_62' title='bbox 356 1187 473 1248; x_wconf 88' lang='lat' dir='ltr'><strong>strum.</strong></span> <span class='ocrx_word' id='word_1_63' title='bbox 526 1168 551 1210; x_wconf 53' lang='grc' dir='ltr'><strong>’Ἰ</strong></span> <span class='ocrx_word' id='word_1_64' title='bbox 564 1176 606 1244; x_wconf 84' lang='grc' dir='ltr'><strong>Ει</strong></span> <span class='ocrx_word' id='word_1_65' title='bbox 637 1195 741 1257; x_wconf 91' lang='lat' dir='ltr'><strong>nunc,</strong></span> <span class='ocrx_word' id='word_1_66' title='bbox 773 1175 913 1257; x_wconf 86' lang='lat' dir='ltr'><strong>iratres,</strong></span> <span class='ocrx_word' id='word_1_67' title='bbox 947 1173 1020 1244; x_wconf 86' lang='lat' dir='ltr'><strong>scio</strong></span> <span class='ocrx_word' id='word_1_68' title='bbox 1054 1173 1134 1264; x_wconf 92' lang='lat' dir='ltr'><strong>quia</strong></span> <span class='ocrx_word' id='word_1_69' title='bbox 1165 1195 1229 1266; x_wconf 91' lang='lat' dir='ltr'><strong>per</strong></span> <span class='ocrx_word' id='word_1_70' title='bbox 1262 1174 1489 1266; x_wconf 75' lang='lat' dir='ltr'><strong>ignorantiam</strong></span> <span class='ocrx_word' id='word_1_71' title='bbox 1522 1173 1667 1258; x_wconf 85' lang='lat' dir='ltr'><strong>lecistis,</strong></span> <span class='ocrx_word' id='word_1_72' title='bbox 1694 1174 1782 1246; x_wconf 88' lang='lat' dir='ltr'><strong>sicut</strong></span> <span class='ocrx_word' id='word_1_73' title='bbox 1808 1184 1843 1244; x_wconf 91' lang='lat' dir='ltr'><strong>et</strong></span> 
     </span>
     <span class='ocr_line' id='line_1_9' title="bbox 356 1283 1842 1390; baseline -0.003 -24"><span class='ocrx_word' id='word_1_74' title='bbox 356 1295 528 1390; x_wconf 85' lang='lat' dir='ltr'><strong>principes</strong></span> <span class='ocrx_word' id='word_1_75' title='bbox 554 1293 676 1364; x_wconf 90' lang='lat' dir='ltr'><strong>vestri:</strong></span> <span class='ocrx_word' id='word_1_76' title='bbox 720 1283 747 1328; x_wconf 79' lang='lat'><strong>⁴⁸</strong></span> <span class='ocrx_word' id='word_1_77' title='bbox 764 1291 851 1362; x_wconf 90' lang='lat' dir='ltr'><strong>deus</strong></span> <span class='ocrx_word' id='word_1_78' title='bbox 883 1300 999 1362; x_wconf 91' lang='lat' dir='ltr'><strong>autem</strong></span> <span class='ocrx_word' id='word_1_79' title='bbox 1025 1311 1116 1383; x_wconf 90' lang='lat' dir='ltr'><strong>quae</strong></span> <span class='ocrx_word' id='word_1_80' title='bbox 1142 1292 1395 1383; x_wconf 81' lang='lat' dir='ltr'><strong>praenuntiavit</strong></span> <span class='ocrx_word' id='word_1_81' title='bbox 1419 1313 1484 1384; x_wconf 89' lang='lat' dir='ltr'><strong>per</strong></span> <span class='ocrx_word' id='word_1_82' title='bbox 1510 1313 1551 1364; x_wconf 92' lang='lat' dir='ltr'><strong>os</strong></span> <span class='ocrx_word' id='word_1_83' title='bbox 1579 1292 1731 1363; x_wconf 89' lang='lat' dir='ltr'><strong>omnium</strong></span> <span class='ocrx_word' id='word_1_84' title='bbox 1758 1314 1842 1384; x_wconf 88' lang='lat' dir='ltr'><strong>pro·</strong></span> 
     </span>
     <span class='ocr_line' id='line_1_10' title="bbox 357 1399 1842 1509; baseline -0.003 -25"><span class='ocrx_word' id='word_1_85' title='bbox 357 1415 537 1509; x_wconf 90' lang='lat' dir='ltr'><strong>phetarum</strong></span> <span class='ocrx_word' id='word_1_86' title='bbox 565 1412 636 1504; x_wconf 93' lang='lat' dir='ltr'><strong>pati</strong></span> <span class='ocrx_word' id='word_1_87' title='bbox 663 1411 833 1482; x_wconf 83' lang='lat' dir='ltr'><strong>Christum</strong></span> <span class='ocrx_word' id='word_1_88' title='bbox 860 1431 969 1496; x_wconf 88' lang='lat' dir='ltr'><strong>suum,</strong></span> <span class='ocrx_word' id='word_1_89' title='bbox 997 1410 1153 1503; x_wconf 86' lang='lat' dir='ltr'><strong>implevit</strong></span> <span class='ocrx_word' id='word_1_90' title='bbox 1179 1412 1237 1482; x_wconf 92' lang='lat' dir='ltr'><strong>sic.</strong></span> <span class='ocrx_word' id='word_1_91' title='bbox 1282 1403 1548 1494; x_wconf 51' lang='lat' dir='ltr'><strong>¹⁹,Paenitemini</strong></span> <span class='ocrx_word' id='word_1_92' title='bbox 1565 1411 1667 1504; x_wconf 87' lang='lat' dir='ltr'><strong>igitur</strong></span> <span class='ocrx_word' id='word_1_93' title='bbox 1693 1399 1742 1481; x_wconf 75' lang='lat' dir='ltr'><strong>et&#39;</strong></span> <span class='ocrx_word' id='word_1_94' title='bbox 1755 1432 1842 1482; x_wconf 88' lang='lat' dir='ltr'><strong>oon-</strong></span> 
     </span>
     <span class='ocr_line' id='line_1_11' title="bbox 355 1519 1841 1622; baseline -0.003 -18"><span class='ocrx_word' id='word_1_95' title='bbox 355 1531 533 1616; x_wconf 88' lang='lat' dir='ltr'><strong>vertimini,</strong></span> <span class='ocrx_word' id='word_1_96' title='bbox 559 1539 597 1601; x_wconf 93' lang='lat' dir='ltr'><strong>ut</strong></span> <span class='ocrx_word' id='word_1_97' title='bbox 622 1530 801 1602; x_wconf 89' lang='lat' dir='ltr'><strong>deleantur</strong></span> <span class='ocrx_word' id='word_1_98' title='bbox 827 1537 945 1600; x_wconf 87' lang='lat' dir='ltr'><strong>vestra</strong></span> <span class='ocrx_word' id='word_1_99' title='bbox 970 1539 1133 1622; x_wconf 87' lang='lat' dir='ltr'><strong>peccata;</strong></span> <span class='ocrx_word' id='word_1_100' title='bbox 1176 1519 1204 1566; x_wconf 79' lang='lat'><strong>’⁰</strong></span> <span class='ocrx_word' id='word_1_101' title='bbox 1219 1537 1258 1600; x_wconf 92' lang='lat' dir='ltr'><strong>ut</strong></span> <span class='ocrx_word' id='word_1_102' title='bbox 1291 1550 1370 1600; x_wconf 91' lang='lat' dir='ltr'><strong>cum</strong></span> <span class='ocrx_word' id='word_1_103' title='bbox 1402 1531 1559 1601; x_wconf 88' lang='lat' dir='ltr'><strong>venerint</strong></span> <span class='ocrx_word' id='word_1_104' title='bbox 1590 1539 1750 1622; x_wconf 88' lang='lat' dir='ltr'><strong>tempora</strong></span> <span class='ocrx_word' id='word_1_105' title='bbox 1783 1550 1841 1599; x_wconf 87' lang='lat' dir='ltr'><strong>re-</strong></span> 
     </span>
     <span class='ocr_line' id='line_1_12' title="bbox 355 1647 1841 1744; baseline -0.003 -22"><span class='ocrx_word' id='word_1_106' title='bbox 355 1651 481 1743; x_wconf 80' lang='lat' dir='ltr'><strong>frigerii</strong></span> <span class='ocrx_word' id='word_1_107' title='bbox 508 1672 529 1720; x_wconf 91' lang='lat' dir='ltr'><strong>a</strong></span> <span class='ocrx_word' id='word_1_108' title='bbox 562 1657 751 1740; x_wconf 87' lang='lat' dir='ltr'><strong>conspectu</strong></span> <span class='ocrx_word' id='word_1_109' title='bbox 776 1647 922 1730; x_wconf 92' lang='lat' dir='ltr'><strong>domini,</strong></span> <span class='ocrx_word' id='word_1_110' title='bbox 956 1655 990 1716; x_wconf 91' lang='lat' dir='ltr'><strong>et</strong></span> <span class='ocrx_word' id='word_1_111' title='bbox 1016 1647 1146 1718; x_wconf 82' lang='lat' dir='ltr'><strong>miserit</strong></span> <span class='ocrx_word' id='word_1_112' title='bbox 1181 1667 1261 1718; x_wconf 89' lang='lat' dir='ltr'><strong>eum</strong></span> <span class='ocrx_word' id='word_1_113' title='bbox 1298 1650 1355 1740; x_wconf 93' lang='lat' dir='ltr'><strong>qui</strong></span> <span class='ocrx_word' id='word_1_114' title='bbox 1390 1649 1610 1744; x_wconf 84' lang='lat' dir='ltr'><strong>praedicatus</strong></span> <span class='ocrx_word' id='word_1_115' title='bbox 1644 1657 1699 1718; x_wconf 90' lang='lat' dir='ltr'><strong>est</strong></span> <span class='ocrx_word' id='word_1_116' title='bbox 1730 1647 1841 1730; x_wconf 91' lang='lat' dir='ltr'><strong>vobis,</strong></span> 
     </span>
     <span class='ocr_line' id='line_1_13' title="bbox 355 1759 1843 1860; baseline -0.005 -20"><span class='ocrx_word' id='word_1_117' title='bbox 355 1771 467 1841; x_wconf 89' lang='lat' dir='ltr'><strong>lesum</strong></span> <span class='ocrx_word' id='word_1_118' title='bbox 502 1768 689 1851; x_wconf 85' lang='lat' dir='ltr'><strong>Christum,</strong></span> <span class='ocrx_word' id='word_1_119' title='bbox 748 1759 771 1803; x_wconf 75' lang='lat'><strong>²¹</strong></span> <span class='ocrx_word' id='word_1_120' title='bbox 792 1788 895 1858; x_wconf 92' lang='lat' dir='ltr'><strong>quem</strong></span> <span class='ocrx_word' id='word_1_121' title='bbox 929 1775 1068 1858; x_wconf 90' lang='lat' dir='ltr'><strong>oportet</strong></span> <span class='ocrx_word' id='word_1_122' title='bbox 1101 1765 1235 1836; x_wconf 88' lang='lat' dir='ltr'><strong>caelum</strong></span> <span class='ocrx_word' id='word_1_123' title='bbox 1273 1767 1414 1858; x_wconf 87' lang='lat' dir='ltr'><strong>quidem</strong></span> <span class='ocrx_word' id='word_1_124' title='bbox 1454 1768 1633 1860; x_wconf 85' lang='lat' dir='ltr'><strong>suscipere</strong></span> <span class='ocrx_word' id='word_1_125' title='bbox 1666 1763 1843 1855; x_wconf 86' lang='lat' dir='ltr'><strong>usquein</strong></span> 
     </span>
     <span class='ocr_line' id='line_1_14' title="bbox 344 1884 1841 1981; baseline -0.004 -21"><span class='ocrx_word' id='word_1_126' title='bbox 344 1884 514 1981; x_wconf 87' lang='lat' dir='ltr'><strong>&#39;tempora</strong></span> <span class='ocrx_word' id='word_1_127' title='bbox 551 1885 773 1956; x_wconf 88' lang='lat' dir='ltr'><strong>restitutionis</strong></span> <span class='ocrx_word' id='word_1_128' title='bbox 809 1885 960 1956; x_wconf 91' lang='lat' dir='ltr'><strong>omnium</strong></span> <span class='ocrx_word' id='word_1_129' title='bbox 993 1905 1084 1976; x_wconf 89' lang='lat' dir='ltr'><strong>quae</strong></span> <span class='ocrx_word' id='word_1_130' title='bbox 1118 1884 1252 1956; x_wconf 87' lang='lat' dir='ltr'><strong>locutus</strong></span> <span class='ocrx_word' id='word_1_131' title='bbox 1285 1897 1340 1956; x_wconf 90' lang='lat' dir='ltr'><strong>est</strong></span> <span class='ocrx_word' id='word_1_132' title='bbox 1372 1886 1460 1958; x_wconf 90' lang='lat' dir='ltr'><strong>deus</strong></span> <span class='ocrx_word' id='word_1_133' title='bbox 1487 1908 1549 1980; x_wconf 88' lang='lat' dir='ltr'><strong>per</strong></span> <span class='ocrx_word' id='word_1_134' title='bbox 1575 1907 1617 1956; x_wconf 89' lang='lat' dir='ltr'><strong>os</strong></span> <span class='ocrx_word' id='word_1_135' title='bbox 1643 1891 1841 1954; x_wconf 88' lang='lat' dir='ltr'><strong>sanctorum</strong></span> 
     </span>
     <span class='ocr_line' id='line_1_15' title="bbox 356 1994 1841 2096; baseline -0.005 -18"><span class='ocrx_word' id='word_1_136' title='bbox 356 2027 496 2078; x_wconf 88' lang='lat' dir='ltr'><strong>suorum</strong></span> <span class='ocrx_word' id='word_1_137' title='bbox 524 2027 544 2076; x_wconf 91' lang='lat' dir='ltr'><strong>a</strong></span> <span class='ocrx_word' id='word_1_138' title='bbox 572 2005 712 2076; x_wconf 89' lang='lat' dir='ltr'><strong>saeculo</strong></span> <span class='ocrx_word' id='word_1_139' title='bbox 739 2003 997 2096; x_wconf 91' lang='lat' dir='ltr'><strong>prophetarum.</strong></span> <span class='ocrx_word' id='word_1_140' title='bbox 1049 1994 1076 2040; x_wconf 70' lang='lat'><strong>²³</strong></span> <span class='ocrx_word' id='word_1_141' title='bbox 1093 2003 1211 2074; x_wconf 87' lang='lat' dir='ltr'><strong>Moses</strong></span> <span class='ocrx_word' id='word_1_142' title='bbox 1237 2003 1378 2096; x_wconf 87' lang='lat' dir='ltr'><strong>quidem</strong></span> <span class='ocrx_word' id='word_1_143' title='bbox 1415 2005 1502 2076; x_wconf 82' lang='lat' dir='ltr'><strong>dixit</strong></span> <span class='ocrx_word' id='word_1_144' title='bbox 1527 2003 1606 2096; x_wconf 88' lang='lat' dir='ltr'><strong>quia</strong></span> <span class='ocrx_word' id='word_1_145' title='bbox 1634 2002 1841 2095; x_wconf 90' lang='lat' dir='ltr'><strong>prophetam</strong></span> 
     </span>
     <span class='ocr_line' id='line_1_16' title="bbox 354 2120 1842 2214; baseline -0.004 -18"><span class='ocrx_word' id='word_1_146' title='bbox 354 2125 457 2196; x_wconf 92' lang='lat' dir='ltr'><strong>vobis</strong></span> <span class='ocrx_word' id='word_1_147' title='bbox 483 2122 661 2194; x_wconf 83' lang='lat' dir='ltr'><strong>suscitavit</strong></span> <span class='ocrx_word' id='word_1_148' title='bbox 686 2122 773 2194; x_wconf 92' lang='lat' dir='ltr'><strong>deus</strong></span> <span class='ocrx_word' id='word_1_149' title='bbox 799 2129 917 2192; x_wconf 87' lang='lat' dir='ltr'><strong>vester</strong></span> <span class='ocrx_word' id='word_1_150' title='bbox 943 2120 989 2192; x_wconf 90' lang='lat' dir='ltr'><strong>de</strong></span> <span class='ocrx_word' id='word_1_151' title='bbox 1014 2120 1174 2192; x_wconf 83' lang='lat' dir='ltr'><strong>fratribus</strong></span> <span class='ocrx_word' id='word_1_152' title='bbox 1200 2124 1325 2193; x_wconf 90' lang='lat' dir='ltr'><strong>vestris</strong></span> <span class='ocrx_word' id='word_1_153' title='bbox 1350 2131 1527 2214; x_wconf 88' lang='lat' dir='ltr'><strong>tamquam</strong></span> <span class='ocrx_word' id='word_1_154' title='bbox 1546 2143 1620 2193; x_wconf 91' lang='lat' dir='ltr'><strong>me:</strong></span> <span class='ocrx_word' id='word_1_155' title='bbox 1648 2121 1759 2213; x_wconf 90' lang='lat' dir='ltr'><strong>ipsum</strong></span> <span class='ocrx_word' id='word_1_156' title='bbox 1779 2141 1842 2191; x_wconf 90' lang='lat' dir='ltr'><strong>au-</strong></span> 
     </span>
     <span class='ocr_line' id='line_1_17' title="bbox 356 2233 1842 2332; baseline -0.006 -16"><span class='ocrx_word' id='word_1_157' title='bbox 356 2243 456 2316; x_wconf 89' lang='lat' dir='ltr'><strong>dietis</strong></span> <span class='ocrx_word' id='word_1_158' title='bbox 482 2241 578 2312; x_wconf 89' lang='lat' dir='ltr'><strong>iuxta</strong></span> <span class='ocrx_word' id='word_1_159' title='bbox 605 2241 720 2312; x_wconf 89' lang='lat' dir='ltr'><strong>omnia</strong></span> <span class='ocrx_word' id='word_1_160' title='bbox 747 2260 986 2332; x_wconf 86' lang='lat' dir='ltr'><strong>quaecumque</strong></span> <span class='ocrx_word' id='word_1_161' title='bbox 1011 2241 1146 2311; x_wconf 87' lang='lat' dir='ltr'><strong>loeutus</strong></span> <span class='ocrx_word' id='word_1_162' title='bbox 1172 2241 1272 2311; x_wconf 87' lang='lat' dir='ltr'><strong>luerit</strong></span> <span class='ocrx_word' id='word_1_163' title='bbox 1297 2239 1407 2312; x_wconf 90' lang='lat' dir='ltr'><strong>vobis.</strong></span> <span class='ocrx_word' id='word_1_164' title='bbox 1441 2233 1551 2311; x_wconf 65' lang='lat' dir='ltr'><strong>’illrit</strong></span> <span class='ocrx_word' id='word_1_165' title='bbox 1578 2249 1703 2322; x_wconf 90' lang='lat' dir='ltr'><strong>autem,</strong></span> <span class='ocrx_word' id='word_1_166' title='bbox 1732 2239 1842 2308; x_wconf 90' lang='lat' dir='ltr'><strong>omnis</strong></span> 
     </span>
     <span class='ocr_line' id='line_1_18' title="bbox 356 2345 1843 2452; baseline -0.004 -20"><span class='ocrx_word' id='word_1_167' title='bbox 356 2363 469 2432; x_wconf 93' lang='lat' dir='ltr'><strong>anima</strong></span> <span class='ocrx_word' id='word_1_168' title='bbox 496 2381 586 2452; x_wconf 90' lang='lat' dir='ltr'><strong>quae</strong></span> <span class='ocrx_word' id='word_1_169' title='bbox 612 2381 683 2430; x_wconf 92' lang='lat' dir='ltr'><strong>uon</strong></span> <span class='ocrx_word' id='word_1_170' title='bbox 709 2358 855 2430; x_wconf 91' lang='lat' dir='ltr'><strong>audierit</strong></span> <span class='ocrx_word' id='word_1_171' title='bbox 880 2357 1088 2450; x_wconf 91' lang='lat' dir='ltr'><strong>prophetam</strong></span> <span class='ocrx_word' id='word_1_172' title='bbox 1114 2359 1206 2428; x_wconf 92' lang='lat' dir='ltr'><strong>illum</strong></span> <span class='ocrx_word' id='word_1_173' title='bbox 1234 2359 1519 2430; x_wconf 83' lang='lat' dir='ltr'><strong>exterminabitur</strong></span> <span class='ocrx_word' id='word_1_174' title='bbox 1545 2359 1591 2431; x_wconf 89' lang='lat' dir='ltr'><strong>de</strong></span> <span class='ocrx_word' id='word_1_175' title='bbox 1617 2358 1731 2451; x_wconf 86' lang='lat' dir='ltr'><strong>plebe.</strong></span> <span class='ocrx_word' id='word_1_176' title='bbox 1763 2345 1843 2426; x_wconf 70' lang='lat' dir='ltr'><strong>“Et</strong></span> 
     </span>
     <span class='ocr_line' id='line_1_19' title="bbox 356 2475 1841 2572; baseline -0.004 -22"><span class='ocrx_word' id='word_1_177' title='bbox 356 2501 479 2551; x_wconf 88' lang='lat' dir='ltr'><strong>omnes</strong></span> <span class='ocrx_word' id='word_1_178' title='bbox 505 2477 699 2571; x_wconf 91' lang='lat' dir='ltr'><strong>prophetae</strong></span> <span class='ocrx_word' id='word_1_179' title='bbox 726 2499 747 2548; x_wconf 91' lang='lat' dir='ltr'><strong>a</strong></span> <span class='ocrx_word' id='word_1_180' title='bbox 774 2476 936 2572; x_wconf 84' lang='lat' dir='ltr'><strong>Samuhel</strong></span> <span class='ocrx_word' id='word_1_181' title='bbox 962 2485 997 2546; x_wconf 89' lang='lat' dir='ltr'><strong>et</strong></span> <span class='ocrx_word' id='word_1_182' title='bbox 1024 2477 1191 2570; x_wconf 86' lang='lat' dir='ltr'><strong>deinceps</strong></span> <span class='ocrx_word' id='word_1_183' title='bbox 1217 2477 1274 2568; x_wconf 89' lang='lat' dir='ltr'><strong>qui</strong></span> <span class='ocrx_word' id='word_1_184' title='bbox 1300 2478 1404 2548; x_wconf 87' lang='lat' dir='ltr'><strong>locuti</strong></span> <span class='ocrx_word' id='word_1_185' title='bbox 1431 2487 1524 2562; x_wconf 90' lang='lat' dir='ltr'><strong>sunt,</strong></span> <span class='ocrx_word' id='word_1_186' title='bbox 1553 2485 1587 2547; x_wconf 89' lang='lat' dir='ltr'><strong>et</strong></span> <span class='ocrx_word' id='word_1_187' title='bbox 1614 2475 1841 2548; x_wconf 92' lang='lat' dir='ltr'><strong>adnuntiave-</strong></span> 
     </span>
     <span class='ocr_line' id='line_1_20' title="bbox 356 2589 1841 2689; baseline -0.001 -23"><span class='ocrx_word' id='word_1_188' title='bbox 356 2607 434 2668; x_wconf 91' lang='lat' dir='ltr'><strong>runt</strong></span> <span class='ocrx_word' id='word_1_189' title='bbox 460 2597 536 2668; x_wconf 90' lang='lat' dir='ltr'><strong>dies</strong></span> <span class='ocrx_word' id='word_1_190' title='bbox 561 2597 657 2666; x_wconf 89' lang='lat' dir='ltr'><strong>istos.</strong></span> <span class='ocrx_word' id='word_1_191' title='bbox 708 2589 736 2634; x_wconf 74' lang='lat'><strong>¹⁵</strong></span> <span class='ocrx_word' id='word_1_192' title='bbox 752 2596 822 2666; x_wconf 89' lang='lat' dir='ltr'><strong>Vos</strong></span> <span class='ocrx_word' id='word_1_193' title='bbox 849 2595 933 2665; x_wconf 85' lang='lat' dir='ltr'><strong>estis</strong></span> <span class='ocrx_word' id='word_1_194' title='bbox 961 2592 1018 2662; x_wconf 88' lang='lat' dir='ltr'><strong>filii</strong></span> <span class='ocrx_word' id='word_1_195' title='bbox 1044 2596 1291 2689; x_wconf 90' lang='lat' dir='ltr'><strong>prophetarum</strong></span> <span class='ocrx_word' id='word_1_196' title='bbox 1319 2605 1355 2666; x_wconf 91' lang='lat' dir='ltr'><strong>et</strong></span> <span class='ocrx_word' id='word_1_197' title='bbox 1381 2597 1579 2666; x_wconf 89' lang='lat' dir='ltr'><strong>testamenti</strong></span> <span class='ocrx_word' id='word_1_198' title='bbox 1606 2595 1702 2688; x_wconf 91' lang='lat' dir='ltr'><strong>quod</strong></span> <span class='ocrx_word' id='word_1_199' title='bbox 1720 2593 1841 2686; x_wconf 90' lang='lat' dir='ltr'><strong>dispo·</strong></span> 
     </span>
     <span class='ocr_line' id='line_1_21' title="bbox 356 2711 1841 2806; baseline -0.003 -20"><span class='ocrx_word' id='word_1_200' title='bbox 356 2716 424 2786; x_wconf 88' lang='lat' dir='ltr'><strong>suit</strong></span> <span class='ocrx_word' id='word_1_201' title='bbox 449 2715 537 2785; x_wconf 87' lang='lat' dir='ltr'><strong>deus</strong></span> <span class='ocrx_word' id='word_1_202' title='bbox 563 2713 610 2784; x_wconf 89' lang='lat' dir='ltr'><strong>ad</strong></span> <span class='ocrx_word' id='word_1_203' title='bbox 636 2722 753 2806; x_wconf 88' lang='lat' dir='ltr'><strong>patres</strong></span> <span class='ocrx_word' id='word_1_204' title='bbox 780 2723 928 2796; x_wconf 90' lang='lat' dir='ltr'><strong>nostros,</strong></span> <span class='ocrx_word' id='word_1_205' title='bbox 956 2711 1076 2784; x_wconf 90' lang='lat' dir='ltr'><strong>dicens</strong></span> <span class='ocrx_word' id='word_1_206' title='bbox 1102 2714 1148 2785; x_wconf 94' lang='lat' dir='ltr'><strong>ad</strong></span> <span class='ocrx_word' id='word_1_207' title='bbox 1174 2713 1352 2785; x_wconf 81' lang='lat' dir='ltr'><strong>Abraham</strong></span> <span class='ocrx_word' id='word_1_208' title='bbox 1376 2715 1419 2784; x_wconf 85' lang='lat' dir='ltr'><strong>Et</strong></span> <span class='ocrx_word' id='word_1_209' title='bbox 1445 2714 1479 2783; x_wconf 92' lang='lat' dir='ltr'><strong>in</strong></span> <span class='ocrx_word' id='word_1_210' title='bbox 1496 2715 1628 2784; x_wconf 89' lang='lat' dir='ltr'><strong>semine</strong></span> <span class='ocrx_word' id='word_1_211' title='bbox 1655 2723 1714 2783; x_wconf 85' lang='lat' dir='ltr'><strong>luo</strong></span> <span class='ocrx_word' id='word_1_212' title='bbox 1731 2713 1841 2784; x_wconf 88' lang='lat' dir='ltr'><strong>hene-</strong></span> 
     </span>
     <span class='ocr_line' id='line_1_22' title="bbox 356 2823 1843 2924; baseline -0.003 -20"><span class='ocrx_word' id='word_1_213' title='bbox 356 2834 513 2904; x_wconf 88' lang='lat' dir='ltr'><strong>dicentur</strong></span> <span class='ocrx_word' id='word_1_214' title='bbox 539 2851 673 2902; x_wconf 89' lang='lat' dir='ltr'><strong>omnes·</strong></span> <span class='ocrx_word' id='word_1_215' title='bbox 687 2831 836 2902; x_wconf 80' lang='lat' dir='ltr'><strong>familiae</strong></span> <span class='ocrx_word' id='word_1_216' title='bbox 868 2841 992 2900; x_wconf 88' lang='lat' dir='ltr'><strong>terrae.</strong></span> <span class='ocrx_word' id='word_1_217' title='bbox 1044 2823 1071 2869; x_wconf 74' lang='lat'><strong>²⁸</strong></span> <span class='ocrx_word' id='word_1_218' title='bbox 1088 2833 1195 2902; x_wconf 90' lang='lat' dir='ltr'><strong>Vobis</strong></span> <span class='ocrx_word' id='word_1_219' title='bbox 1230 2832 1375 2924; x_wconf 91' lang='lat' dir='ltr'><strong>primum</strong></span> <span class='ocrx_word' id='word_1_220' title='bbox 1413 2831 1502 2902; x_wconf 88' lang='lat' dir='ltr'><strong>deus</strong></span> <span class='ocrx_word' id='word_1_221' title='bbox 1535 2833 1705 2903; x_wconf 90' lang='lat' dir='ltr'><strong>suscitans</strong></span> <span class='ocrx_word' id='word_1_222' title='bbox 1739 2829 1843 2900; x_wconf 87' lang='lat' dir='ltr'><strong>hlium</strong></span> 
     </span>
     <span class='ocr_line' id='line_1_23' title="bbox 356 2948 1842 3044; baseline -0.003 -22"><span class='ocrx_word' id='word_1_223' title='bbox 356 2974 456 3022; x_wconf 87' lang='lat' dir='ltr'><strong>suum</strong></span> <span class='ocrx_word' id='word_1_224' title='bbox 483 2951 574 3020; x_wconf 87' lang='lat' dir='ltr'><strong>misit</strong></span> <span class='ocrx_word' id='word_1_225' title='bbox 599 2971 678 3025; x_wconf 92' lang='lat' dir='ltr'><strong>eum</strong></span> <span class='ocrx_word' id='word_1_226' title='bbox 705 2948 972 3022; x_wconf 84' lang='lat' dir='ltr'><strong>benedicentem</strong></span> <span class='ocrx_word' id='word_1_227' title='bbox 998 2951 1110 3036; x_wconf 85' lang='lat' dir='ltr'><strong>vohis,</strong></span> <span class='ocrx_word' id='word_1_228' title='bbox 1138 2960 1175 3021; x_wconf 91' lang='lat' dir='ltr'><strong>ut</strong></span> <span class='ocrx_word' id='word_1_229' title='bbox 1201 2960 1381 3022; x_wconf 88' lang='lat' dir='ltr'><strong>convertat</strong></span> <span class='ocrx_word' id='word_1_230' title='bbox 1406 2971 1446 3023; x_wconf 87' lang='lat' dir='ltr'><strong>se</strong></span> <span class='ocrx_word' id='word_1_231' title='bbox 1472 2949 1706 3044; x_wconf 88' lang='lat' dir='ltr'><strong>unusquisque</strong></span> <span class='ocrx_word' id='word_1_232' title='bbox 1733 2971 1752 3020; x_wconf 92' lang='lat' dir='ltr'><strong>a</strong></span> <span class='ocrx_word' id='word_1_233' title='bbox 1777 2970 1842 3018; x_wconf 88' lang='lat' dir='ltr'><strong>ne-</strong></span> 
     </span>
     <span class='ocr_line' id='line_1_24' title="bbox 266 3070 560 3164; baseline -0.027 -18"><span class='ocrx_word' id='word_1_234' title='bbox 266 3137 269 3146; x_wconf 90' lang='lat'>.</span> <span class='ocrx_word' id='word_1_235' title='bbox 357 3070 461 3164; x_wconf 88' lang='lat' dir='ltr'><strong>quitia</strong></span> <span class='ocrx_word' id='word_1_236' title='bbox 488 3089 560 3140; x_wconf 90' lang='lat' dir='ltr'><strong>sua.</strong></span> 
     </span>
    </p>
   </div>
   <div class='ocr_carea' id='block_1_4' title="bbox 1076 3341 1126 3410">
    <p class='ocr_par' dir='ltr' id='par_1_4' title="bbox 1076 3341 1126 3410">
     <span class='ocr_line' id='line_1_25' title="bbox 1076 3341 1126 3410; baseline -0.04 0"><span class='ocrx_word' id='word_1_237' title='bbox 1076 3341 1126 3410; x_wconf 91' lang='lat' dir='ltr'><strong>lV.</strong></span> 
     </span>
    </p>
   </div>
   <div class='ocr_carea' id='block_1_5' title="bbox 356 3541 1845 4228">
    <p class='ocr_par' dir='ltr' id='par_1_5' title="bbox 356 3541 1845 4228">
     <span class='ocr_line' id='line_1_26' title="bbox 432 3541 1844 3648; baseline -0.003 -31"><span class='ocrx_word' id='word_1_238' title='bbox 432 3541 694 3639; x_wconf 70' lang='lat' dir='ltr'><strong>¹Loquentibus</strong></span> <span class='ocrx_word' id='word_1_239' title='bbox 728 3553 843 3615; x_wconf 90' lang='lat' dir='ltr'><strong>autem</strong></span> <span class='ocrx_word' id='word_1_240' title='bbox 874 3544 938 3614; x_wconf 88' lang='lat' dir='ltr'><strong>illis</strong></span> <span class='ocrx_word' id='word_1_241' title='bbox 977 3544 1024 3648; x_wconf 86' lang='lat' dir='ltr'><strong>ad</strong></span> <span class='ocrx_word' id='word_1_242' title='bbox 1055 3543 1221 3636; x_wconf 92' lang='lat' dir='ltr'><strong>populum</strong></span> <span class='ocrx_word' id='word_1_243' title='bbox 1261 3553 1536 3636; x_wconf 89' lang='lat' dir='ltr'><strong>supervenerunt</strong></span> <span class='ocrx_word' id='word_1_244' title='bbox 1569 3545 1774 3616; x_wconf 86' lang='lat' dir='ltr'><strong>sacerdotes</strong></span> <span class='ocrx_word' id='word_1_245' title='bbox 1809 3553 1844 3613; x_wconf 88' lang='lat' dir='ltr'><strong>et</strong></span> 
     </span>
     <span class='ocr_line' id='line_1_27' title="bbox 357 3655 1844 3758; baseline -0.003 -22"><span class='ocrx_word' id='word_1_246' title='bbox 357 3666 577 3758; x_wconf 81' lang='lat' dir='ltr'><strong>magistratus</strong></span> <span class='ocrx_word' id='word_1_247' title='bbox 603 3661 722 3756; x_wconf 90' lang='lat' dir='ltr'><strong>templi</strong></span> <span class='ocrx_word' id='word_1_248' title='bbox 749 3672 784 3732; x_wconf 86' lang='lat' dir='ltr'><strong>et</strong></span> <span class='ocrx_word' id='word_1_249' title='bbox 810 3662 1029 3748; x_wconf 89' lang='lat' dir='ltr'><strong>Sadducaei,</strong></span> <span class='ocrx_word' id='word_1_250' title='bbox 1073 3655 1264 3733; x_wconf 80' lang='lat' dir='ltr'><strong>&#39;dolentes</strong></span> <span class='ocrx_word' id='word_1_251' title='bbox 1298 3662 1394 3754; x_wconf 90' lang='lat' dir='ltr'><strong>quod</strong></span> <span class='ocrx_word' id='word_1_252' title='bbox 1422 3663 1589 3736; x_wconf 89' lang='lat' dir='ltr'><strong>docerent</strong></span> <span class='ocrx_word' id='word_1_253' title='bbox 1615 3663 1780 3756; x_wconf 92' lang='lat' dir='ltr'><strong>populum</strong></span> <span class='ocrx_word' id='word_1_254' title='bbox 1810 3671 1844 3732; x_wconf 92' lang='lat' dir='ltr'><strong>et</strong></span> 
     </span>
     <span class='ocr_line' id='line_1_28' title="bbox 356 3773 1844 3865; baseline -0.003 -10"><span class='ocrx_word' id='word_1_255' title='bbox 356 3783 595 3856; x_wconf 89' lang='lat' dir='ltr'><strong>adnuntiarent</strong></span> <span class='ocrx_word' id='word_1_256' title='bbox 620 3781 653 3850; x_wconf 93' lang='lat' dir='ltr'><strong>in</strong></span> <span class='ocrx_word' id='word_1_257' title='bbox 685 3782 762 3852; x_wconf 89' lang='lat' dir='ltr'><strong>lesu</strong></span> <span class='ocrx_word' id='word_1_258' title='bbox 797 3781 1085 3851; x_wconf 89' lang='lat' dir='ltr'><strong>resurrectionem</strong></span> <span class='ocrx_word' id='word_1_259' title='bbox 1122 3801 1169 3850; x_wconf 88' lang='lat' dir='ltr'><strong>ex</strong></span> <span class='ocrx_word' id='word_1_260' title='bbox 1199 3781 1360 3865; x_wconf 89' lang='lat' dir='ltr'><strong>mortuis,</strong></span> <span class='ocrx_word' id='word_1_261' title='bbox 1410 3773 1477 3852; x_wconf 82' lang='lat' dir='ltr'><strong>³et</strong></span> <span class='ocrx_word' id='word_1_262' title='bbox 1507 3781 1695 3852; x_wconf 90' lang='lat' dir='ltr'><strong>iniecerunt</strong></span> <span class='ocrx_word' id='word_1_263' title='bbox 1727 3780 1760 3848; x_wconf 92' lang='lat' dir='ltr'><strong>in</strong></span> <span class='ocrx_word' id='word_1_264' title='bbox 1793 3781 1844 3850; x_wconf 89' lang='lat' dir='ltr'><strong>eis</strong></span> 
     </span>
     <span class='ocr_line' id='line_1_29' title="bbox 356 3897 1842 3992; baseline -0.004 -20"><span class='ocrx_word' id='word_1_265' title='bbox 356 3923 488 3983; x_wconf 88' lang='lat' dir='ltr'><strong>manus,</strong></span> <span class='ocrx_word' id='word_1_266' title='bbox 516 3910 551 3970; x_wconf 94' lang='lat' dir='ltr'><strong>et</strong></span> <span class='ocrx_word' id='word_1_267' title='bbox 576 3908 766 3992; x_wconf 90' lang='lat' dir='ltr'><strong>posuerunt</strong></span> <span class='ocrx_word' id='word_1_268' title='bbox 792 3919 856 3970; x_wconf 85' lang='lat' dir='ltr'><strong>eos</strong></span> <span class='ocrx_word' id='word_1_269' title='bbox 882 3900 916 3969; x_wconf 95' lang='lat' dir='ltr'><strong>in</strong></span> <span class='ocrx_word' id='word_1_270' title='bbox 942 3897 1136 3970; x_wconf 89' lang='lat' dir='ltr'><strong>custodiam</strong></span> <span class='ocrx_word' id='word_1_271' title='bbox 1163 3899 1197 3968; x_wconf 92' lang='lat' dir='ltr'><strong>in</strong></span> <span class='ocrx_word' id='word_1_272' title='bbox 1224 3899 1425 3970; x_wconf 87' lang='lat' dir='ltr'><strong>crastinum:</strong></span> <span class='ocrx_word' id='word_1_273' title='bbox 1464 3901 1655 3972; x_wconf 87' lang='lat' dir='ltr'><strong>eratenim</strong></span> <span class='ocrx_word' id='word_1_274' title='bbox 1683 3898 1750 3966; x_wconf 92' lang='lat' dir='ltr'><strong>iam</strong></span> <span class='ocrx_word' id='word_1_275' title='bbox 1778 3917 1842 3966; x_wconf 91' lang='lat' dir='ltr'><strong>ve-</strong></span> 
     </span>
     <span class='ocr_line' id='line_1_30' title="bbox 356 4007 1843 4113; baseline -0.003 -23"><span class='ocrx_word' id='word_1_276' title='bbox 356 4039 469 4113; x_wconf 88' lang='lat' dir='ltr'><strong>spera.</strong></span> <span class='ocrx_word' id='word_1_277' title='bbox 520 4007 640 4090; x_wconf 70' lang='lat' dir='ltr'><strong>*Multi</strong></span> <span class='ocrx_word' id='word_1_278' title='bbox 666 4027 780 4090; x_wconf 88' lang='lat' dir='ltr'><strong>autem</strong></span> <span class='ocrx_word' id='word_1_279' title='bbox 808 4038 930 4090; x_wconf 90' lang='lat' dir='ltr'><strong>eorum</strong></span> <span class='ocrx_word' id='word_1_280' title='bbox 956 4018 1014 4109; x_wconf 86' lang='lat' dir='ltr'><strong>qui</strong></span> <span class='ocrx_word' id='word_1_281' title='bbox 1041 4018 1221 4088; x_wconf 90' lang='lat' dir='ltr'><strong>audierant</strong></span> <span class='ocrx_word' id='word_1_282' title='bbox 1247 4017 1393 4088; x_wconf 89' lang='lat' dir='ltr'><strong>verbum</strong></span> <span class='ocrx_word' id='word_1_283' title='bbox 1421 4017 1652 4102; x_wconf 87' lang='lat' dir='ltr'><strong>crediderunt,</strong></span> <span class='ocrx_word' id='word_1_284' title='bbox 1680 4026 1715 4086; x_wconf 89' lang='lat' dir='ltr'><strong>et</strong></span> <span class='ocrx_word' id='word_1_285' title='bbox 1732 4016 1843 4087; x_wconf 89' lang='lat' dir='ltr'><strong>lactus</strong></span> 
     </span>
     <span class='ocr_line' id='line_1_31' title="bbox 356 4129 1845 4228; baseline -0.003 -19"><span class='ocrx_word' id='word_1_286' title='bbox 356 4147 411 4209; x_wconf 89' lang='lat' dir='ltr'><strong>est</strong></span> <span class='ocrx_word' id='word_1_287' title='bbox 435 4156 599 4207; x_wconf 90' lang='lat' dir='ltr'><strong>numerus</strong></span> <span class='ocrx_word' id='word_1_288' title='bbox 624 4137 776 4207; x_wconf 90' lang='lat' dir='ltr'><strong>virorum</strong></span> <span class='ocrx_word' id='word_1_289' title='bbox 804 4137 954 4228; x_wconf 92' lang='lat' dir='ltr'><strong>quinque</strong></span> <span class='ocrx_word' id='word_1_290' title='bbox 982 4135 1082 4207; x_wconf 91' lang='lat' dir='ltr'><strong>milia.</strong></span> <span class='ocrx_word' id='word_1_291' title='bbox 1134 4129 1301 4206; x_wconf 81' lang='lat' dir='ltr'><strong>⁵Factum</strong></span> <span class='ocrx_word' id='word_1_292' title='bbox 1329 4145 1383 4206; x_wconf 93' lang='lat' dir='ltr'><strong>est</strong></span> <span class='ocrx_word' id='word_1_293' title='bbox 1409 4147 1526 4209; x_wconf 90' lang='lat' dir='ltr'><strong>autem</strong></span> <span class='ocrx_word' id='word_1_294' title='bbox 1552 4136 1788 4208; x_wconf 86' lang='lat' dir='ltr'><strong>incrastinum</strong></span> <span class='ocrx_word' id='word_1_295' title='bbox 1808 4144 1845 4206; x_wconf 94' lang='lat' dir='ltr'><strong>ut</strong></span> 
     </span>
    </p>
   </div>
   <div class='ocr_carea' id='block_1_6' title="bbox 269 4253 1951 5060">
    <p class='ocr_par' dir='ltr' id='par_1_6' title="bbox 269 4253 1951 5060">
     <span class='ocr_line' id='line_1_32' title="bbox 356 4253 1843 4348; baseline -0.003 -20"><span class='ocrx_word' id='word_1_296' title='bbox 356 4267 649 4348; x_wconf 76' lang='lat' dir='ltr'><strong>congregarentur</strong></span> <span class='ocrx_word' id='word_1_297' title='bbox 682 4255 855 4348; x_wconf 89' lang='lat' dir='ltr'><strong>principes</strong></span> <span class='ocrx_word' id='word_1_298' title='bbox 889 4275 1010 4324; x_wconf 90' lang='lat' dir='ltr'><strong>eorum</strong></span> <span class='ocrx_word' id='word_1_299' title='bbox 1045 4262 1080 4323; x_wconf 91' lang='lat' dir='ltr'><strong>et</strong></span> <span class='ocrx_word' id='word_1_300' title='bbox 1113 4253 1268 4324; x_wconf 87' lang='lat' dir='ltr'><strong>seniores</strong></span> <span class='ocrx_word' id='word_1_301' title='bbox 1310 4264 1346 4325; x_wconf 92' lang='lat' dir='ltr'><strong>et</strong></span> <span class='ocrx_word' id='word_1_302' title='bbox 1381 4257 1516 4328; x_wconf 88' lang='lat' dir='ltr'><strong>scribae</strong></span> <span class='ocrx_word' id='word_1_303' title='bbox 1551 4258 1585 4327; x_wconf 95' lang='lat' dir='ltr'><strong>in</strong></span> <span class='ocrx_word' id='word_1_304' title='bbox 1618 4255 1843 4338; x_wconf 76' lang='lat' dir='ltr'><strong>hierusalem,</strong></span> 
     </span>
     <span class='ocr_line' id='line_1_33' title="bbox 354 4369 1845 4466; baseline -0.002 -20"><span class='ocrx_word' id='word_1_305' title='bbox 354 4369 421 4446; x_wconf 70' lang='lat' dir='ltr'><strong>‘et</strong></span> <span class='ocrx_word' id='word_1_306' title='bbox 447 4371 566 4445; x_wconf 82' lang='lat' dir='ltr'><strong>Annas</strong></span> <span class='ocrx_word' id='word_1_307' title='bbox 592 4373 753 4466; x_wconf 86' lang='lat' dir='ltr'><strong>princeps</strong></span> <span class='ocrx_word' id='word_1_308' title='bbox 780 4372 1003 4444; x_wconf 88' lang='lat' dir='ltr'><strong>sacerdotum</strong></span> <span class='ocrx_word' id='word_1_309' title='bbox 1031 4385 1066 4442; x_wconf 90' lang='lat' dir='ltr'><strong>et</strong></span> <span class='ocrx_word' id='word_1_310' title='bbox 1093 4371 1240 4464; x_wconf 84' lang='lat' dir='ltr'><strong>Caiphae</strong></span> <span class='ocrx_word' id='word_1_311' title='bbox 1268 4381 1303 4442; x_wconf 87' lang='lat' dir='ltr'><strong>et</strong></span> <span class='ocrx_word' id='word_1_312' title='bbox 1328 4373 1502 4445; x_wconf 90' lang='lat' dir='ltr'><strong>lohannes</strong></span> <span class='ocrx_word' id='word_1_313' title='bbox 1529 4385 1564 4445; x_wconf 93' lang='lat' dir='ltr'><strong>et</strong></span> <span class='ocrx_word' id='word_1_314' title='bbox 1590 4374 1791 4448; x_wconf 82' lang='lat' dir='ltr'><strong>Alexander</strong></span> <span class='ocrx_word' id='word_1_315' title='bbox 1810 4385 1845 4444; x_wconf 92' lang='lat' dir='ltr'><strong>et</strong></span> 
     </span>
     <span class='ocr_line' id='line_1_34' title="bbox 356 4482 1844 4586; baseline -0.001 -23"><span class='ocrx_word' id='word_1_316' title='bbox 356 4502 527 4586; x_wconf 91' lang='lat' dir='ltr'><strong>quotquot</strong></span> <span class='ocrx_word' id='word_1_317' title='bbox 553 4501 652 4562; x_wconf 89' lang='lat' dir='ltr'><strong>erant</strong></span> <span class='ocrx_word' id='word_1_318' title='bbox 677 4491 723 4562; x_wconf 91' lang='lat' dir='ltr'><strong>de</strong></span> <span class='ocrx_word' id='word_1_319' title='bbox 750 4511 880 4583; x_wconf 89' lang='lat' dir='ltr'><strong>genere</strong></span> <span class='ocrx_word' id='word_1_320' title='bbox 907 4489 1130 4574; x_wconf 88' lang='lat' dir='ltr'><strong>sacerdotali,</strong></span> <span class='ocrx_word' id='word_1_321' title='bbox 1174 4482 1241 4560; x_wconf 73' lang='grc' dir='ltr'><strong>Ὶει</strong></span> <span class='ocrx_word' id='word_1_322' title='bbox 1272 4501 1463 4564; x_wconf 91' lang='lat' dir='ltr'><strong>statuentes</strong></span> <span class='ocrx_word' id='word_1_323' title='bbox 1490 4514 1553 4564; x_wconf 92' lang='lat' dir='ltr'><strong>eos</strong></span> <span class='ocrx_word' id='word_1_324' title='bbox 1587 4493 1621 4563; x_wconf 92' lang='lat' dir='ltr'><strong>in</strong></span> <span class='ocrx_word' id='word_1_325' title='bbox 1648 4493 1764 4564; x_wconf 86' lang='lat' dir='ltr'><strong>medio</strong></span> <span class='ocrx_word' id='word_1_326' title='bbox 1791 4494 1844 4562; x_wconf 93' lang='lat' dir='ltr'><strong>in-</strong></span> 
     </span>
     <span class='ocr_line' id='line_1_35' title="bbox 356 4602 1844 4704; baseline -0.001 -23"><span class='ocrx_word' id='word_1_327' title='bbox 356 4612 580 4704; x_wconf 89' lang='lat' dir='ltr'><strong>terrogabant</strong></span> <span class='ocrx_word' id='word_1_328' title='bbox 605 4611 642 4680; x_wconf 94' lang='lat' dir='ltr'><strong>ln</strong></span> <span class='ocrx_word' id='word_1_329' title='bbox 668 4631 737 4702; x_wconf 89' lang='lat' dir='ltr'><strong>qua</strong></span> <span class='ocrx_word' id='word_1_330' title='bbox 762 4610 886 4681; x_wconf 89' lang='lat' dir='ltr'><strong>virtute</strong></span> <span class='ocrx_word' id='word_1_331' title='bbox 913 4619 972 4680; x_wconf 89' lang='lat' dir='ltr'><strong>aut</strong></span> <span class='ocrx_word' id='word_1_332' title='bbox 997 4609 1030 4678; x_wconf 94' lang='lat' dir='ltr'><strong>in</strong></span> <span class='ocrx_word' id='word_1_333' title='bbox 1058 4630 1127 4700; x_wconf 93' lang='lat' dir='ltr'><strong>quo</strong></span> <span class='ocrx_word' id='word_1_334' title='bbox 1155 4607 1292 4680; x_wconf 90' lang='lat' dir='ltr'><strong>nomine</strong></span> <span class='ocrx_word' id='word_1_335' title='bbox 1320 4611 1447 4681; x_wconf 87' lang='lat' dir='ltr'><strong>lecistis</strong></span> <span class='ocrx_word' id='word_1_336' title='bbox 1481 4612 1549 4682; x_wconf 88' lang='lat' dir='ltr'><strong>hoc</strong></span> <span class='ocrx_word' id='word_1_337' title='bbox 1582 4615 1676 4685; x_wconf 87' lang='lat' dir='ltr'><strong>vos‘l</strong></span> <span class='ocrx_word' id='word_1_338' title='bbox 1719 4602 1844 4681; x_wconf 87' lang='lat' dir='ltr'><strong>⁸Tunc</strong></span> 
     </span>
     <span class='ocr_line' id='line_1_36' title="bbox 269 4725 1842 4824; baseline 0 -25"><span class='ocrx_word' id='word_1_339' title='bbox 269 4725 271 4730; x_wconf 79' lang='grc'><strong>’</strong></span> <span class='ocrx_word' id='word_1_340' title='bbox 356 4729 478 4801; x_wconf 89' lang='lat' dir='ltr'><strong>Petrus</strong></span> <span class='ocrx_word' id='word_1_341' title='bbox 505 4729 658 4822; x_wconf 88' lang='lat' dir='ltr'><strong>repletus</strong></span> <span class='ocrx_word' id='word_1_342' title='bbox 685 4727 804 4822; x_wconf 88' lang='lat' dir='ltr'><strong>spiritu</strong></span> <span class='ocrx_word' id='word_1_343' title='bbox 831 4737 951 4799; x_wconf 89' lang='lat' dir='ltr'><strong>saneto</strong></span> <span class='ocrx_word' id='word_1_344' title='bbox 979 4727 1065 4798; x_wconf 86' lang='lat' dir='ltr'><strong>dixit</strong></span> <span class='ocrx_word' id='word_1_345' title='bbox 1098 4727 1144 4798; x_wconf 91' lang='lat' dir='ltr'><strong>ad</strong></span> <span class='ocrx_word' id='word_1_346' title='bbox 1179 4748 1243 4797; x_wconf 91' lang='lat' dir='ltr'><strong>eos</strong></span> <span class='ocrx_word' id='word_1_347' title='bbox 1268 4729 1443 4823; x_wconf 87' lang='lat' dir='ltr'><strong>Principes</strong></span> <span class='ocrx_word' id='word_1_348' title='bbox 1469 4729 1587 4824; x_wconf 91' lang='lat' dir='ltr'><strong>populi</strong></span> <span class='ocrx_word' id='word_1_349' title='bbox 1615 4741 1650 4800; x_wconf 89' lang='lat' dir='ltr'><strong>et</strong></span> <span class='ocrx_word' id='word_1_350' title='bbox 1677 4729 1842 4811; x_wconf 89' lang='lat' dir='ltr'><strong>seniores,</strong></span> 
     </span>
     <span class='ocr_line' id='line_1_37' title="bbox 354 4829 1951 4940; baseline -0.001 -22"><span class='ocrx_word' id='word_1_351' title='bbox 354 4839 410 4918; x_wconf 71' lang='lat' dir='ltr'><strong>⁹si</strong></span> <span class='ocrx_word' id='word_1_352' title='bbox 436 4869 502 4918; x_wconf 89' lang='lat' dir='ltr'><strong>nos</strong></span> <span class='ocrx_word' id='word_1_353' title='bbox 529 4847 635 4918; x_wconf 89' lang='lat' dir='ltr'><strong>hodie</strong></span> <span class='ocrx_word' id='word_1_354' title='bbox 661 4845 890 4919; x_wconf 88' lang='lat' dir='ltr'><strong>diiudicamur</strong></span> <span class='ocrx_word' id='word_1_355' title='bbox 915 4847 948 4916; x_wconf 94' lang='lat' dir='ltr'><strong>in</strong></span> <span class='ocrx_word' id='word_1_356' title='bbox 973 4845 1158 4916; x_wconf 83' lang='lat' dir='ltr'><strong>benefacto</strong></span> <span class='ocrx_word' id='word_1_357' title='bbox 1185 4845 1333 4918; x_wconf 88' lang='lat' dir='ltr'><strong>hominis</strong></span> <span class='ocrx_word' id='word_1_358' title='bbox 1358 4847 1497 4934; x_wconf 85' lang='lat' dir='ltr'><strong>infirmi,</strong></span> <span class='ocrx_word' id='word_1_359' title='bbox 1524 4850 1558 4919; x_wconf 91' lang='lat' dir='ltr'><strong>in</strong></span> <span class='ocrx_word' id='word_1_360' title='bbox 1584 4869 1655 4940; x_wconf 91' lang='lat' dir='ltr'><strong>quo</strong></span> <span class='ocrx_word' id='word_1_361' title='bbox 1682 4849 1746 4918; x_wconf 88' lang='lat' dir='ltr'><strong>iste</strong></span> <span class='ocrx_word' id='word_1_362' title='bbox 1774 4849 1843 4918; x_wconf 88' lang='lat' dir='ltr'><strong>sal·</strong></span> <span class='ocrx_word' id='word_1_363' title='bbox 1946 4829 1951 4842; x_wconf 48' lang='lat'>⁸</span> 
     </span>
     <span class='ocr_line' id='line_1_38' title="bbox 355 4957 1843 5060; baseline -0.001 -24"><span class='ocrx_word' id='word_1_364' title='bbox 355 4987 420 5036; x_wconf 90' lang='lat' dir='ltr'><strong>vus</strong></span> <span class='ocrx_word' id='word_1_365' title='bbox 445 4967 556 5036; x_wconf 84' lang='lat' dir='ltr'><strong>lactus</strong></span> <span class='ocrx_word' id='word_1_366' title='bbox 589 4975 658 5048; x_wconf 90' lang='lat' dir='ltr'><strong>est,</strong></span> <span class='ocrx_word' id='word_1_367' title='bbox 702 4957 729 5002; x_wconf 81' lang='lat'><strong>⁴⁰</strong></span> <span class='ocrx_word' id='word_1_368' title='bbox 745 4977 864 5038; x_wconf 91' lang='lat' dir='ltr'><strong>notum</strong></span> <span class='ocrx_word' id='word_1_369' title='bbox 897 4965 940 5035; x_wconf 90' lang='lat' dir='ltr'><strong>sit</strong></span> <span class='ocrx_word' id='word_1_370' title='bbox 972 4965 1132 5036; x_wconf 90' lang='lat' dir='ltr'><strong>omnibus</strong></span> <span class='ocrx_word' id='word_1_371' title='bbox 1165 4964 1267 5035; x_wconf 89' lang='lat' dir='ltr'><strong>vobis</strong></span> <span class='ocrx_word' id='word_1_372' title='bbox 1301 4975 1337 5036; x_wconf 91' lang='lat' dir='ltr'><strong>et</strong></span> <span class='ocrx_word' id='word_1_373' title='bbox 1370 4967 1463 5038; x_wconf 91' lang='lat' dir='ltr'><strong>omni</strong></span> <span class='ocrx_word' id='word_1_374' title='bbox 1489 4967 1582 5060; x_wconf 89' lang='lat' dir='ltr'><strong>plebi</strong></span> <span class='ocrx_word' id='word_1_375' title='bbox 1607 4967 1735 5038; x_wconf 91' lang='lat' dir='ltr'><strong>lsrahel</strong></span> <span class='ocrx_word' id='word_1_376' title='bbox 1763 4965 1843 5058; x_wconf 90' lang='lat' dir='ltr'><strong>quia</strong></span> 
     </span>
    </p>
   </div>
   <div class='ocr_carea' id='block_1_7' title="bbox 356 5082 1843 5284">
    <p class='ocr_par' dir='ltr' id='par_1_7' title="bbox 356 5082 1843 5284">
     <span class='ocr_line' id='line_1_39' title="bbox 356 5082 1843 5178; baseline 0.003 -28"><span class='ocrx_word' id='word_1_377' title='bbox 356 5083 555 5151; x_wconf 89' lang='lat' dir='ltr'><strong>innomine</strong></span> <span class='ocrx_word' id='word_1_378' title='bbox 582 5083 853 5167; x_wconf 89' lang='lat' dir='ltr'><strong>lesuNazareni,</strong></span> <span class='ocrx_word' id='word_1_379' title='bbox 882 5103 985 5174; x_wconf 90' lang='lat' dir='ltr'><strong>quem</strong></span> <span class='ocrx_word' id='word_1_380' title='bbox 1012 5103 1077 5154; x_wconf 92' lang='lat' dir='ltr'><strong>vos</strong></span> <span class='ocrx_word' id='word_1_381' title='bbox 1104 5082 1334 5169; x_wconf 86' lang='lat' dir='ltr'><strong>crucifixistis,</strong></span> <span class='ocrx_word' id='word_1_382' title='bbox 1371 5108 1475 5178; x_wconf 89' lang='lat' dir='ltr'><strong>quem</strong></span> <span class='ocrx_word' id='word_1_383' title='bbox 1503 5087 1591 5156; x_wconf 85' lang='lat' dir='ltr'><strong>deus</strong></span> <span class='ocrx_word' id='word_1_384' title='bbox 1619 5085 1794 5157; x_wconf 86' lang='lat' dir='ltr'><strong>suscitavit</strong></span> <span class='ocrx_word' id='word_1_385' title='bbox 1822 5105 1843 5154; x_wconf 89' lang='lat' dir='ltr'><strong>a</strong></span> 
     </span>
     <span class='ocr_line' id='line_1_40' title="bbox 916 5199 1279 5284; baseline 0.008 -17"><span class='ocrx_word' id='word_1_386' title='bbox 916 5199 963 5282; x_wconf 91' lang='lat' dir='ltr'><strong>lll,</strong></span> <span class='ocrx_word' id='word_1_387' title='bbox 994 5199 1039 5270; x_wconf 80' lang='lat' dir='ltr'><strong>ll</strong></span> <span class='ocrx_word' id='word_1_388' title='bbox 1071 5241 1116 5252; x_wconf 96' lang='lat'>-</span> <span class='ocrx_word' id='word_1_389' title='bbox 1145 5203 1192 5284; x_wconf 82' lang='lat' dir='ltr'><strong>lv,</strong></span> <span class='ocrx_word' id='word_1_390' title='bbox 1223 5205 1279 5271; x_wconf 89' lang='lat' dir='ltr'><strong>l0.</strong></span> 
     </span>
    </p>
   </div>
   <div class='ocr_carea' id='block_1_8' title="bbox 0 0 2133 6130">
    <p class='ocr_par' dir='ltr' id='par_1_8' title="bbox 0 0 2133 6130">
     <span class='ocr_line' id='line_1_41' title="bbox 0 0 2133 6130; baseline 0 0"><span class='ocrx_word' id='word_1_391' title='bbox 0 0 2133 6130; x_wconf 95' lang='lat' dir='ltr'><strong> </strong></span> 
     </span>
    </p>
   </div>
  </div>
 </body>
</html>
