4254 6130
840 407 947 470 unns
972 407 1124 500 lernou
1149 405 1426 471 arosmuosuu

1086 645 1193 716 XVIII.

474 851 581 926 'Post
613 853 701 924 haec
733 873 898 944 egressus
937 853 982 924 ah
1016 851 1159 922 Athenis
1192 855 1284 926 venit
1322 855 1518 938 Corintum,
1575 847 1662 924 ''et
1702 855 1880 928 inveniens

397 975 571 1072 quendam
598 973 760 1044 Iudaeum
786 972 926 1044 nomine
952 971 1120 1064 Aquilam,
1147 972 1326 1045 Ponticum
1353 993 1496 1066 genere,
1524 975 1580 1068 qui
1598 995 1708 1068 nuper
1736 987 1882 1048 venerat
2000 1017 2003 1023 ·

397 1101 441 1172 ah
467 1097 569 1180 ltalia,
596 1103 631 1164 et
656 1089 841 1164 Priscillam
867 1113 1014 1165 uxorem
1041 1093 1125 1178 eius,
1153 1115 1198 1164 eo
1225 1093 1321 1188 quod
1353 1096 1591 1189 praecepisset
1618 1095 1777 1168 Claudius
1803 1096 1879 1170 dis-

396 1219 524 1290 cedere
552 1235 675 1287 omnes
700 1213 849 1286 ludaeos
875 1233 896 1284 a
921 1213 1041 1298 lloma,
1069 1214 1216 1284 accessit
1242 1213 1288 1286 ad
1315 1234 1399 1298 cos,
1435 1205 1497 1286 ³ct
1522 1217 1603 1308 quia
1620 1216 1779 1288 eiusdem
1806 1217 1881 1289 erat

396 1339 494 1422 artis,
532 1335 697 1426 manebat
729 1333 822 1427 apud
853 1355 916 1404 eos
949 1342 985 1403 et
1016 1333 1241 1426 operabatur:
1278 1329 1374 1405 'erat
1409 1345 1524 1406 autem
1556 1355 1682 1406 scenae
1715 1337 1879 1408 factoriae

396 1451 503 1529 artis'
546 1449 660 1526 ⁵Cnm
686 1453 864 1524 venissent
889 1461 1004 1526 autem
1031 1475 1051 1523 a
1075 1453 1279 1526 Macedonia
1305 1453 1392 1524 Silas
1425 1465 1461 1526 et
1486 1455 1704 1541 Timotheus,
1730 1455 1879 1528 instabat

299 1577 305 1592 “
394 1580 504 1650 verbo
531 1577 671 1660 Paulus,
705 1573 892 1646 testificans
925 1573 1061 1644 ludaeis
1087 1595 1168 1646 esse
1194 1573 1364 1645 Christum
1403 1576 1525 1646 lesum.
1577 1565 1878 1648 ⁶Contradioenti-

395 1701 462 1771 hus
495 1707 609 1768 autern
644 1693 695 1766 eis
729 1704 765 1764 et
798 1693 1115 1796 hlasplqnantihus
1154 1695 1335 1766 excutiens
1370 1696 1574 1766 vestimenta
1613 1695 1702 1767 dixit
1734 1697 1780 1770 ad
1815 1717 1877 1770 eos

395 1812 542 1911 Sanguis
567 1825 685 1888 vester
711 1835 817 1907 super
843 1823 947 1907 caput
971 1823 1139 1884 vestrum:
1168 1813 1317 1886 mundus
1343 1835 1412 1907 ego
1439 1837 1483 1886 ex
1513 1815 1580 1885 hoc
1605 1814 1651 1886 ad
1676 1827 1800 1908 gentes
1812 1841 1876 1892 va-

395 1941 486 2012 dam.
538 1930 607 2006 qIlt
631 1936 783 2028 migrans
810 1935 891 2007 inde
916 1934 1053 2005 Intravit
1078 1935 1112 2005 in
1138 1935 1281 2008 domum
1311 1935 1488 2008 cuiusdam
1516 1927 1600 2004 'Titi
1625 1937 1765 2008 nomine
1788 1939 1876 2024 lusti,

394 2060 537 2133 colentis
564 2057 678 2140 deum,
706 2056 802 2127 cuius
827 2054 952 2127 domus
979 2051 1054 2126 erat
1086 2056 1268 2127 coniuncta
1294 2077 1506 2149 synagogae.
1556 2041 1730 2150 ⁸Crispus
1762 2069 1876 2131 autern

395 2181 692 2273 archisynagogus
719 2174 865 2248 credidit
891 2175 1032 2247 domiuo
1060 2197 1138 2246 cum
1165 2177 1258 2247 omni
1285 2175 1391 2248 domo
1409 2197 1481 2260 sua,
1509 2176 1663 2246 etmulti
1683 2178 1874 2252 CorInthio-

394 2323 470 2374 mm
497 2297 675 2371 audientes
704 2296 895 2368 credebant
920 2305 956 2367 ct
980 2295 1251 2390 baptizabantur.
1294 2287 1419 2367 ”llinit
1445 2306 1561 2370 nutem
1587 2295 1749 2370 dominus
1773 2309 1875 2371 nocte

394 2445 458 2518 per
490 2421 660 2492 visionem
686 2418 793 2488 Paulo
827 2416 904 2488 Noli
937 2416 1076 2503 timere,
1110 2417 1174 2490 scd
1200 2418 1345 2509 loquere
1371 2427 1406 2488 ct
1437 2438 1482 2490 ne
1509 2427 1642 2488 taceas:
1687 2411 1714 2454 ⁴⁰
1733 2431 1876 2514 propter

394 2543 490 2636 quod
523 2561 590 2631 ego
625 2559 701 2608 sum
734 2547 866 2622 tecum,
901 2546 937 2608 at
970 2557 1074 2608 nemo
1109 2536 1304 2630 adponetur
1336 2536 1397 2608 tihi
1428 2548 1466 2610 ut
1490 2545 1616 2608 noceat
1640 2547 1684 2622 te,
1712 2541 1874 2631 quoniam
1937 2542 1940 2550 '

393 2663 540 2757 populus
567 2667 622 2730 cst
646 2656 727 2728 mihi
753 2658 878 2728 multus
910 2656 944 2726 in
977 2657 1043 2728 hnc
1077 2656 1221 2728 mvitate.
1273 2649 1295 2692 ⁴¹
1317 2655 1413 2730 Sedit
1443 2667 1557 2728 autem
1591 2679 1717 2728 annum
1748 2668 1784 2730 et
1809 2681 1874 2731 sex

394 2801 534 2852 menses
560 2777 694 2850 docens
720 2777 754 2847 in
780 2777 830 2848 eis
855 2777 1001 2848 verbum
1028 2776 1094 2848 dei.
1146 2770 1172 2816 ¹²
1189 2775 1341 2848 Gallione
1367 2787 1483 2848 autem
1509 2777 1720 2870 proconsule
1743 2778 1874 2850 Achaei

394 2904 653 2974 insurrexerunt
678 2919 748 2968 uno
776 2897 891 2970 animo
916 2895 1033 2968 Iudaei
1059 2899 1093 2968 in
1120 2897 1261 2970 Paulum
1287 2907 1324 2968 et
1349 2897 1570 2970 adduxerunt
1594 2917 1673 2968 eum
1700 2896 1748 2968 ad
1764 2897 1873 2970 trihu-

394 3024 465 3106 nal,
509 3013 535 3060 ⁴³
551 3021 707 3092 dicentes
733 3019 813 3111 quia
840 3027 959 3090 contra
983 3017 1098 3109 legem
1123 3017 1179 3089 hio
1205 3017 1396 3112 persuadet
1412 3015 1607 3088 hominibus
1624 3017 1740 3088 colere
1758 3017 1871 3090 deum.

394 3131 621 3236 “Incipiente
657 3149 772 3210 antem
806 3139 913 3210 Paulo
939 3137 1075 3232 aperire
1110 3157 1152 3238 os
1178 3137 1265 3210 dixit
1290 3137 1398 3210 Galli0
1424 3137 1471 3209 ad
1496 3137 1644 3210 ludaeos
1671 3138 1706 3208 Si
1733 3138 1872 3232 quidem

394 3271 490 3334 esset
513 3261 665 3353 iniquum
692 3259 820 3352 aliquid
845 3268 903 3330 aut
927 3259 1058 3330 facinus
1084 3258 1283 3352 pessImum,
1310 3280 1334 3330 o
1359 3259 1421 3330 viri
1447 3257 1573 3344 ludaei,
1600 3267 1696 3330 recto
1720 3279 1786 3330 vos
1812 3281 1872 3332 su·-

395 3383 576 3464 stirrerem;
621 3372 648 3416 ⁴⁵
664 3379 693 3448 si
727 3401 813 3451 vero
846 3380 1069 3472 quaestiones
1102 3387 1180 3450 sunt
1213 3377 1260 3452 dc
1293 3379 1403 3450 verbo
1438 3389 1474 3450 et
1506 3379 1700 3452 nomunbus
1725 3389 1762 3450 et
1786 3381 1872 3472 legis

394 3511 541 3586 vestrae,
568 3521 634 3572 vos
660 3499 726 3592 ipsi
751 3500 922 3572 videritis:
956 3499 1064 3572 iudex
1098 3519 1167 3592 ego
1201 3498 1325 3570 horum
1357 3500 1439 3571 nolo
1466 3521 1556 3572 csso.
1608 3491 1687 3570 ¹⁶llt
1713 3499 1873 3572 aminavit

395 3643 458 3694 eos
491 3643 513 3692 a
546 3620 714 3692 tribunali.
771 3613 796 3658 ⁴⁷
813 3619 1126 3713 Adprehendentes
1165 3627 1280 3692 autem
1320 3639 1441 3691 omnes
1480 3621 1650 3693 Sostenen
1682 3619 1871 3713 principem

394 3761 598 3836 synagogae
624 3740 863 3833 percutiebant
888 3761 966 3812 eum
994 3751 1075 3812 ante
1099 3740 1256 3826 tribunal,
1284 3750 1319 3811 et
1344 3739 1423 3810 nihil
1450 3761 1571 3812 corum
1600 3739 1741 3812 Gallioni
1768 3761 1872 3812 curae

394 3871 478 3934 erat.
530 3853 557 3900 ⁴⁸
573 3861 697 3932 Paulus
723 3881 811 3933 vero
837 3883 914 3932 cum
942 3859 1056 3932 adhuc
1082 3861 1297 3936 siutinuisset
1329 3861 1407 3933 dies
1432 3862 1572 3946 multos,
1609 3860 1770 3932 fratribus
1793 3861 1871 3932 vale

394 3981 524 4052 iaciens
549 3981 722 4073 navigavit
754 3981 904 4075 Syriam,
933 3989 969 4051 et
1002 4003 1080 4052 cnm
1107 4002 1152 4052 eo
1178 3980 1328 4054 Priscilla
1354 3991 1390 4052 et
1414 3981 1552 4074 Aqrrila,
1580 3981 1640 4074 qui
1665 3980 1731 4052 sihi
1756 3990 1870 4052 toton-

395 4101 519 4174 derunt
548 4101 582 4172 in
615 4099 753 4172 Cencris
785 4111 901 4194 caput:
935 4099 1110 4172 habehant
1141 4103 1233 4172 enim
1267 4113 1399 4174 votum:
1443 4094 1470 4140 ¹⁹
1482 4101 1691 4194 devenitque
1722 4101 1869 4184 Illesum,

395 4231 431 4292 et
454 4221 531 4323 illos
563 4221 608 4292 ihi
635 4219 785 4314 rehquit3
817 4222 892 4315 ipse
918 4241 1004 4292 vero
1030 4222 1205 4314 Ingressus
1236 4241 1451 4316 synagogam
1484 4221 1671 4317 disputavit
1702 4242 1780 4294 oum
1814 4221 1870 4293 Iu-

394 4341 503 4414 daeis.
554 4331 582 4378 ¹⁰
597 4341 811 4433 lingentibus
837 4350 951 4414 autem
978 4341 1029 4413 eis
1054 4350 1093 4413 ut
1117 4342 1273 4436 ampliori
1307 4353 1467 4436 tempore
1492 4351 1662 4428 maneret,
1688 4361 1759 4414 non
1785 4361 1869 4413 con-

386 4461 511 4546 sensit,
554 4453 581 4498 ²¹
601 4461 665 4532 sed
690 4462 924 4533 valefaciens
950 4472 986 4532 et
1011 4463 1132 4535 dicens
1156 4461 1281 4533 lterum
1308 4473 1463 4534 revertar
1488 4463 1616 4535 advos
1635 4461 1869 4548 dcovolonte,

395 4583 569 4674 protectus
595 4592 649 4652 est
674 4583 719 4654 ab
745 4581 866 4666 Ilisso,
921 4573 948 4622 ²²
965 4591 1001 4652 et
1025 4581 1243 4654 descendens
1270 4583 1476 4656 Caesaream
1502 4582 1659 4656 ascendit
1682 4592 1718 4654 et
1740 4583 1869 4656 suna-

394 4703 444 4774 vit
469 4701 662 4786 coelerum,
690 4711 724 4772 et
750 4701 931 4774 descendit
954 4701 1186 4787 Anthonium,
1229 4694 1256 4740 ¹³
1273 4713 1308 4774 et
1332 4705 1424 4776 fano
1449 4703 1496 4776 ini
1522 4704 1694 4797 aliquanto
1711 4712 1869 4796 tempore

394 4825 571 4916 prolectas
604 4831 671 4907 est,
702 4821 947 4916 perambulans
979 4843 1026 4894 ex
1058 4819 1180 4894 ordine
1215 4823 1403 4896 Galaticum
1436 4825 1611 4916 regionem
1638 4833 1673 4894 et
1697 4823 1867 4918 Frygiam,

396 4943 603 5015 confirmans
640 4964 762 5014 omnes
795 4942 994 5036 discipulos.
1045 4932 1072 4980 ²*
1088 4941 1236 5014 Iudaeus
1262 4955 1376 5016 autem
1404 4944 1543 5037 quidam
1569 4945 1693 5038 Apollo
1719 4944 1867 5026 nomine,

395 5063 647 5134 Alexandrinus
673 5063 819 5148 natione,
845 5064 898 5133 vir
924 5064 1100 5154 eloquens,
1127 5063 1268 5138 devenit
1292 5065 1442 5150 Blesum,
1469 5075 1594 5159 potens
1620 5065 1655 5136 in
1681 5063 1866 5159 scripturis.
1920 5069 1924 5078 '

393 5175 420 5220 ⁹⁵
433 5185 493 5254 llic
520 5193 593 5253 erat
620 5183 764 5255 edoctus
790 5185 880 5256 viam
908 5183 1046 5268 domiai,
1072 5193 1108 5254 et
1133 5187 1270 5258 fervens
1296 5185 1414 5279 spiritu
1432 5186 1637 5277 loquebatur
1664 5197 1699 5256 et
1715 5185 1867 5256 docebat

505 5305 507 5312 “
967 5303 1075 5388 XVIII,
1105 5308 1118 5373 l
1157 5343 1200 5355 -
1231 5309 1289 5381 25.
