4102 6128
365 413 411 488 22
749 415 988 480 uvANuuttutt
1013 415 1213 478 SECUNDUM
1239 405 1442 478 uturuut‘tu

364 622 566 718 prophetae.
618 610 731 666 ‘m’
749 621 873 718 intrate
900 639 962 712 per
988 629 1168 710 angustam
1193 629 1347 712 portam:
1375 619 1454 711 quia
1481 620 1549 691 iata
1575 630 1675 714 porta
1699 631 1734 692 et
1752 643 1835 716 spa-

366 745 453 816 tiosa
477 743 534 812 via
560 759 650 832 quae
677 740 769 812 ducit
794 739 840 810 ad
868 737 1105 833 perditionem,
1133 739 1287 811 etmulti
1314 751 1392 810 sunt
1417 740 1475 832 qui
1507 741 1631 812 intrant
1657 763 1720 836 per
1746 763 1834 815 eam.

364 858 390 905 ¹⁴
408 866 518 950 Quam
545 869 689 953 angtmta
716 872 816 954 porta
849 871 885 930 et
910 870 983 931 arta
1009 861 1065 932 via
1097 881 1186 952 quae
1212 859 1306 932 ducit
1330 859 1378 933 ad
1401 857 1522 945 sitam,
1559 872 1594 932 et
1627 863 1726 956 pauci
1758 876 1835 934 sunt

365 987 423 1080 qui
447 983 619 1054 inveniunt
645 1001 755 1064 earu.¹
783 971 810 1016 ⁴⁵
824 971 910 1026 Μ)
928 979 1099 1052 Attendite
1134 1003 1155 1052 a
1181 981 1274 1052 falsis
1300 981 1493 1074 prophetis,
1529 982 1586 1075 qni
1618 983 1757 1053 veniunt
1789 983 1835 1054 ad

364 1128 430 1178 uos
448 1101 709 1174 investimentis
735 1099 859 1184 ovium,
886 1100 1088 1173 intrinsecus
1103 1111 1231 1190 autem
1246 1112 1336 1190 ‘suut
1362 1102 1432 1196 lupi
1449 1123 1611 1196 rapaces:
1637 1095 1665 1140 ¹⁶
1681 1123 1702 1172 a
1718 1103 1834 1174 tructi-

365 1229 430 1298 hus
456 1244 575 1295 eorum
602 1219 819 1312 cognoscetis
846 1241 917 1291 eos.
962 1211 1039 1266 ‘⁵⁷²³’
1052 1221 1224 1314 Numquid
1250 1221 1411 1314 coliigunt
1437 1221 1482 1292 de
1509 1222 1615 1315 spinis
1639 1245 1743 1308 uvas,
1778 1233 1835 1296 aut

366 1348 411 1418 de
438 1341 567 1416 tribulis
593 1338 703 1410 fious‘i
742 1331 768 1376 ⁴⁷
782 1331 857 1386 (Μ’
874 1340 930 1411 Sic
956 1341 1068 1412 omnis
1095 1343 1200 1435 arbor
1224 1343 1318 1413 bona
1344 1343 1473 1412 fructus
1498 1341 1612 1414 bonos
1629 1342 1717 1424 iacit
1745 1343 1833 1414 maia

366 1474 480 1538 autem
506 1461 611 1534 arbor
636 1462 763 1530 fructus
789 1460 900 1532 maios
925 1462 1014 1532 facit.
1066 1453 1182 1532 18Νοη
1206 1472 1322 1556 potest
1348 1462 1454 1533 arbor
1478 1462 1572 1534 bona
1606 1464 1733 1534 inlotus
1758 1445 1840 1533 ma··'

365 1586 418 1657 los
442 1585 567 1666 iacere,
593 1602 708 1673 neque
734 1579 841 1651 arbor
865 1581 956 1652 maia
982 1583 1109 1654 tructus
1134 1583 1249 1654 bonos
1266 1583 1391 1656 facere,
1443 1573 1469 1618 ⁴⁹
1483 1583 1601 1654 Omnis
1619 1583 1724 1654 arbor
1742 1603 1834 1674 quae

364 1727 434 1776 non
459 1702 537 1774 iacit
562 1702 705 1772 fructum
732 1702 861 1772 bonurn
880 1701 1048 1773 exciditur
1066 1712 1101 1772 et
1117 1703 1152 1772 in
1169 1703 1284 1794 ignem
1302 1701 1449 1773 mittitur.
1493 1695 1519 1740 ¹⁰
1531 1704 1635 1796 Igitur
1651 1725 1698 1773 ex
1719 1703 1833 1772 fructi-

364 1827 430 1896 bus
456 1844 577 1894 eorum
610 1822 829 1914 cognoscetis
863 1843 935 1892 eos.
988 1813 1013 1858 ²¹
1029 1814 1196 1894 ‘⁵⁹·³·'Non
1229 1823 1341 1894 omnis
1373 1822 1430 1916 qui
1463 1822 1544 1893 dicit
1577 1823 1657 1894 mihi
1689 1823 1834 1894 Domine

366 1945 518 2027 domine,
546 1941 682 2012 intrabit
716 1943 750 2012 in
784 1962 928 2032 reguum
963 1944 1154 2027 caelorum
1191 1945 1256 2016 sed
1290 1944 1345 2036 qui
1380 1943 1460 2014 iacit
1492 1943 1701 2015 voiuntatem
1728 1943 1835 2036 patris

366 2066 433 2136 mei
460 2062 576 2156 quiin
603 2060 706 2132 caelis
732 2070 794 2144 est,
821 2061 896 2154 ipse
922 2062 1060 2133 intrabit
1086 2063 1119 2132 in
1145 2085 1289 2155 regnum
1316 2065 1500 2135 caetorum.
1543 2053 1657 2110 ”imi
1674 2063 1767 2136 Multi
1779 2063 1833 2134 di-

366 2195 445 2256 ceut
470 2182 550 2253 mibi
576 2181 690 2251 inilia
717 2180 773 2252 die
798 2183 942 2252 Domine
975 2182 1130 2267 domine,
1164 2205 1277 2254 noune
1304 2185 1337 2254 in
1363 2185 1500 2255 nomine
1527 2193 1585 2255 tuo
1610 2183 1834 2278 prophetavi-

323 2341 326 2352 ·
366 2327 460 2389 mus,
492 2317 528 2374 et
559 2303 593 2371 in
618 2301 756 2372 nomine
790 2311 848 2372 tuo
882 2301 1066 2374 daemonia
1094 2299 1292 2390 ’eiecimus
1323 2319 1359 2374 et
1384 2305 1417 2374 in
1443 2305 1581 2376 nomine
1608 2314 1667 2374 tuo
1691 2303 1834 2374 virtutes

366 2427 488 2496 multas
513 2421 680 2493 iecimusi
731 2413 758 2458 ²³
774 2423 816 2492 Et
841 2433 923 2493 tunc
947 2423 1139 2508 confitebor
1164 2424 1228 2495 iilis
1254 2425 1332 2516 quia
1350 2445 1536 2518 numquam
1554 2425 1635 2494 novi
1652 2444 1733 2495 vos:
1761 2423 1833 2496 dis-

367 2545 480 2618 cedite
512 2565 532 2614 a
563 2563 636 2626 me,
672 2541 728 2634 qui
765 2541 954 2636 operamini
987 2543 1206 2638 iniquitatem.
1265 2533 1379 2590 '‘W‘'
1394 2545 1512 2616 Omnis
1545 2565 1630 2636 ergo
1658 2545 1714 2637 qui
1741 2543 1834 2614 audit

366 2666 475 2738 verba
501 2683 580 2734 mea
605 2661 693 2733 haec
725 2671 760 2732 et
790 2662 870 2734 iacit
906 2685 949 2735 ea
977 2665 1215 2736 assimilabitur
1247 2664 1323 2736 viro
1356 2665 1516 2759 sapienti,
1552 2665 1608 2757 qui
1642 2664 1835 2736 aedificarit
1876 2714 1880 2720 -

367 2785 508 2860 domum
535 2805 633 2854 suam
659 2802 763 2873 supra
789 2791 936 2874 petram:
978 2775 1052 2855 ”et
1084 2784 1264 2856 descendit
1295 2785 1408 2878 pluvia
1441 2795 1476 2856 et
1506 2795 1672 2856 venerunt
1697 2785 1833 2856 flumina

368 2915 403 2978 et
427 2905 594 2977 flaverunt
618 2901 711 2974 venti
736 2911 770 2972 et
796 2901 969 2974 inruerunt
994 2905 1027 2974 in
1053 2905 1195 2978 domum
1229 2905 1338 2988 illam,
1366 2917 1402 2975 et
1426 2927 1496 2978 non
1529 2906 1669 2990 cecidit;
1695 2905 1833 2977 fundata

173 3022 176 3038 '
254 3089 261 3096 .
367 3026 458 3096 enim
485 3033 559 3094 erat
584 3043 688 3116 supra
713 3031 856 3114 petram.
907 3015 933 3059 ²⁸
950 3024 992 3094 Et
1019 3027 1141 3096 omnis·
1155 3025 1212 3118 qui
1240 3023 1334 3096 audit
1359 3027 1468 3097 verba
1496 3049 1573 3098 mea
1599 3027 1688 3097 haec
1713 3037 1748 3097 et
1765 3049 1832 3098 non

366 3149 447 3218 iacit
472 3141 515 3216 ea
542 3143 658 3214 similis
684 3141 747 3212 erit
772 3142 846 3214 viro
873 3146 984 3228 stultu,
1012 3145 1069 3236 qui
1095 3145 1289 3218 aedificavit
1306 3145 1447 3216 domum
1475 3169 1572 3218 suam
1599 3167 1704 3239 supra
1731 3147 1832 3217 bare-

366 3289 460 3364 nam':
503 3255 529 3300 ’Ἰ
543 3273 578 3334 et
610 3261 790 3334 descendit
814 3264 927 3356 pluvia
954 3274 989 3334 et
1014 3276 1181 3338 venerunt
1206 3266 1343 3336 ssumina
1369 3276 1404 3336 et
1430 3265 1596 3338 flaverunt
1621 3267 1712 3336 venti
1731 3277 1765 3337 et
1782 3266 1832 3335 in-

366 3393 506 3456 ruerunt
530 3383 564 3453 in
589 3384 731 3456 dommn
757 3382 856 3466 iilam,
884 3395 918 3454 et
945 3385 1085 3470 cecidit;
1112 3396 1147 3457 et
1176 3387 1236 3456 tuit
1260 3386 1356 3456 ruina
1381 3385 1455 3457 eius
1476 3408 1611 3480 magus.
1660 3375 1776 3484 Μ’)
1793 3385 1833 3454 Et

366 3508 491 3578 sactum
524 3514 578 3574 est
610 3525 688 3574 cum
721 3516 997 3576 cousummasset
1027 3505 1122 3576 lesus
1155 3506 1263 3578 verba
1290 3507 1392 3592 haec,
1421 3506 1687 3578 ammirabantur
1712 3505 1833 3575 turbae

367 3649 472 3721 super
498 3623 687 3694 doctrinam
714 3623 802 3694 eius:
853 3616 1081 3696 ”eratenim
1109 3625 1241 3698 doeens
1268 3649 1331 3698 eos
1357 3627 1443 3697 sicut
1466 3637 1674 3720 potestatem
1694 3623 1831 3708 babens,

367 3769 436 3818 uon
463 3745 549 3816 sicut
574 3743 709 3814 scribae
734 3763 855 3814 eorum
881 3756 916 3814 ct
944 3745 1126 3817 Pharisaei.

1065 4023 1141 4092 vui.
1199 4111 1205 4122 ,

442 4217 545 4272 ΗΜ)
564 4225 647 4296 Cum
678 4233 792 4296 autem
819 4226 1057 4299 descendisset
1082 4229 1129 4300 de
1154 4239 1285 4312 monte,
1322 4240 1462 4302 secutae
1498 4239 1576 4300 sunt
1608 4251 1685 4298 eum
1712 4229 1834 4299 turbae

367 4349 503 4420 multae.
554 4339 626 4416 ’Et
651 4367 735 4416 ecce
761 4347 919 4440 leprosus
944 4349 1088 4420 veniens
1106 4349 1276 4422 adorabat
1302 4371 1379 4420 eum
1405 4351 1524 4420 dicens
1542 4351 1698 4433 Domine,
1724 4349 1754 4419 si
1770 4349 1834 4432 vis,

368 4479 469 4562 potes
495 4487 552 4536 me
579 4466 755 4539 mundare.
797 4459 866 4538 8iit
891 4469 1084 4540 extendens
1101 4492 1239 4542 manum
1258 4469 1365 4562 tetigit
1391 4491 1470 4540 eum
1488 4471 1583 4540 iesus
1601 4469 1720 4540 dicens
1737 4469 1833 4550 Voio,

368 4588 544 4660 mundare.
587 4587 629 4656 Et
654 4588 832 4658 confestim
858 4589 1021 4660 mundata
1052 4601 1105 4662 est
1135 4591 1231 4684 lepra
1263 4590 1347 4660 eius.
1396 4579 1464 4660 *Et
1490 4591 1536 4661 ait
1560 4590 1603 4660 ilii
1629 4591 1723 4660 iesus
1748 4588 1834 4658 Vide

367 4708 491 4780 nemini
522 4706 668 4793 dixeris,
700 4707 765 4780 sed
797 4708 888 4780 vade
928 4709 1075 4782 ostende
1108 4721 1143 4782 te
1175 4709 1356 4794 sacerdoti,
1396 4719 1432 4779 et
1465 4711 1551 4781 offer
1583 4732 1707 4780 munus
1739 4706 1834 4802 quod

346 4829 545 4922 praecepit
569 4828 701 4914 Moses,
735 4829 769 4900 iu
801 4829 1029 4901 testimouium
1056 4829 1127 4901 illis.
1178 4819 1288 4874 ΝΜ)
1302 4828 1385 4900 Cum
1420 4840 1535 4902 autem
1568 4831 1741 4901 introisset
1767 4829 1834 4899 Ca-

369 4947 573 5040 phamaum,
608 4948 754 5021 accessit
784 4949 829 5022 ad
862 4971 941 5020 eum
976 4950 1129 5022 centurio
1161 4969 1289 5040 rogans
1320 4969 1400 5019 eum
1442 4941 1508 5021 ⁶et
1533 4951 1653 5023 dicens
1678 4949 1833 5032 Domine,

368 5089 454 5160 puer
479 5089 577 5140 meus
602 5071 691 5142 iacet
717 5070 750 5140 in
776 5070 882 5142 domo
909 5069 1127 5162 paralyticus.
1141 5077 1177 5138 et
1201 5068 1291 5140 maie
1315 5078 1501 5161 torquetur.
1552 5063 1635 5142 7Ait
1670 5070 1714 5141 itti
1738 5069 1834 5140 Iesus

367 5187 442 5279 ugo
467 5189 602 5261 veniam
629 5201 664 5262 et
690 5189 819 5260 curabo
847 5211 935 5260 eum.
987 5181 1059 5260 ⁸Et
1083 5187 1300 5280 respondens
1326 5191 1478 5260 centurio
1505 5190 1552 5260 ait
1576 5191 1737 5274 Domine,
1764 5209 1832 5260 non

887 5311 951 5393 vlt,
982 5313 1026 5380 ts
1081 5351 1132 5360 -
1183 5309 1258 5392 vut,
1286 5313 1318 5379 8.
