4102 6128
472 1414 598 1516 Plures
625 1441 731 1512 luisse
758 1440 815 1532 qui
842 1439 1022 1531 evangelia
1049 1439 1270 1532 scripserunt,
1301 1449 1335 1509 et
1361 1440 1471 1508 Lucas
1498 1439 1709 1532 evangelista
1738 1449 1844 1512 testu·

367 1573 420 1634 tur
446 1563 566 1634 dicens
607 1561 777 1647 Quoniam
805 1559 945 1652 quidem
973 1558 1065 1628 multi
1093 1560 1206 1630 conati
1234 1567 1310 1630 sunt
1338 1558 1500 1630 ordinare
1528 1561 1760 1632 narrationem
1788 1581 1843 1630 re-

367 1705 441 1754 rum
469 1704 561 1776 quae
588 1683 621 1752 in
646 1681 748 1752 nobis
774 1681 970 1774 completae
1000 1691 1078 1750 sunt
1104 1679 1190 1750 sicut
1219 1657 1433 1750 tradiderunt
1459 1677 1558 1750 nohis
1590 1681 1648 1774 qui
1681 1681 1726 1754 uh
1752 1681 1844 1752 initio

366 1804 431 1898 ipsi
456 1803 616 1876 viderunt
642 1821 839 1873 sermonem
873 1812 908 1871 et
934 1800 1210 1870 ministraverunt
1243 1799 1283 1880 ei,
1311 1809 1346 1868 et
1379 1801 1636 1892 perseverantia
1663 1821 1774 1895 usque
1800 1801 1844 1872 ad

367 1946 535 2018 praesens
561 1933 698 2016 tempus
726 1931 947 1992 monumenta
974 1921 1162 2006 declarant,
1190 1941 1281 2012 quae
1308 1941 1328 1990 a
1355 1919 1502 1991 diversis
1529 1921 1727 1992 auctoribus
1754 1920 1844 1992 edita

367 2045 582 2116 diversarum
624 2041 793 2113 heresium
837 2041 933 2110 luere
963 2041 1145 2134 principia:
1186 2051 1223 2111 ut
1255 2049 1309 2110 est
1346 2039 1426 2110 illud
1459 2040 1553 2113 iuxta
1587 2041 1780 2136 Aegyptios
1812 2052 1846 2112 et

369 2163 523 2235 Theman
549 2174 584 2234 et
610 2163 772 2234 hlatthiun
798 2169 834 2231 et
859 2159 1178 2244 bartholomaeum,
1207 2161 1391 2232 duodecim
1420 2163 1668 2254 apostolorum,
1697 2173 1732 2233 et
1760 2159 1844 2233 'Ba-

369 2284 475 2356 silidis
510 2293 614 2377 atque
650 2282 795 2377 Apellis,
832 2303 872 2352 ac
906 2279 1115 2372 reliquorum
1152 2303 1241 2373 quos
1274 2292 1478 2352 enumerare
1511 2281 1747 2375 longissimum
1782 2293 1844 2366 est,

369 2427 474 2498 quum
509 2403 576 2474 hoc
612 2413 741 2475 tantum
776 2402 809 2472 in
836 2402 1109 2495 praesentiarum
1135 2421 1282 2473 necesse
1315 2409 1369 2470 est
1395 2399 1529 2487 dicere,
1556 2403 1711 2475 extitisse
1738 2425 1844 2496 quos-

288 2606 290 2614 ,
369 2527 450 2597 dam
477 2524 634 2618 quisine
667 2523 786 2617 spiritu
820 2531 855 2593 et
887 2521 997 2613 gratia
1033 2522 1148 2593 conati
1180 2531 1259 2592 sunt
1293 2521 1404 2614 magis
1430 2521 1590 2594 ordinare
1615 2523 1843 2598 narrationem

369 2668 472 2738 quam
499 2629 663 2714 historiae
697 2654 817 2714 texere
849 2643 1039 2714 veritatem.
1094 2643 1224 2728 Quibus
1256 2642 1330 2712 iure
1356 2651 1473 2734 potest
1502 2641 1583 2715 illud
1610 2643 1844 2738 propheticum

368 2763 524 2860 coaptari
550 2766 622 2836 Vae
649 2753 714 2856 qui
740 2761 946 2856 prophetant
977 2762 1022 2833 de
1050 2763 1158 2834 corde
1185 2784 1265 2847 suo,
1301 2761 1359 2855 qui
1386 2762 1562 2835 ambulant
1588 2774 1666 2858 post
1691 2763 1844 2858 spiritum

368 2911 484 2972 suum,
512 2883 713 2982 quidiount
738 2881 826 2952 Dicit
851 2881 1027 2968 dominae,
1056 2892 1092 2952 et
1117 2882 1277 2954 dominus
1303 2904 1373 2953 non
1401 2883 1491 2954 misit
1517 2905 1589 2954 eos.
1642 2885 1694 2954 De
1721 2885 1845 2978 quibus
1977 2920 1981 2932 ·

369 3018 404 3078 et
430 3007 583 3080 salvator
616 3003 649 3074 in
676 3000 857 3093 evangelio
881 2975 1042 3073 lobannis
1077 3003 1224 3096 loquitur
1251 3003 1381 3074 Omnes
1408 3003 1572 3096 quiante
1598 3025 1654 3075 me
1681 3015 1846 3076 venerunt

369 3131 461 3202 iures
486 3129 622 3198 luerunt
647 3133 682 3195 et
707 3123 866 3194 latrones.
921 3122 985 3207 Qui
1012 3133 1187 3207 venerunt,
1214 3143 1284 3194 non
1311 3122 1369 3216 qui
1395 3123 1490 3196 missi
1515 3133 1602 3197 sunt.
1651 3125 1729 3219 lpse
1755 3125 1844 3196 enim

369 3247 647 3328 adveniebant,
675 3251 710 3314 et
735 3263 803 3335 ego
831 3263 899 3314 non
926 3243 1103 3316 mittebam
1131 3265 1200 3314 eos.
1254 3244 1289 3314 ln
1316 3243 1532 3315 venientibus
1554 3245 1765 3340 praesumtio
1792 3255 1845 3316 te-

369 3339 605 3456 meritatissip
632 3362 745 3434 missis
772 3362 975 3455 obsequium
1002 3364 1156 3435 veritatis
1183 3374 1245 3434 est.
1299 3363 1453 3435 Ecclesia
1480 3377 1596 3436 autem
1623 3387 1713 3458 quae
1740 3387 1845 3460 super

371 3499 504 3586 petram
531 3483 661 3558 domini
679 3503 769 3554 voce
795 3483 935 3555 lundata
954 3495 1016 3569 est,
1044 3506 1147 3576 mam
1167 3483 1355 3555 introduxit
1381 3506 1444 3555 rex
1469 3485 1502 3554 iu
1529 3479 1723 3558 cubiculum
1747 3509 1845 3558 suum

370 3609 478 3681 etad
505 3629 608 3700 quam
636 3625 699 3699 per
726 3605 883 3674 toramen
910 3603 1147 3675 descensionis
1175 3604 1307 3675 occulte
1334 3604 1423 3674 misit
1451 3627 1588 3677 manum
1616 3628 1724 3692 suam,
1752 3607 1845 3679 sirni-

370 3729 410 3800 lis
443 3727 641 3799 dammulae
678 3723 891 3794 hinnulorum
928 3743 1127 3808 cervorum,
1170 3734 1331 3816 quattuor
1372 3724 1510 3796 llumina
1550 3727 1702 3820 paradisi
1742 3726 1848 3796 instar

371 3859 539 3932 enrctans,
567 3855 727 3939 quattuor
754 3852 789 3914 et
807 3844 952 3934 ungulos
979 3853 1014 3914 et
1028 3844 1149 3916 anulos
1176 3843 1289 3928 habet,
1319 3865 1381 3937 per
1408 3867 1496 3938 quos
1524 3847 1621 3939 quasi
1640 3869 1704 3940 per
1731 3867 1845 3917 arcam

370 3968 565 4040 testamenti
591 3973 625 4037 et
652 3973 769 4036 custos
787 3962 873 4055 legis
891 3962 1021 4035 domini
1039 3963 1137 4054 lignis
1155 3965 1339 4038 mobilibus
1357 3966 1500 4036 vehitur.
1541 3965 1674 4037 Primus
1697 3966 1846 4038 omniurn

370 4088 526 4160 ltlatheus
560 4095 614 4156 est
648 4082 850 4179 publicanus
888 4093 1120 4176 cognomento
1157 4083 1248 4168 Levi,
1289 4085 1346 4177 qui
1393 4085 1608 4177 evangelium
1647 4087 1680 4157 in
1718 4087 1844 4160 iudaea

371 4209 501 4280 hebreo
537 4226 699 4278 sermone
732 4201 855 4288 edidit,
893 4203 939 4274 oh
974 4225 1094 4275 eorum
1128 4205 1182 4274 vel
1216 4205 1368 4276 maxime
1401 4227 1543 4277 causam
1578 4205 1635 4298 qui
1668 4207 1701 4276 iu
1734 4207 1845 4277 lesum

370 4327 591 4400 crediderant
617 4346 663 4396 ex
689 4323 824 4396 ludaeis
851 4333 886 4394 et
910 4323 1119 4416 nequiquam
1146 4325 1233 4418 legis
1272 4326 1394 4398 umbra
1436 4325 1645 4398 succedente
1681 4325 1849 4418 evangelii

370 4450 551 4521 veritatem
581 4445 776 4518 servabant.
829 4444 1010 4517 Secundus
1027 4445 1163 4520 Marcus
1183 4446 1353 4540 interpres
1372 4445 1520 4540 apostoli
1538 4445 1628 4516 Petri
1646 4455 1681 4517 et
1694 4445 1847 4518 Alexan-

315 4577 318 4588 '
370 4571 491 4642 drinae
518 4567 690 4640 eeclesiae
717 4565 847 4659 primus
873 4566 1068 4660 episcopus,
1097 4567 1154 4660 qui
1181 4565 1358 4638 dominum
1386 4565 1527 4658 quidem
1546 4567 1754 4639 salvatorem
1772 4567 1848 4660 ipse

370 4713 440 4762 non
472 4689 572 4772 vidit,
607 4687 671 4759 sed
705 4708 748 4759 ea
781 4707 871 4780 quae
905 4687 1106 4778 magistrum
1139 4686 1295 4758 audierat
1328 4687 1587 4778 praedicantem
1621 4687 1716 4760 iuxta
1743 4684 1847 4756 fidem

371 4809 482 4902 magis
509 4819 685 4902 gestorum
713 4807 863 4880 narravit
880 4829 982 4900 quarn
1009 4807 1175 4878 ordinem.
1230 4805 1363 4876 Tertius
1390 4807 1500 4879 Lucas
1519 4807 1684 4891 medicus,
1712 4805 1850 4877 natione

372 4933 479 5026 Syrus
506 4929 755 5014 Antiochensis,
783 4928 878 4999 cuius
905 4927 978 4998 laus
1005 4927 1037 4996 in
1065 4925 1262 5017 evangelie,
1291 4925 1348 5017 qui
1376 4937 1410 4998 et
1443 4928 1518 5020 ipse
1545 4927 1732 5022 discipulus
1759 4947 1848 5020 upo-
1914 4943 1918 4958 ’

372 5051 449 5124 stoli
476 5050 568 5122 Pauli
595 5049 628 5119 in
654 5049 806 5121 Achaiae
832 5043 1091 5138 'Boeotiaeque
1118 5045 1271 5138 partibus
1298 5046 1460 5119 volumen
1483 5047 1645 5133 condidit,
1673 5045 1848 5140 quaedam

372 5171 470 5242 altius
500 5179 661 5263 repetens
688 5180 737 5256 et,
772 5179 809 5240 ut
839 5170 915 5262 ipse
946 5167 980 5238 in
1011 5165 1192 5260 prohemio
1225 5165 1420 5253 confitetur,
1454 5167 1570 5240 audita
1607 5167 1717 5260 magis
1744 5188 1849 5260 quam

374 5293 447 5362 visa
475 5289 686 5360 describens.
741 5289 881 5359 Ultimus
908 5287 1077 5358 lohannes
1104 5287 1282 5380 apostolus
1310 5296 1343 5354 et
1371 5287 1597 5378 evangelista,
1625 5310 1728 5382 quem
1755 5289 1852 5358 lesus
