4254 6130
350 453 424 524 220
795 450 902 514 LIBER
929 449 1080 512 ACTUUll
1107 447 1386 513 Arosronoutnl

348 651 376 696 ²³
393 657 454 728 nisi
483 655 578 749 quod
613 655 750 748 spiritus
777 663 915 726 sanctus
941 675 1004 746 per
1039 675 1161 726 omnes
1188 654 1343 726 civitates
1369 665 1581 748 protestatur
1607 659 1687 730 mibi
1715 657 1835 728 diceus

350 777 513 870 quoniam
541 774 673 847 vincula
699 783 735 844 et
761 772 996 846 tribulationes
1025 770 1100 845 'me
1126 785 1265 846 manent
1294 767 1344 844 'in
1362 775 1621 873 Hierosolymis.
1647 767 1675 816 '⁶
1693 775 1764 849 Sed
1781 778 1835 847 ni-

351 897 397 968 hil
423 897 546 968 borum
573 915 707 978 vereor,
734 915 800 964 neo
826 895 916 965 facio
934 895 1084 967 animam
1110 917 1225 966 meam
1254 895 1495 990 pretiosiorem
1515 921 1618 992 quam
1638 921 1706 980 me,
1734 897 1836 968 dum-

352 1017 459 1089 modo
487 1035 723 1086 consummem
751 1035 888 1084 cursum
917 1037 1031 1086 meum
1059 1026 1095 1086 at
1121 1015 1345 1088 ministerium
1373 1017 1468 1108 quod
1501 1019 1620 1113 accepi
1648 1041 1668 1090 a
1695 1017 1836 1090 domino

352 1140 444 1222 lesu,
480 1134 651 1208 testificari
684 1134 899 1226 evangelium
934 1135 1064 1229 galiae
1097 1135 1164 1206 dei.
1216 1125 1297 1206 ²5lit
1329 1155 1421 1206 nunc
1447 1155 1532 1210 occe
1559 1162 1629 1232 ego
1656 1139 1729 1211 scio
1757 1137 1837 1229 quia

353 1257 499 1352 amplius
524 1277 594 1326 non
619 1253 780 1326 videbitis
812 1255 935 1326 faciem
962 1277 1076 1326 meam
1109 1277 1175 1326 vos
1202 1277 1326 1326 omnes
1361 1277 1424 1348 per
1449 1278 1538 1348 quos
1565 1259 1705 1330 transivi
1731 1279 1836 1352 prae-

355 1379 475 1451 dicans
502 1397 647 1469 regnum
676 1374 743 1445 dei.
795 1367 822 1412 ²⁶
840 1375 1060 1468 Quapropter
1086 1381 1265 1446 contestor
1289 1396 1356 1444 vos
1374 1373 1544 1448 hodierna
1562 1377 1619 1449 die
1639 1381 1717 1472 quia
1737 1401 1836 1448 mun·
1895 1413 1901 1422 ·

353 1498 520 1570 dossum
549 1517 570 1567 a
596 1495 762 1588 sanguine
788 1496 955 1566 omnium:
1005 1485 1032 1530 ¹⁷
1048 1515 1118 1566 non
1145 1494 1236 1564 enim
1272 1495 1461 1588 subterfugi
1493 1501 1677 1590 quominus
1701 1499 1836 1571 adnun-

353 1620 474 1690 tiarem
501 1638 604 1688 omne
631 1616 809 1687 consilium
837 1615 893 1686 dei
921 1614 1031 1686 vobis.
1082 1605 1307 1685 ²8lldtendite
1340 1614 1441 1686 vobis
1475 1627 1511 1687 et
1537 1617 1701 1690 universo
1728 1616 1835 1709 gregi,

352 1741 386 1811 in
413 1761 483 1832 quo
510 1759 576 1808 vos
604 1737 744 1830 spiritus
770 1746 910 1808 sanctus
936 1735 1053 1829 posuit
1079 1735 1267 1828 episcopos
1295 1755 1419 1827 regere
1437 1738 1619 1809 ecclesiam
1638 1738 1704 1822 dei,
1732 1757 1836 1830 quam

353 1859 538 1953 adquisivit
564 1857 730 1950 sanguine
756 1879 830 1928 suo.
882 1847 910 1892 ¹⁹
925 1855 1000 1948 Ego
1037 1855 1109 1926 scio
1143 1855 1304 1948 quoniam
1336 1855 1511 1928 intrabunt
1542 1867 1621 1950 post
1649 1857 1836 1930 discessio-

352 2003 433 2052 nem
461 1999 574 2050 meam
600 1978 670 2071 lupi
696 1999 823 2070 graves
850 1975 884 2046 in
908 1997 984 2061 vos,
1011 1996 1081 2044 non
1107 1985 1291 2067 parcentes
1317 1975 1431 2068 gregi,
1483 1968 1557 2049 ³⁰et
1584 2000 1629 2049 ex
1654 1979 1757 2049 vobis
1782 1978 1836 2072 ip-

353 2103 402 2176 sis
436 2109 626 2192 exsurgent
660 2099 722 2170 viri
754 2097 937 2190 loquentes
969 2115 1150 2188 perversa,
1186 2106 1223 2166 ut
1257 2095 1431 2167 abducant
1465 2097 1652 2192 discipulos
1678 2109 1760 2194 post
1785 2121 1835 2168 se.

353 2215 377 2260 ³¹
397 2222 544 2316 Propter
569 2220 665 2313 quod
690 2219 838 2310 vigilate,
867 2215 1034 2288 memoria
1061 2215 1247 2287 retinentes
1264 2216 1427 2310 quoniam
1453 2239 1517 2312 per
1534 2219 1715 2290 triennium
1734 2229 1836 2290 nocte

355 2353 392 2414 et
426 2336 479 2413 'in
513 2340 570 2413 die
604 2361 674 2410 non
713 2338 849 2410 cessavi
884 2359 962 2408 cum
997 2336 1145 2408 lacrimis
1181 2359 1327 2408 monens
1360 2359 1641 2432 unumquemque
1673 2348 1835 2411 vestrum.

352 2457 434 2534 ³2lit
459 2483 550 2534 nunc
584 2457 792 2532 commendo
825 2479 890 2528 vos
923 2456 993 2528 deo
1025 2465 1060 2527 et
1090 2456 1201 2527 verbo
1234 2457 1366 2550 gratiae
1398 2458 1522 2554 ipsius,
1551 2459 1608 2552 qui
1633 2468 1758 2552 potens
1784 2468 1838 2530 cst

356 2582 540 2656 aedificare
566 2589 602 2652 et
627 2579 713 2650 dare
739 2577 969 2650 hereditatem
995 2577 1028 2647 in
1054 2577 1269 2648 sanctificatis
1297 2577 1466 2648 omnibus.
1518 2567 1545 2614 ³¹³
1561 2576 1750 2671 Argentum
1778 2589 1837 2649 aut

356 2725 477 2776 aurum
505 2710 565 2774 aut
589 2709 724 2772 vestem
757 2699 881 2769 nullius
909 2697 1108 2791 concupivi:
1152 2686 1255 2790 ³‘ipsi
1290 2697 1383 2768 scitis
1410 2697 1575 2790 quoniam
1602 2695 1649 2770 ad
1676 2719 1837 2792 eaquae

355 2822 437 2896 mibi
472 2844 562 2916 opus
602 2829 700 2890 erant
735 2830 770 2890 et
808 2818 861 2890 his
894 2819 952 2911 qui
987 2840 1122 2890 mecum
1157 2827 1235 2889 sunt
1269 2819 1546 2890 ministraverunt
1583 2839 1706 2890 manus
1739 2819 1836 2890 istae.

355 2937 382 2982 ³⁵
400 2943 521 3016 Omnia
558 2940 695 3012 ostendi
720 2938 839 3022 vobis,
879 2939 1042 3030 quoniam
1075 2939 1124 3009 sic
1150 2939 1350 3011 laborantes
1377 2947 1514 3032 oportet
1540 2937 1717 3031 suscipere
1742 2937 1837 3008 iufir-

355 3087 434 3136 mos
460 3085 502 3134 ac
527 3060 725 3133 meminisse
753 3057 849 3130 verbi
876 3047 1004 3130 domini
1022 3059 1106 3145 lesu,
1136 3058 1296 3152 quoniam
1324 3060 1400 3154 ipse
1426 3057 1512 3130 dixit
1534 3057 1672 3130 Beatius
1690 3067 1743 3130 est
1760 3081 1837 3129 ma-

356 3184 410 3280 gis
442 3185 528 3257 dare
561 3204 664 3274 quam
697 3181 865 3274 accipere.
917 3170 946 3216 ³⁸
961 3179 1004 3249 Et
1038 3201 1115 3250 cum
1142 3179 1231 3251 baec
1258 3179 1420 3264 dixisset,
1447 3178 1569 3274 positis
1595 3179 1741 3270 genibus
1768 3179 1838 3248 suis

356 3329 433 3378 cum
469 3303 629 3376 omnibus
659 3302 722 3372 illis
756 3299 876 3372 oravit.
928 3291 954 3336 ³7
971 3299 1115 3394 Magnus
1148 3309 1262 3370 autem
1297 3299 1397 3370 lictus
1424 3308 1477 3370 est
1504 3297 1664 3384 omnium,
1693 3309 1727 3369 et
1753 3321 1837 3392 pro-

356 3425 560 3496 cumbentes
587 3445 692 3516 super
717 3422 841 3493 collum
869 3420 964 3491 Pauli
990 3420 1233 3492 osculabantur
1259 3443 1356 3505 eum,
1400 3411 1428 3458 Β
1444 3419 1602 3491 dolentes
1628 3417 1778 3488 maxime
1804 3418 1838 3487 iu

355 3546 467 3618 verbo
494 3543 589 3636 quod
615 3541 760 3626 dixerat,
788 3541 950 3636 quoniam
976 3541 1121 3635 amplius
1148 3540 1269 3612 laciem
1297 3540 1371 3611 eius
1398 3561 1467 3610 nou
1495 3549 1613 3610 essent
1639 3537 1753 3610 visuri.
1797 3537 1838 3608 Et

357 3665 580 3740 deducebant
607 3684 686 3734 eum
715 3661 761 3734 ad
787 3681 921 3732 navem.

1052 3937 1135 4008 XXl.

435 4141 548 4220 'Cum
581 4155 697 4218 autem
730 4148 855 4218 lactum
890 4155 984 4215 esset
1017 4155 1053 4216 ut
1088 4133 1330 4237 navigaremus
1365 4141 1528 4214 abstracti
1562 4141 1606 4210 ab
1641 4141 1708 4226 eis,
1742 4151 1838 4212 racto

359 4293 460 4342 cursu
487 4267 642 4340 venimus
674 4267 762 4352 Cho,
799 4277 834 4338 et
859 4266 1016 4358 sequenti
1049 4265 1106 4336 die
1131 4263 1281 4349 Rodum,
1309 4261 1451 4334 atinde
1477 4261 1609 4332 Patara.
1662 4253 1736 4331 ‘Et
1762 4283 1838 4332 cum

358 4391 608 4462 invenissemus
643 4407 768 4458 navem
801 4387 1075 4458 transfretantem
1106 4385 1296 4468 Foenicen,
1332 4383 1562 4456 ascendentes
1593 4381 1839 4475 navigavimus.

357 4505 473 4583 ³Cum
500 4507 734 4604 paruissemus
762 4516 878 4580 autem
906 4504 1018 4598 Cypro
1046 4515 1081 4577 et
1107 4505 1338 4599 relinquentes
1365 4525 1443 4574 eam
1471 4503 1517 4576 ad
1535 4503 1714 4586 sinistram,
1742 4502 1839 4573 navi-

358 4633 517 4726 gavimus
550 4629 585 4698 in
618 4627 753 4721 Syriam
787 4637 822 4698 et
857 4625 1014 4698 venimus
1041 4625 1181 4720 Tyrum:
1216 4625 1263 4695 ibi
1297 4624 1389 4696 enim
1416 4621 1513 4696 bavis
1539 4635 1613 4696 erat
1639 4623 1840 4718 expositura

360 4773 457 4823 onus.
510 4739 687 4821 ‘Inventis
714 4757 828 4820 autem
854 4745 1029 4840 discipulis
1056 4745 1244 4818 mansimus
1269 4745 1315 4816 ibi
1342 4743 1466 4817 diebus
1485 4757 1631 4838 septem,
1660 4744 1716 4836 qui
1734 4743 1840 4815 Paulo

361 4871 524 4944 dicebant
550 4891 614 4962 per
641 4867 794 4963 spiritum
821 4888 866 4939 ne
893 4866 1099 4938 ascenderet
1124 4865 1373 4961 Hierosolyma.
1425 4857 1498 4937 5llt
1523 4862 1691 4957 explicitis
1717 4863 1841 4934 diebus

360 4991 504 5087 proiecti
536 4991 671 5062 ibamus
704 4985 955 5062 deducentibus
985 5007 1052 5058 nos
1085 4985 1243 5058 omnibus
1269 5009 1347 5058 cum
1375 4987 1540 5059 uxoribus
1567 4997 1602 5056 et
1627 4983 1703 5054 liliis
1729 5005 1840 5078 usque

360 5113 454 5184 foras
480 5110 661 5190 civitatem,
690 5119 725 5181 et
750 5108 871 5204 positis
898 5107 1045 5200 genibus
1072 5105 1230 5178 inlitora
1257 5107 1448 5180 oravimus:
1492 5097 1554 5178 ‘et
1579 5125 1657 5175 cum
1683 5105 1761 5176 vale
1788 5105 1840 5174 le-

361 5233 529 5306 cissemus
563 5233 725 5316 invicem,
760 5226 979 5303 ascendimus
1013 5227 1047 5298 in
1081 5249 1223 5313 navem,
1259 5227 1304 5298 illi
1338 5237 1453 5302 autem
1487 5225 1663 5300 redierunt
1697 5225 1731 5296 in
1765 5245 1840 5296 sua.

902 5345 972 5432 XX,
1000 5351 1047 5422 23
1079 5387 1124 5400 -
1153 5347 1236 5434 XXl,
1265 5351 1297 5420 6.
