4220 6124
745 1144 895 1214 lNClPlT
930 1142 1137 1214 EPISTULA
1170 1143 1230 1214 An
1266 1139 1476 1213 GALATAS.

1101 1381 1122 1448 l,
1224 1431 1227 1436 Δ

445 1573 502 1630 ⁴⁰)
522 1579 556 1680 P
559 1618 656 1689 aulus
689 1619 885 1711 apostolus,
922 1641 991 1690 non
1027 1621 1072 1690 ab
1105 1618 1303 1690 hominibus
1336 1637 1452 1710 neque
1484 1639 1549 1710 per
1581 1617 1757 1688 hominem
1792 1617 1856 1688 sed

368 1755 432 1828 per
465 1733 578 1808 lesam
613 1737 782 1808 Christum
822 1749 858 1808 et
897 1739 1002 1810 deum
1046 1748 1182 1831 patrem
1221 1738 1279 1830 qni
1316 1737 1492 1808 suscitavit
1531 1757 1611 1808 eum
1647 1757 1668 1806 a
1702 1735 1855 1820 mortuis,

366 1849 429 1924 ’et
456 1857 514 1948 qui
540 1877 678 1928 mecum
705 1865 784 1932 sunt
811 1877 934 1929 ornnes
960 1859 1094 1943 iratres,
1123 1855 1280 1930 ecclesiis
1307 1855 1470 1928 Galatiae.
1523 1848 1668 1928 ³Gratia
1693 1857 1796 1928 vobis
1822 1865 1857 1926 et

367 1997 438 2067 pax
474 1997 494 2045 a
528 1975 597 2046 deo
634 1988 732 2069 patre
768 1987 803 2048 et
837 1976 982 2047 domino
1017 1987 1139 2048 nostro
1173 1977 1251 2048 lesu
1288 1975 1445 2059 Christo,
1488 1964 1578 2067 ‘qni
1614 1973 1711 2046 dedit
1745 1986 1857 2046 semet

366 2094 490 2187 ipsum
505 2117 570 2187 pro
597 2093 750 2187 peccatis
775 2097 911 2180 nostris,
939 2107 976 2167 ut
1003 2093 1172 2190 'eriperet
1197 2114 1263 2166 nos
1290 2095 1337 2166 de
1356 2095 1529 2188 praesenti
1547 2095 1688 2166 saeculo
1706 2115 1855 2186 nequam

367 2213 559 2284 secundum
592 2217 805 2286 voluntatem
839 2216 897 2287 dei
929 2225 965 2285 et
997 2215 1103 2308 patris
1137 2215 1263 2299 nostri,
1302 2206 1389 2286 ⁵cui
1423 2221 1478 2284 est
1510 2214 1620 2305 gloria
1654 2215 1855 2286 insaecula

335 2319 338 2326 ’
367 2335 605 2418 saeculorum,
641 2355 753 2406 amen.
806 2323 868 2378 Μ’)
888 2333 994 2404 Miror
1018 2331 1114 2426 quod
1141 2334 1192 2404 sie
1218 2341 1289 2404 tam
1325 2335 1394 2405 cito
1429 2334 1695 2419 transferemini,
1731 2333 1778 2405 ab
1810 2355 1854 2404 eo

366 2453 423 2544 qui
450 2474 516 2523 vos
542 2455 680 2524 vocavit
707 2455 741 2524 in
767 2453 914 2544 gratiam
941 2454 1079 2537 Christi,
1106 2453 1141 2524 in
1167 2454 1250 2524 aliut
1276 2452 1512 2545 evangelium,
1551 2444 1679 2544 lquod
1705 2475 1776 2524 non
1802 2463 1855 2524 est

366 2569 463 2656 aliut,
500 2572 565 2642 nisi
598 2585 679 2643 sunt
711 2572 814 2664 aliqui
848 2571 997 2662 quivos
1025 2572 1232 2642 conturbant
1258 2581 1293 2642 et
1317 2573 1437 2644 volunt
1464 2581 1670 2643 convertere
1698 2593 1854 2664 evange-

366 2691 446 2760 lium
483 2691 614 2760 Christi.
671 2681 773 2762 ⁸Sed
807 2691 887 2761 licet
918 2711 985 2762 nos
1018 2701 1077 2762 aut
1112 2691 1257 2783 angelus
1291 2691 1338 2762 de
1374 2691 1472 2761 caelo
1507 2693 1723 2782 evangelizet
1754 2692 1855 2762 vobis

365 2818 611 2904 praeterquam
638 2809 733 2901 quod
766 2809 1082 2902 evangelizavimus
1115 2809 1233 2893 vobis,
1268 2809 1452 2880 anathema
1486 2811 1539 2880 eit.
1592 2805 1717 2881 ⁹Sicut
1748 2831 1854 2902 prae-

366 2927 535 3012 diximus,
572 2937 607 2998 et
639 2949 729 3000 nunc
761 2929 883 3000 iterum
918 2931 1013 3015 dico,
1049 2931 1078 3000 si
1104 2931 1182 3022 quis
1208 2927 1311 3000 vobis
1338 2929 1629 3020 evangelizaverit
1657 2939 1794 3022 praeter
1820 2927 1855 3000 id

366 3045 461 3139 quod
495 3043 700 3140 accepistis,
738 3049 921 3122 anathema
955 3047 1008 3121 sit.
1061 3039 1133 3094 Μ)
1151 3047 1258 3120 Modo
1293 3048 1384 3118 enim
1412 3048 1609 3120 hominibus
1638 3046 1771 3120 suadeo
1798 3059 1855 3130 aut

366 3166 467 3237 deo‘l
509 3176 568 3238 aut
607 3187 739 3258 quaero
774 3168 969 3241 hominibus
1004 3170 1174 3262 placere‘l
1234 3168 1269 3238 Si
1302 3168 1416 3238 athuc
1438 3168 1636 3238 hominibus
1668 3169 1853 3262 placerem,

366 3287 486 3356 Christi
514 3307 637 3356 servus
663 3307 733 3356 non
760 3309 887 3358 essem.
941 3280 964 3324 '¹
979 3281 1014 3336 (⁴³
1028 3289 1156 3359 Notum
1182 3287 1276 3358 enim
1303 3287 1406 3358 vobis
1431 3288 1534 3372 ladio,
1569 3289 1710 3372 iratres,
1745 3307 1853 3358 evan-

365 3406 493 3496 gelium
521 3405 618 3498 quod
644 3408 918 3498 evangelizatum
945 3417 1000 3478 est
1025 3428 1046 3477 a
1073 3427 1139 3491 me,
1159 3407 1249 3498 ‚quia
1274 3427 1344 3477 non
1371 3417 1427 3477 est
1453 3405 1644 3482 secandum
1663 3404 1853 3476 hominem:

365 3516 391 3561 ⁴²
408 3545 524 3617 neque
552 3525 643 3595 enim
671 3547 740 3618 ego
768 3527 813 3598 ab
840 3528 981 3598 homine
1008 3528 1128 3619 accepi
1156 3525 1237 3598 illud
1264 3545 1380 3617 neque
1406 3525 1528 3611 didici,
1562 3527 1628 3600 sed
1658 3547 1723 3619 per
1749 3545 1854 3594 reve-

366 3645 529 3716 lationem
563 3645 640 3714 lesu
682 3645 813 3716 Christi.
874 3637 945 3692 ¹³⁶)
963 3645 1117 3718 Audistis
1159 3645 1251 3714 enirn
1292 3647 1594 3718 conversationem
1634 3667 1749 3716 meam
1787 3643 1853 3714 'ali-

366 3762 507 3855 quando
538 3764 572 3832 in
598 3763 788 3849 iudaismo,
825 3767 988 3858 qnoniam
1016 3787 1121 3859 supra
1147 3763 1291 3836 modum
1319 3766 1559 3857 persequebar
1585 3763 1769 3836 ecclesiam
1797 3761 1854 3832 dei

366 3891 402 3951 et
428 3883 675 3974 expugnabam
702 3882 809 3970 illam,
849 3877 923 3956 “et
948 3883 1174 3978 proficiebam
1202 3885 1236 3954 in
1262 3883 1436 3955 ludaismo
1464 3905 1570 3977 snpra
1597 3883 1727 3955 multos
1752 3877 1854 3952 'coe-

365 4009 488 4070 taneos
514 4001 547 4070 in
575 4022 704 4092 genere
732 3985 824 4088 meo,
850 4003 1080 4075 abundantius
1107 4003 1298 4074 aemulator
1325 4003 1480 4073 existens
1505 4013 1728 4095 paternarum
1754 4021 1852 4070 mea-

364 4140 440 4188 rum
468 4119 698 4192 traditionum.
751 4115 778 4160 ¹⁵
795 4121 879 4193 Cum
906 4131 1022 4193 autem
1048 4122 1177 4216 placuit
1202 4123 1234 4192 ei
1261 4122 1319 4214 qui
1353 4141 1410 4191 me
1444 4124 1643 4216 segregavit
1673 4121 1719 4192 de
1754 4129 1853 4190 utero

365 4239 484 4309 matris
511 4235 633 4312 ‘meae
661 4252 696 4312 et
721 4242 860 4314 vocavit
885 4261 950 4334 per
975 4243 1121 4332 gratiam
1148 4261 1265 4326 suam,
1306 4231 1333 4276 ⁴⁸
1350 4251 1387 4312 ut
1413 4243 1584 4312 revelaret
1615 4241 1720 4312 hlium
1754 4253 1853 4309 sunm

283 4437 288 4444 ¹
364 4357 397 4427 in
424 4377 497 4443 mc,
533 4371 570 4429 ut
596 4361 871 4454 evangelizarem
897 4361 990 4432 illum
1016 4361 1256 4454 ingentibus,
1285 4361 1449 4431 eontinuo
1475 4382 1546 4432 non
1572 4359 1735 4453 adquievi
1761 4359 1855 4429 carni

365 4486 400 4546 et
426 4477 600 4570 sanguini,
644 4472 670 4516 ¹⁷
685 4498 802 4572 neque
833 4481 913 4554 veni
939 4479 1181 4572 Hierosolyma
1216 4480 1262 4551 ad
1297 4489 1541 4551 antecessores
1575 4499 1676 4551 meos
1710 4487 1854 4572 aposto-

364 4597 434 4682 los,
473 4597 539 4669 sed
570 4599 639 4669 abii
670 4600 704 4669 in
730 4599 868 4686 Arabia,
896 4579 931 4670 et
957 4600 1081 4670 iterum
1109 4619 1272 4670 reversus
1299 4621 1376 4670 sum
1404 4601 1623 4670 Damascum.
1676 4589 1702 4634 ¹⁸
1719 4597 1853 4668 Deinde

363 4727 444 4808 post
469 4735 580 4788 annos
607 4729 678 4789 tres
710 4719 789 4790 vani
816 4719 1056 4813 Hiemsolyma
1093 4715 1211 4788 videre
1238 4718 1394 4803 Petrum,
1430 4729 1465 4788 et
1500 4719 1610 4790 mansi
1645 4717 1739 4812 apud
1773 4737 1852 4786 enm

364 4835 489 4906 diebus
516 4837 729 4928 quindecim:
769 4831 910 4912 ¹⁹alium
938 4848 1055 4911 autem
1083 4837 1319 4931 apostolorum
1354 4836 1423 4908 vidi
1456 4839 1630 4909 neminem
1664 4835 1728 4907 nisi
1754 4837 1855 4906 laco-

362 4953 446 5025 bnm
472 4955 612 5028 iratrem
640 4957 779 5029 domini.
822 4953 961 5044 ”Quae
988 4969 1104 5029 autem
1131 4958 1248 5028 scribo
1275 4957 1387 5042 vobis,
1416 4979 1500 5028 eece
1527 4979 1645 5029 coram
1674 4955 1743 5028 deo
1764 4975 1855 5046 quo-.

363 5074 454 5145 niam
481 5097 551 5146 non
577 5077 734 5148 mentior.
786 5069 810 5116 ²¹
829 5076 962 5150 Deinde
989 5079 1069 5148 veni
1095 5077 1129 5148 in
1155 5087 1273 5171 partes
1300 5077 1420 5170 Syriae
1447 5087 1483 5147 et
1510 5075 1654 5147 Ciliciae.
1708 5067 1735 5112 ¹²
1750 5075 1855 5144 Eram

987 5199 1011 5280 l,
1042 5201 1141 5266 l‘—
1168 5199 1227 5270 22.
