4220 6124
366 391 441 464 256
870 386 1052 452 EPISTULA
1076 387 1128 452 hl)
1154 383 1340 452 nomos

366 597 574 691 obsequium
607 603 772 666 vestrum.
825 585 898 664 ’Et
923 593 1029 664 nolite
1060 593 1268 666 conformari
1301 593 1381 664 hnic
1408 593 1558 678 saeculo,
1587 593 1653 664 sed
1678 593 1848 664 reforma-

365 721 448 792 mini
476 719 511 790 in
535 715 689 788 novitate
723 733 848 784 sensus
882 713 1007 797 vestri,
1042 722 1080 782 ut
1111 712 1268 806 probetis
1302 733 1394 806 quae
1422 715 1466 784 sit
1485 712 1645 784 voluntas
1671 712 1727 784 dci
1754 713 1849 784 bona

367 835 531 933 'placens
556 845 593 906 et
624 833 787 928 perlecta.
840 823 1020 904 ³(⁴¹l1)ioo
1056 831 1145 902 enim
1182 851 1247 924 per
1278 835 1423 926 gratiam
1460 854 1550 927 quae
1577 832 1659 905 datu
1685 843 1739 904 est
1766 834 1848 904 mibi

367 958 528 1062 omnibus
555 955 612 1048 qui
640 963 719 1024 sunt
744 955 933 1038 intervos,
961 975 1030 1024 non
1055 953 1134 1046 plns
1161 973 1286 1046 sapere
1313 975 1418 1047 quarn
1446 963 1593 1047 oportet·
1610 974 1752 1046 sapere,
1785 952 1849 1025 sed

368 1099 493 1172 sapere
520 1075 566 1147 ad
592 1074 832 1158 sobrietatem,
869 1082 905 1143 et
932 1073 1115 1165 unicuique
1150 1073 1240 1144 sicut
1271 1073 1388 1146 divisit
1414 1073 1503 1145 deus
1530 1095 1728 1146 mensuram
1756 1071 1848 1144 fidei.

264 1181 267 1186 ¹
365 1189 443 1245 ω’)
459 1197 554 1268 Sicut
580 1195 671 1266 enim
705 1194 836 1264 inuno
869 1214 1018 1288 corpore
1052 1193 1159 1264 multa
1193 1194 1351 1266 membra
1377 1194 1562 1280 habemus,
1590 1195 1705 1268 omnia
1732 1201 1847 1264 autem

366 1318 524 1390 membra
549 1337 620 1387 non
645 1313 797 1387 eundem
824 1321 939 1384 actum
965 1313 1111 1399 habent,
1154 1307 1228 1385 ⁵ita
1254 1315 1350 1385 multi
1377 1336 1484 1385 unum
1511 1335 1639 1408 corpus
1666 1335 1787 1386 snmus
1813 1315 1849 1382 in

367 1439 516 1522 Christo,
553 1435 678 1528 singuli
709 1443 826 1506 autem
854 1433 941 1503 alter
966 1433 1108 1519 alterins
1133 1433 1308 1519 membra,
1351 1425 1553 1506 ⁶habentes
1585 1445 1701 1506 autem
1735 1432 1847 1505 dona·-

366 1561 477 1631 tiones
505 1556 698 1628 seeundum
725 1552 869 1646 gratiam
904 1574 995 1644 quae
1021 1553 1103 1626 data
1137 1565 1192 1626 est
1216 1554 1320 1626 nobis
1346 1553 1564 1639 differentes,
1591 1555 1666 1627 sive
1692 1553 1846 1647 prophe-

365 1682 446 1752 tiam
479 1677 671 1750 secundum
705 1675 874 1746 rationem
908 1672 1004 1759 fidei,
1056 1665 1162 1745 qsive
1188 1675 1415 1746 ministerium
1442 1677 1478 1745 in
1502 1675 1744 1758 ministrando,
1772 1673 1846 1744 sive

365 1801 424 1894 qui
450 1798 557 1871 docet
581 1797 616 1866 in
642 1795 815 1878 doctrina,
859 1786 943 1885 ⁸qui
972 1803 1153 1865 exortatur
1177 1795 1213 1866 in
1239 1795 1445 1880 exortando,
1474 1795 1532 1888 qui
1558 1795 1676 1866 tribuit
1700 1794 1737 1864 in
1762 1793 1846 1864 sim·-

364 1921 524 2016 plicitatc,
552 1918 611 2010 qui
637 1923 778 2010 praeest
803 1912 837 1984 in
859 1911 1098 1999 sollicitudine,
1125 1914 1183 2007 qui
1208 1916 1392 1986 miseretur
1416 1916 1451 1985 in
1474 1915 1650 1987 hilaritate.
1676 1905 1847 1984 ⁹Dilectio

365 2042 439 2114 sine
474 2034 699 2110 simulatione.
753 2033 919 2105 Odientes
954 2035 1100 2119 malum,
1129 2035 1337 2106 adherentes
1371 2036 1485 2121 bono,
1529 2028 1555 2072 ⁴⁰
1570 2011 1751 2106 caritatem
1777 2035 1838 2104 lra-

324 2231 328 2244 ,
364 2159 534 2232 ternitatis
559 2153 707 2226 invicem
733 2153 933 2246 diligentes,
960 2153 1094 2228 honore
1127 2156 1276 2227 invicem
1310 2157 1593 2250 praevenientes,
1637 2145 1660 2190 ¹¹
1680 2153 1846 2224 sollicitu-

365 2259 447 2352 dine
473 2299 544 2350 non
569 2273 674 2368 pigri,
708 2275 830 2368 spiritu
855 2274 1043 2359 lerventes,
1079 2275 1221 2348 domino
1254 2277 1462 2362 servientes,
1506 2267 1533 2314 ¹²
1550 2293 1614 2368 spe
1640 2273 1846 2366 gaudentes,

365 2401 400 2470 in
425 2396 644 2469 tribulatione
670 2394 850 2486 patientes,
879 2395 1024 2466 orationi
1050 2396 1234 2480 instantes,
1278 2389 1305 2432 ⁴³
1322 2397 1499 2470 memoriis
1528 2404 1727 2467 sanctornm
1746 2413 1846 2464 com-
1901 2421 1904 2432 ·

366 2517 590 2601 municantes,
617 2515 883 2607 hospitalitatem
912 2523 1096 2586 sectantes.
1148 2505 1174 2550 ⁴⁴
1191 2516 1392 2589 benedicite
1409 2514 1708 2611 perserprentibus,
1734 2514 1845 2584 bene-

366 2637 469 2710 dicite
495 2645 529 2706 et
553 2633 659 2704 nolite
684 2634 903 2707 maledicere.
954 2626 982 2670 ⁴⁵
999 2633 1159 2706 Gaudere
1186 2657 1263 2708 cum
1290 2637 1531 2730 gaudentibus,
1557 2635 1643 2706 llere
1661 2655 1740 2704 cum
1757 2633 1846 2702 tlen-
1873 2607 1876 2620 ⁸

365 2756 467 2828 tibus,
517 2745 545 2789 ⁴⁶
560 2753 598 2826 ld
623 2753 736 2847 ipsum
762 2755 910 2826 invicem
936 2754 1133 2839 sentientes,
1159 2777 1230 2828 non
1256 2757 1323 2830 alta
1350 2758 1542 2851 sapientes,
1571 2753 1636 2826 scd
1661 2752 1845 2824 humilibus

366 2874 638 2950 consentientes:
672 2875 777 2946 nolite
804 2897 885 2946 esse
911 2875 1101 2970 prudentes
1135 2887 1217 2970 aput
1242 2889 1380 2950 vosmet
1405 2877 1510 2971 ipsos.
1561 2867 1588 2911 Π
1605 2874 1693 2945 Nulli
1718 2873 1846 2944 malurn

365 3017 430 3092 pro
456 2995 547 3066 melo
574 2993 771 3080 reddentes,
798 2997 1024 3090 providentes
1049 2997 1146 3068 bona
1168 3019 1239 3068 non
1266 3007 1397 3070 tantum
1424 3017 1543 3068 coram
1561 2994 1629 3066 deo
1658 2993 1845 3066 sedetiam

366 3135 485 3190 coram
516 3115 676 3188 omnibus
703 3115 915 3200 hominibns;
960 3109 986 3154 ¹⁸
1003 3117 1032 3187 si
1058 3116 1132 3188 heri
1156 3128 1290 3210 potest,
1324 3117 1419 3211 quod
1454 3139 1502 3188 ex
1533 3116 1635 3188 vobis
1663 3125 1731 3199 ost,
1766 3135 1845 3184 cum

366 3237 527 3310 omnibus
552 3234 750 3308 bominibus
783 3257 907 3330 pacem
939 3237 1127 3322 babentes;
1171 3229 1283 3310 19ιιοιι
1318 3247 1454 3310 vosmet
1485 3237 1582 3332 ipsos
1608 3234 1844 3318 defendentes,

308 3347 312 3358 ’
366 3356 547 3441 cansdmi,
575 3356 641 3428 sed
664 3357 750 3430 dete
781 3357 896 3428 locum
929 3357 1021 3430 irae:
1054 3357 1218 3450 scriptum
1245 3367 1299 3429 est
1325 3358 1416 3430 enim
1442 3357 1521 3428 blibi
1547 3355 1750 3440 vindictam,
1778 3343 1845 3446 ego

366 3478 573 3563 retribuam,
600 3478 681 3550 dicit
713 3477 882 3550 dominus.
934 3469 960 3514 ²⁰
977 3478 1048 3550 Sed
1080 3479 1110 3550 si
1137 3479 1295 3552 esurierit
1326 3478 1482 3550 inimicus
1510 3487 1604 3562 tuus,
1632 3476 1710 3548 ciba
1736 3476 1844 3546 illum:

367 3599 396 3668 si
423 3597 500 3682 sitit,
527 3607 647 3690 potum
674 3595 720 3669 da
747 3597 801 3667 illi.
854 3597 928 3668 lloc
955 3600 1046 3670 enim
1074 3599 1204 3670 iaciens
1231 3599 1403 3670 carbones
1428 3598 1517 3690 ignis
1543 3618 1713 3688 congeres
1740 3615 1844 3688 supra

367 3727 469 3811 caput
495 3717 578 3788 eius.
630 3709 653 3754 ⁹¹
673 3717 750 3786 Noli
778 3717 865 3788 vinci
893 3739 913 3788 a
940 3719 1043 3804 malo,
1070 3718 1136 3790 sed
1162 3719 1260 3790 vince
1286 3720 1321 3790 in
1347 3720 1443 3790 bono
1469 3719 1607 3789 malum.

1066 3995 1145 4064 Xlll.

442 4187 520 4248 '‘⁴''
539 4198 657 4270 Omnis
689 4199 802 4272 anima
844 4199 1073 4291 potestatibus
1108 4200 1365 4284 sublimioribus
1406 4200 1546 4272 subdita
1580 4201 1631 4270 sit.
1682 4201 1759 4271 Nou
1793 4209 1846 4272 est

366 4321 456 4394 enim
484 4327 641 4412 potestas
666 4318 730 4390 nisi
757 4341 778 4390 a
804 4317 889 4389 deo:
918 4341 1009 4412 quae
1036 4330 1152 4391 autem
1179 4330 1267 4405 suut,
1296 4320 1403 4391 adeo
1423 4321 1604 4393 ordinatae
1631 4330 1719 4392 sunt.
1752 4313 1845 4390 'lta-

366 4461 434 4534 que
461 4439 520 4534 qui
545 4439 675 4510 resistit
707 4438 884 4532 potestati,
917 4439 975 4510 dei
1001 4433 1230 4510 'ordinationi
1263 4441 1409 4512 resistit:
1446 4442 1504 4533 qui
1531 4451 1646 4512 autem
1673 4441 1843 4524 resistunt,

365 4562 429 4654 ipsi
456 4559 522 4632 sibi
548 4559 827 4652 dampnationem
856 4559 1050 4652 adquirunt.
1092 4553 1206 4630 ³Nam
1232 4561 1404 4656 principes
1428 4581 1498 4632 non
1524 4569 1603 4631 snut
1628 4559 1741 4630 timori
1764 4561 1846 4631 boni

367 4681 482 4774 operis
509 4679 574 4750 sed
601 4679 688 4750 mali.
741 4679 798 4749 Vis
825 4688 940 4750 autem
967 4701 1036 4750 non
1062 4681 1183 4752 timere
1209 4682 1442 4773 potestatem?
1468 4681 1602 4751 Bonum
1628 4681 1691 4763 lac,
1719 4690 1754 4749 et
1780 4679 1844 4752 ha-

366 4802 467 4874 bebis
494 4799 633 4872 laudem
660 4821 707 4870 ex
732 4799 807 4870 illa:
850 4788 939 4870 *dei
966 4801 1057 4871 enim
1084 4800 1238 4872 minister
1264 4800 1402 4872 esttibi
1428 4800 1462 4870 in
1488 4800 1628 4872 bonum.
1669 4797 1702 4868 Si
1730 4809 1845 4870 autem

366 4920 616 5006 malefeceris,
644 4920 741 4990 time:
776 4941 846 4990 non
880 4920 970 4991 enim
998 4921 1071 4992 sine
1099 4943 1205 4992 causa
1232 4921 1385 5014 gladium
1413 4929 1542 5013 portat:
1579 4919 1638 4991 dei
1663 4918 1754 4990 euim
1780 4917 1845 4988 mi-

366 5041 473 5112 nister
499 5051 563 5126 est,
589 5040 718 5114 vindex
744 5041 779 5110 in
805 5041 892 5112 iram
919 5041 1037 5134 siqui
1062 5043 1191 5116 malurn
1218 5042 1297 5134 agit
1347 5033 1457 5112 ⁶ldeo
1484 5041 1692 5112 necessitate
1719 5035 1845 5109 subditi

367 5171 488 5244 estote,
515 5183 584 5232 non
604 5162 715 5232 solum
743 5170 884 5257 propter
910 5162 996 5234 iram
1022 5163 1140 5236 sedet
1166 5171 1307 5256 propter
1325 5161 1578 5233 conscientiam.
1621 5151 1736 5230 “ldeo
1754 5157 1846 5228 enim

927 5281 1290 5366 xb,2-xtll‚o.

1081 5425 1089 5436 ν
