4146 6120
841 1343 993 1415 INCIPIT
1026 1343 1234 1416 EPISTULA
1267 1341 1421 1414 meost.

1128 1584 1149 1652 l.

468 1769 525 1824 “¹³
543 1761 694 1866 Iacobus
721 1793 778 1864 dei
806 1803 839 1862 et
866 1791 996 1863 domini
1021 1791 1130 1862 nostri
1156 1791 1233 1862 Iesu
1261 1791 1382 1864 Christi
1410 1809 1533 1861 servus
1560 1786 1747 1860 duodecim
1775 1784 1877 1856 tribu·

392 1913 458 1984 bus
501 1935 590 2006 quae
629 1923 707 1988 sunt
749 1913 784 1982 in
824 1911 1042 2005 dispersione
1085 1911 1240 1982 salutem.
1294 1903 1436 1982 ²Omne
1476 1907 1640 2002 gaudium
1676 1905 1877 1985 existimate,

392 2034 515 2104 iratres
549 2033 633 2118 mei,
676 2055 753 2103 cum
793 2033 827 2101 iu
864 2031 1144 2124 temptationibus
1183 2031 1287 2102 variis
1321 2029 1520 2113 incideritis,
1571 2019 1754 2098 ³scieutes
1787 2023 1877 2116 quod

391 2153 552 2245 probatio
593 2152 673 2224 fidei
709 2162 848 2222 vestrae
883 2150 1083 2244 patientiam
1118 2161 1289 2244 operatur.
1343 2141 1539 2222 ‘Patientia
1572 2167 1661 2239 opus
1693 2147 1879 2239 perlectum

392 2271 536 2356 habeat,
572 2281 609 2341 ut
635 2271 707 2342 sitis
733 2271 877 2364 perlecti
904 2279 938 2340 et
964 2270 1106 2362 integri,
1134 2270 1168 2339 in
1194 2272 1287 2343 nullo
1314 2267 1522 2340 deficientes.
1575 2259 1649 2352 ⁵Si
1665 2265 1742 2368 quis
1771 2274 1881 2336 autem

391 2399 545 2460 vestrum
572 2388 703 2482 indiget
737 2390 958 2483 sapientiam,
994 2390 1144 2482 postulet
1177 2411 1197 2458 a
1232 2388 1302 2460 deo
1336 2389 1394 2480 qui
1428 2387 1489 2459 dat
1516 2387 1678 2457 omnibus
1705 2385 1882 2456 affluenter

394 2520 429 2580 et
455 2529 525 2578 non
558 2509 774 2602 inproperat,
809 2519 844 2579 et
878 2509 1016 2594 dabitur
1042 2509 1083 2580 ei.
1135 2499 1316 2580 “Postulet
1342 2517 1458 2578 autem
1484 2507 1518 2576 iu
1544 2505 1632 2590 fide,
1659 2505 1740 2574 nihil
1768 2503 1883 2576 haesi-

395 2638 486 2698 tans:
514 2628 572 2719 qui
599 2629 689 2698 enim
717 2628 874 2713 haesitat,
903 2627 1022 2698 similis
1050 2637 1105 2698 est
1131 2628 1245 2698 lluctui
1273 2629 1380 2698 maris
1407 2627 1464 2720 qui
1493 2649 1514 2698 a
1540 2635 1647 2697 vento
1674 2636 1836 2696 movetur
1853 2632 1884 2691 et

395 2748 638 2818 circumfertur.
690 2739 798 2818 7Nou
825 2769 910 2840 ergo
938 2747 1098 2818 aestimet
1123 2746 1231 2818 homo
1250 2747 1313 2829 ¹ills
1341 2747 1436 2840 quod
1464 2744 1607 2838 accipiat
1627 2743 1754 2836 aliquid
1783 2743 1883 2816 ado-

395 2867 506 2950 min0‚
551 2857 629 2936 ⁸vir
656 2866 786 2959 duplex
815 2866 944 2950 animo,
981 2867 1180 2937 inconstans
1216 2867 1249 2936 iu
1276 2867 1439 2938 omnibus
1465 2865 1530 2936 viis
1556 2863 1636 2934 suis.
1688 2853 1886 2936 ⁹Glorietur

396 2995 510 3056 autem
553 2983 658 3055 frater
691 2984 825 3055 humilis
857 2984 891 3054 iu
929 2985 1142 3058 exaltatione
1175 3007 1253 3071 sua,
1305 2977 1444 3058 ⁴⁰diues
1480 2993 1595 3066 autem
1634 2985 1668 3053 iu
1699 2981 1884 3070 humilitate

397 3127 468 3189 sua,
497 3103 666 3196 quoniam
688 3105 775 3175 sicut
802 3103 866 3176 llos
892 3105 983 3176 saeui
1010 3105 1174 3175 transibit.
1228 3098 1250 3140 ⁴¹
1265 3105 1418 3177 Exortus
1445 3115 1499 3176 est
1525 3104 1616 3175 enim
1644 3103 1696 3173 sol
1723 3125 1805 3174 cum
1832 3121 1886 3171 ar-

396 3225 484 3296 dore
511 3233 547 3294 et
572 3225 711 3295 arefecit
738 3225 884 3310 faenum,
912 3235 947 3296 et
972 3224 1038 3295 llos
1065 3225 1141 3295 eius
1168 3223 1298 3296 decidit
1323 3233 1358 3296 et
1384 3223 1494 3295 decor
1526 3223 1639 3294 vultus
1671 3217 1892 3315 eiusdepess

395 3345 465 3414 riit:
492 3344 539 3414 ita
567 3353 602 3412 et
628 3343 727 3415 dives
753 3343 788 3412 in
814 3343 991 3416 itineribus
1018 3345 1090 3414 suls
1116 3353 1319 3415 marcescet.
1364 3334 1390 3380 ⁴¹
1405 3333 1439 3388 (¹³
1458 3343 1584 3413 Beatus
1601 3343 1655 3412 vir
1681 3341 1738 3433 quui
1769 3339 1887 3412 suffert

384 3463 643 3564 *temtatIonem
672 3463 751 3556 quia
780 3483 856 3532 cum
884 3465 1054 3557 probatus
1078 3465 1180 3534 merit
1206 3464 1352 3557 acciplet
1377 3483 1542 3534 coronam
1569 3462 1669 3545 uitae,
1697 3483 1804 3554 quam
1832 3481 1888 3528 re-

396 3582 555 3676 promisit
581 3581 670 3653 deus
698 3579 916 3672 diligentibus
943 3606 992 3655 se.
1045 3576 1071 3662 ,¹³
1087 3584 1199 3654 Nemo
1227 3605 1305 3654 cum
1332 3591 1519 3677 temptatur
1550 3581 1643 3653 dicat
1676 3582 1888 3674 quonlama

398 3702 468 3773 deo
495 3709 690 3794 temptatur.
743 3701 838 3772 Deus
864 3703 953 3773 enim
982 3704 1202 3796 intemptator
1229 3704 1398 3775 malorum
1425 3713 1497 3786 est,
1531 3702 1606 3794 ipso
1634 3713 1749 3772 autem
1777 3698 1888 3770 nemi-

397 3843 477 3892 nem
504 3828 668 3913 temptat:
712 3807 738 3854 ⁴⁴
756 3823 990 3916 unusquisque
1022 3844 1108 3893 vero
1141 3831 1329 3914 temptatur
1361 3843 1383 3894 a
1415 3821 1694 3914 coucupiscentia
1726 3841 1793 3892 sua
1828 3817 1890 3888 ab·

397 3949 545 4012 stractus
569 3947 604 4008 et
627 3937 786 4022 inleot.us;
831 3933 856 3977 ¹⁵
873 3942 999 4014 dehinc
1025 3941 1303 4034 concupiscentia
1327 3963 1405 4015 oum
1433 3941 1634 4034 conceperit
1652 3941 1741 4033 parit
1760 3957 1889 4034 pecca-

397 4070 479 4144 tum,
507 4067 688 4152 peccatum
707 4079 793 4129 vero
812 4081 889 4130 cum
909 4072 1183 4133 consummatum
1202 4061 1304 4132 luerit
1321 4071 1466 4162 generat
1483 4071 1640 4132 mortem.
1685 4051 1711 4096 ⁴⁶
1726 4049 1761 4106 ‘⁸'
1778 4057 1891 4130 Nolite

397 4179 516 4272 itaque
543 4197 671 4263 errare,
697 4177 823 4248 iratres
851 4180 918 4249 mei
945 4180 1169 4252 dilectIssimi.
1205 4171 1230 4214 Π
1243 4179 1354 4250 Omne
1381 4179 1500 4250 datum
1528 4181 1695 4272 optimum
1723 4189 1759 4248 et
1788 4195 1893 4250 omne

399 4299 528 4370 donum
555 4298 744 4390 perlectum
772 4297 973 4370 desursum
1000 4310 1053 4370 est
1071 4298 1293 4372 descendens
1313 4321 1333 4370 a
1352 4309 1451 4393 patre
1469 4299 1642 4384 luminum,
1671 4297 1767 4392 apud
1787 4317 1893 4390 quem

398 4439 468 4489 non
495 4425 548 4488 est
575 4417 814 4488 transmutatio
849 4437 914 4488 neo
946 4417 1189 4490 vicissitudinis
1225 4419 1454 4490 obumbratio.
1508 4410 1534 4454 ¹⁸
1550 4417 1771 4489 Voluntariae
1801 4417 1894 4488 enim

398 4536 517 4630 genuit
541 4556 607 4607 nos
624 4535 735 4607 verbo
754 4535 918 4622 veritatis,
947 4545 982 4608 ut
1000 4538 1107 4608 simus
1126 4537 1266 4631 aliquod
1283 4537 1412 4609 initium
1430 4546 1612 4608 creaturae
1630 4537 1713 4608 eius.
1741 4529 1769 4574 ⁴⁹
1783 4535 1895 4618 Scit-is,

399 4659 522 4728 tratres
548 4656 616 4726 mei
644 4655 768 4728 dilecti.
814 4656 864 4725 Sit
889 4667 1005 4728 autem
1032 4657 1278 4729 omnishomo
1305 4659 1412 4730 velox
1439 4657 1486 4729 ad
1512 4657 1737 4740 audiendum,
1772 4657 1896 4728 tardus

399 4785 513 4847 autem
542 4773 587 4846 ad
613 4773 825 4869 loquendum
852 4785 887 4846 et
920 4775 1040 4846 tardus
1066 4777 1111 4848 ad
1145 4778 1249 4846 iram:
1293 4768 1320 4814 ²⁰
1337 4777 1387 4848 ira
1422 4777 1513 4848 enim
1546 4777 1610 4847 viri
1641 4777 1804 4846 iustitiam
1841 4775 1898 4846 dei

399 4917 469 4966 non
496 4905 668 4988 operatur.
720 4887 743 4932 ²⁴
761 4887 796 4940 (⁴)
811 4893 957 4988 Propter
984 4895 1080 4988 quod
1099 4896 1291 4968 abicientes
1310 4918 1449 4968 omnem
1469 4897 1704 4969 inmunditiam
1723 4905 1758 4965 et
1779 4895 1896 4966 abun-

400 5013 552 5085 dantiam
587 5014 735 5085 malitiae
770 5014 803 5083 in
837 5015 1103 5090 mansuetudine
1140 5016 1302 5110 suscipite
1335 5017 1472 5088 insitum
1506 5019 1653 5088 verbum
1688 5016 1759 5100 dei,
1800 5015 1899 5108 quod

400 5143 517 5226 potest
550 5133 684 5206 salvare
718 5132 851 5206 animas
884 5144 1028 5206 vestras.
1080 5129 1107 5173 ⁹
1123 5135 1243 5207 Estote
1276 5147 1393 5209 autem
1429 5139 1578 5208 lautores
1610 5137 1722 5220 verbi,
1761 5147 1798 5207 et
1829 5159 1901 5208 non

1024 5255 1046 5338 l,
1079 5258 1091 5323 l
1129 5293 1175 5307 -
1205 5258 1263 5330 22.
