<?xml version="1.0" encoding="UTF-8"?>
<!DOCTYPE html PUBLIC "-//W3C//DTD XHTML 1.0 Transitional//EN"
    "http://www.w3.org/TR/xhtml1/DTD/xhtml1-transitional.dtd">
<html xmlns="http://www.w3.org/1999/xhtml" xml:lang="en" lang="en">
 <head>
  <title>
</title>
<meta http-equiv="Content-Type" content="text/html;charset=utf-8" />
  <meta name='ocr-system' content='tesseract 3.04.00' />
  <meta name='ocr-capabilities' content='ocr_page ocr_carea ocr_par ocr_line ocrx_word'/>
</head>
<body>
  <div class='ocr_page' id='page_1' title='image "./novumtestamentu02tiscgoog_0189.png"; bbox 0 0 4242 6118; ppageno 0'>
   <div class='ocr_carea' id='block_1_1' title="bbox 373 380 1411 454">
    <p class='ocr_par' dir='ltr' id='par_1_1' title="bbox 373 380 1411 454">
     <span class='ocr_line' id='line_1_1' title="bbox 373 380 1411 454; baseline -0.01 0"><span class='ocrx_word' id='word_1_1' title='bbox 373 386 444 454; x_wconf 82' lang='lat' dir='ltr'><strong>l38</strong></span> <span class='ocrx_word' id='word_1_2' title='bbox 795 383 1033 448; x_wconf 71' lang='lat' dir='ltr'><strong>evanescunt</strong></span> <span class='ocrx_word' id='word_1_3' title='bbox 1061 383 1261 446; x_wconf 78' lang='lat' dir='ltr'>SECUNDUM</span> <span class='ocrx_word' id='word_1_4' title='bbox 1288 380 1411 446; x_wconf 73' lang='lat' dir='ltr'><strong>Lucan</strong></span> 
     </span>
    </p>
   </div>
   <div class='ocr_carea' id='block_1_2' title="bbox 368 549 1853 5358">
    <p class='ocr_par' dir='ltr' id='par_1_2' title="bbox 368 549 1853 5358">
     <span class='ocr_line' id='line_1_2' title="bbox 371 549 1852 682; baseline -0.001 -20"><span class='ocrx_word' id='word_1_5' title='bbox 371 605 487 663; x_wconf 91' lang='lat' dir='ltr'><strong>tamen</strong></span> <span class='ocrx_word' id='word_1_6' title='bbox 514 612 581 662; x_wconf 87' lang='lat' dir='ltr'><strong>vae</strong></span> <span class='ocrx_word' id='word_1_7' title='bbox 607 549 650 658; x_wconf 85' lang='lat' dir='ltr'><strong>illi</strong></span> <span class='ocrx_word' id='word_1_8' title='bbox 678 561 805 662; x_wconf 79' lang='lat' dir='ltr'><strong>homini</strong></span> <span class='ocrx_word' id='word_1_9' title='bbox 832 611 895 682; x_wconf 92' lang='lat' dir='ltr'><strong>per</strong></span> <span class='ocrx_word' id='word_1_10' title='bbox 922 608 1027 680; x_wconf 89' lang='lat' dir='ltr'><strong>quern</strong></span> <span class='ocrx_word' id='word_1_11' title='bbox 1054 587 1216 660; x_wconf 89' lang='lat' dir='ltr'><strong>tradetur.</strong></span> <span class='ocrx_word' id='word_1_12' title='bbox 1243 579 1372 636; x_wconf 55' lang='lat' dir='ltr'><strong>”im-&#39;l</strong></span> <span class='ocrx_word' id='word_1_13' title='bbox 1390 587 1431 658; x_wconf 89' lang='lat' dir='ltr'><strong>Et</strong></span> <span class='ocrx_word' id='word_1_14' title='bbox 1444 587 1508 679; x_wconf 82' lang='lat' dir='ltr'><strong>ipsi</strong></span> <span class='ocrx_word' id='word_1_15' title='bbox 1535 598 1724 680; x_wconf 88' lang='lat' dir='ltr'><strong>coeperunt</strong></span> <span class='ocrx_word' id='word_1_16' title='bbox 1743 567 1852 680; x_wconf 83' lang='lat' dir='ltr'><strong>quae-</strong></span> 
     </span>
     <span class='ocr_line' id='line_1_3' title="bbox 371 697 1852 801; baseline -0.003 -18"><span class='ocrx_word' id='word_1_17' title='bbox 371 733 449 782; x_wconf 90' lang='lat' dir='ltr'><strong>rere</strong></span> <span class='ocrx_word' id='word_1_18' title='bbox 477 711 562 782; x_wconf 89' lang='lat' dir='ltr'><strong>inter</strong></span> <span class='ocrx_word' id='word_1_19' title='bbox 597 731 635 780; x_wconf 92' lang='lat' dir='ltr'><strong>se</strong></span> <span class='ocrx_word' id='word_1_20' title='bbox 663 710 739 801; x_wconf 87' lang='lat' dir='ltr'><strong>quis</strong></span> <span class='ocrx_word' id='word_1_21' title='bbox 775 717 872 780; x_wconf 91' lang='lat' dir='ltr'><strong>esset</strong></span> <span class='ocrx_word' id='word_1_22' title='bbox 903 731 951 778; x_wconf 86' lang='lat' dir='ltr'><strong>ex</strong></span> <span class='ocrx_word' id='word_1_23' title='bbox 983 708 1035 778; x_wconf 89' lang='lat' dir='ltr'><strong>eis</strong></span> <span class='ocrx_word' id='word_1_24' title='bbox 1068 707 1124 800; x_wconf 94' lang='lat' dir='ltr'><strong>qui</strong></span> <span class='ocrx_word' id='word_1_25' title='bbox 1156 707 1224 780; x_wconf 90' lang='lat' dir='ltr'><strong>hoc</strong></span> <span class='ocrx_word' id='word_1_26' title='bbox 1258 709 1407 780; x_wconf 80' lang='lat' dir='ltr'><strong>tacturus</strong></span> <span class='ocrx_word' id='word_1_27' title='bbox 1440 717 1546 779; x_wconf 90' lang='lat' dir='ltr'><strong>esset.</strong></span> <span class='ocrx_word' id='word_1_28' title='bbox 1597 697 1731 756; x_wconf 59' lang='lat' dir='ltr'><strong>”imi</strong></span> <span class='ocrx_word' id='word_1_29' title='bbox 1749 709 1852 780; x_wconf 89' lang='lat' dir='ltr'><strong>Facta</strong></span> 
     </span>
     <span class='ocr_line' id='line_1_4' title="bbox 372 819 1853 922; baseline -0.003 -20"><span class='ocrx_word' id='word_1_30' title='bbox 372 843 425 902; x_wconf 85' lang='lat' dir='ltr'><strong>est</strong></span> <span class='ocrx_word' id='word_1_31' title='bbox 452 841 565 902; x_wconf 87' lang='lat' dir='ltr'><strong>autem</strong></span> <span class='ocrx_word' id='word_1_32' title='bbox 593 841 628 900; x_wconf 93' lang='lat' dir='ltr'><strong>et</strong></span> <span class='ocrx_word' id='word_1_33' title='bbox 644 829 817 901; x_wconf 76' lang='lat' dir='ltr'><strong>contentio</strong></span> <span class='ocrx_word' id='word_1_34' title='bbox 836 829 1014 914; x_wconf 89' lang='lat' dir='ltr'><strong>intereos,</strong></span> <span class='ocrx_word' id='word_1_35' title='bbox 1042 829 1119 922; x_wconf 90' lang='lat' dir='ltr'><strong>quis</strong></span> <span class='ocrx_word' id='word_1_36' title='bbox 1145 848 1266 898; x_wconf 91' lang='lat' dir='ltr'><strong>eorum</strong></span> <span class='ocrx_word' id='word_1_37' title='bbox 1284 829 1459 900; x_wconf 90' lang='lat' dir='ltr'><strong>videretur</strong></span> <span class='ocrx_word' id='word_1_38' title='bbox 1477 849 1559 900; x_wconf 88' lang='lat' dir='ltr'><strong>esse</strong></span> <span class='ocrx_word' id='word_1_39' title='bbox 1578 829 1695 899; x_wconf 88' lang='lat' dir='ltr'><strong>maior.</strong></span> <span class='ocrx_word' id='word_1_40' title='bbox 1722 819 1748 865; x_wconf 75' lang='lat'><strong>¹⁵</strong></span> <span class='ocrx_word' id='word_1_41' title='bbox 1761 829 1853 898; x_wconf 91' lang='lat' dir='ltr'><strong>Dixit</strong></span> 
     </span>
     <span class='ocr_line' id='line_1_5' title="bbox 373 948 1853 1042; baseline -0.003 -19"><span class='ocrx_word' id='word_1_42' title='bbox 373 963 488 1024; x_wconf 91' lang='lat' dir='ltr'><strong>autem</strong></span> <span class='ocrx_word' id='word_1_43' title='bbox 514 951 564 1021; x_wconf 90' lang='lat' dir='ltr'><strong>eis</strong></span> <span class='ocrx_word' id='word_1_44' title='bbox 598 949 712 1039; x_wconf 79' lang='lat' dir='ltr'><strong>Reges</strong></span> <span class='ocrx_word' id='word_1_45' title='bbox 747 949 897 1041; x_wconf 77' lang='lat' dir='ltr'><strong>gentium</strong></span> <span class='ocrx_word' id='word_1_46' title='bbox 929 948 1148 1020; x_wconf 83' lang='lat' dir='ltr'><strong>dominantur</strong></span> <span class='ocrx_word' id='word_1_47' title='bbox 1173 969 1311 1034; x_wconf 87' lang='lat' dir='ltr'><strong>eorum,</strong></span> <span class='ocrx_word' id='word_1_48' title='bbox 1345 959 1380 1020; x_wconf 88' lang='lat' dir='ltr'><strong>et</strong></span> <span class='ocrx_word' id='word_1_49' title='bbox 1406 949 1463 1041; x_wconf 94' lang='lat' dir='ltr'><strong>qui</strong></span> <span class='ocrx_word' id='word_1_50' title='bbox 1491 957 1698 1042; x_wconf 87' lang='lat' dir='ltr'><strong>potestatem</strong></span> <span class='ocrx_word' id='word_1_51' title='bbox 1726 948 1853 1020; x_wconf 87' lang='lat' dir='ltr'><strong>babent</strong></span> 
     </span>
     <span class='ocr_line' id='line_1_6' title="bbox 374 1059 1851 1164; baseline -0.004 -20"><span class='ocrx_word' id='word_1_52' title='bbox 374 1093 478 1164; x_wconf 90' lang='lat' dir='ltr'><strong>super</strong></span> <span class='ocrx_word' id='word_1_53' title='bbox 504 1091 568 1141; x_wconf 93' lang='lat' dir='ltr'><strong>eos</strong></span> <span class='ocrx_word' id='word_1_54' title='bbox 594 1066 741 1139; x_wconf 87' lang='lat' dir='ltr'><strong>benefici</strong></span> <span class='ocrx_word' id='word_1_55' title='bbox 768 1079 949 1140; x_wconf 90' lang='lat' dir='ltr'><strong>vocantur:</strong></span> <span class='ocrx_word' id='word_1_56' title='bbox 993 1059 1020 1106; x_wconf 56' lang='lat'>³</span> <span class='ocrx_word' id='word_1_57' title='bbox 1034 1089 1098 1140; x_wconf 87' lang='lat' dir='ltr'><strong>vos</strong></span> <span class='ocrx_word' id='word_1_58' title='bbox 1125 1077 1240 1139; x_wconf 86' lang='lat' dir='ltr'><strong>autem</strong></span> <span class='ocrx_word' id='word_1_59' title='bbox 1259 1089 1328 1140; x_wconf 91' lang='lat' dir='ltr'><strong>non</strong></span> <span class='ocrx_word' id='word_1_60' title='bbox 1347 1069 1413 1153; x_wconf 83' lang='lat' dir='ltr'><strong>sio,</strong></span> <span class='ocrx_word' id='word_1_61' title='bbox 1441 1068 1506 1140; x_wconf 92' lang='lat' dir='ltr'><strong>sed</strong></span> <span class='ocrx_word' id='word_1_62' title='bbox 1533 1068 1590 1161; x_wconf 93' lang='lat' dir='ltr'><strong>qui</strong></span> <span class='ocrx_word' id='word_1_63' title='bbox 1608 1069 1720 1140; x_wconf 89' lang='lat' dir='ltr'><strong>maior</strong></span> <span class='ocrx_word' id='word_1_64' title='bbox 1747 1069 1851 1139; x_wconf 91' lang='lat' dir='ltr'><strong>estin</strong></span> 
     </span>
     <span class='ocr_line' id='line_1_7' title="bbox 373 1179 1850 1282; baseline -0.004 -18"><span class='ocrx_word' id='word_1_65' title='bbox 373 1191 481 1278; x_wconf 63' lang='lat' dir='ltr'><strong>vobis,</strong></span> <span class='ocrx_word' id='word_1_66' title='bbox 494 1189 552 1260; x_wconf 88' lang='lat' dir='ltr'><strong>liat</strong></span> <span class='ocrx_word' id='word_1_67' title='bbox 569 1189 656 1260; x_wconf 87' lang='lat' dir='ltr'><strong>sicut</strong></span> <span class='ocrx_word' id='word_1_68' title='bbox 672 1189 791 1272; x_wconf 90' lang='lat' dir='ltr'><strong>iunior,</strong></span> <span class='ocrx_word' id='word_1_69' title='bbox 819 1199 853 1260; x_wconf 91' lang='lat' dir='ltr'><strong>et</strong></span> <span class='ocrx_word' id='word_1_70' title='bbox 871 1189 928 1281; x_wconf 94' lang='lat' dir='ltr'><strong>qui</strong></span> <span class='ocrx_word' id='word_1_71' title='bbox 946 1209 1156 1282; x_wconf 88' lang='lat' dir='ltr'><strong>praecessor</strong></span> <span class='ocrx_word' id='word_1_72' title='bbox 1173 1197 1228 1258; x_wconf 89' lang='lat' dir='ltr'><strong>est</strong></span> <span class='ocrx_word' id='word_1_73' title='bbox 1252 1187 1340 1260; x_wconf 89' lang='lat' dir='ltr'><strong>sicut</strong></span> <span class='ocrx_word' id='word_1_74' title='bbox 1357 1189 1574 1260; x_wconf 86' lang='lat' dir='ltr'><strong>ministrator.</strong></span> <span class='ocrx_word' id='word_1_75' title='bbox 1609 1181 1635 1226; x_wconf 53' lang='grc' dir='ltr'><strong>ἵ)</strong></span> <span class='ocrx_word' id='word_1_76' title='bbox 1649 1179 1751 1234; x_wconf 60' lang='grc' dir='ltr'><strong>(Μ’)</strong></span> <span class='ocrx_word' id='word_1_77' title='bbox 1763 1189 1850 1258; x_wconf 91' lang='lat' dir='ltr'><strong>Nam</strong></span> 
     </span>
     <span class='ocr_line' id='line_1_8' title="bbox 375 1297 1849 1403; baseline -0.003 -21"><span class='ocrx_word' id='word_1_78' title='bbox 375 1311 451 1403; x_wconf 92' lang='lat' dir='ltr'><strong>quis</strong></span> <span class='ocrx_word' id='word_1_79' title='bbox 486 1310 596 1382; x_wconf 89' lang='lat' dir='ltr'><strong>maior</strong></span> <span class='ocrx_word' id='word_1_80' title='bbox 628 1297 701 1392; x_wconf 63' lang='lat' dir='ltr'><strong>est,</strong></span> <span class='ocrx_word' id='word_1_81' title='bbox 730 1310 787 1401; x_wconf 92' lang='lat' dir='ltr'><strong>qui</strong></span> <span class='ocrx_word' id='word_1_82' title='bbox 827 1308 995 1380; x_wconf 81' lang='lat' dir='ltr'><strong>recumbit</strong></span> <span class='ocrx_word' id='word_1_83' title='bbox 1028 1332 1072 1380; x_wconf 91' lang='lat' dir='ltr'><strong>au</strong></span> <span class='ocrx_word' id='word_1_84' title='bbox 1106 1309 1163 1400; x_wconf 94' lang='lat' dir='ltr'><strong>qui</strong></span> <span class='ocrx_word' id='word_1_85' title='bbox 1199 1308 1390 1380; x_wconf 84' lang='lat' dir='ltr'><strong>mim&#39;strat?</strong></span> <span class='ocrx_word' id='word_1_86' title='bbox 1422 1329 1536 1380; x_wconf 91' lang='lat' dir='ltr'><strong>nonne</strong></span> <span class='ocrx_word' id='word_1_87' title='bbox 1569 1309 1627 1402; x_wconf 93' lang='lat' dir='ltr'><strong>qui</strong></span> <span class='ocrx_word' id='word_1_88' title='bbox 1653 1309 1849 1380; x_wconf 75' lang='lat' dir='ltr'><strong>recumbit?</strong></span> 
     </span>
     <span class='ocr_line' id='line_1_9' title="bbox 373 1419 1848 1524; baseline -0.001 -22"><span class='ocrx_word' id='word_1_89' title='bbox 373 1431 448 1524; x_wconf 81' lang='lat' dir='ltr'><strong>Ego</strong></span> <span class='ocrx_word' id='word_1_90' title='bbox 482 1439 597 1500; x_wconf 89' lang='lat' dir='ltr'><strong>autem</strong></span> <span class='ocrx_word' id='word_1_91' title='bbox 635 1427 669 1498; x_wconf 90' lang='lat' dir='ltr'><strong>in</strong></span> <span class='ocrx_word' id='word_1_92' title='bbox 703 1427 818 1500; x_wconf 90' lang='lat' dir='ltr'><strong>medio</strong></span> <span class='ocrx_word' id='word_1_93' title='bbox 854 1438 1005 1500; x_wconf 88' lang='lat' dir='ltr'><strong>vestrum</strong></span> <span class='ocrx_word' id='word_1_94' title='bbox 1039 1451 1116 1499; x_wconf 93' lang='lat' dir='ltr'><strong>sum</strong></span> <span class='ocrx_word' id='word_1_95' title='bbox 1149 1427 1236 1498; x_wconf 90' lang='lat' dir='ltr'><strong>sicut</strong></span> <span class='ocrx_word' id='word_1_96' title='bbox 1268 1427 1326 1519; x_wconf 93' lang='lat' dir='ltr'><strong>qui</strong></span> <span class='ocrx_word' id='word_1_97' title='bbox 1357 1427 1532 1500; x_wconf 79' lang='lat' dir='ltr'><strong>ministrat.</strong></span> <span class='ocrx_word' id='word_1_98' title='bbox 1593 1419 1701 1500; x_wconf 65' lang='lat' dir='ltr'><strong>”Vos</strong></span> <span class='ocrx_word' id='word_1_99' title='bbox 1735 1439 1848 1500; x_wconf 88' lang='lat' dir='ltr'><strong>autem</strong></span> 
     </span>
     <span class='ocr_line' id='line_1_10' title="bbox 374 1538 1848 1642; baseline 0 -22"><span class='ocrx_word' id='word_1_100' title='bbox 374 1550 459 1622; x_wconf 87' lang='lat' dir='ltr'><strong>estis</strong></span> <span class='ocrx_word' id='word_1_101' title='bbox 484 1549 542 1642; x_wconf 94' lang='lat' dir='ltr'><strong>qui</strong></span> <span class='ocrx_word' id='word_1_102' title='bbox 567 1547 803 1641; x_wconf 80' lang='lat' dir='ltr'><strong>permansistis</strong></span> <span class='ocrx_word' id='word_1_103' title='bbox 830 1571 966 1620; x_wconf 88' lang='lat' dir='ltr'><strong>mecum</strong></span> <span class='ocrx_word' id='word_1_104' title='bbox 992 1549 1027 1619; x_wconf 92' lang='lat' dir='ltr'><strong>in</strong></span> <span class='ocrx_word' id='word_1_105' title='bbox 1052 1547 1307 1619; x_wconf 86' lang='lat' dir='ltr'><strong>temtatiouibus</strong></span> <span class='ocrx_word' id='word_1_106' title='bbox 1339 1547 1441 1618; x_wconf 89' lang='lat' dir='ltr'><strong>meis:</strong></span> <span class='ocrx_word' id='word_1_107' title='bbox 1488 1538 1516 1586; x_wconf 69' lang='lat'><strong>²⁹</strong></span> <span class='ocrx_word' id='word_1_108' title='bbox 1533 1557 1568 1618; x_wconf 92' lang='lat' dir='ltr'><strong>et</strong></span> <span class='ocrx_word' id='word_1_109' title='bbox 1600 1569 1668 1641; x_wconf 83' lang='lat' dir='ltr'><strong>ego</strong></span> <span class='ocrx_word' id='word_1_110' title='bbox 1700 1549 1848 1642; x_wconf 90' lang='lat' dir='ltr'><strong>dispono</strong></span> 
     </span>
     <span class='ocr_line' id='line_1_11' title="bbox 374 1659 1847 1762; baseline -0.003 -20"><span class='ocrx_word' id='word_1_111' title='bbox 374 1671 491 1755; x_wconf 92' lang='lat' dir='ltr'><strong>vobis,</strong></span> <span class='ocrx_word' id='word_1_112' title='bbox 526 1669 613 1741; x_wconf 87' lang='lat' dir='ltr'><strong>sicut</strong></span> <span class='ocrx_word' id='word_1_113' title='bbox 646 1668 817 1761; x_wconf 89' lang='lat' dir='ltr'><strong>disposuit</strong></span> <span class='ocrx_word' id='word_1_114' title='bbox 850 1669 930 1740; x_wconf 90' lang='lat' dir='ltr'><strong>mihi</strong></span> <span class='ocrx_word' id='word_1_115' title='bbox 956 1677 1055 1762; x_wconf 91' lang='lat' dir='ltr'><strong>pater</strong></span> <span class='ocrx_word' id='word_1_116' title='bbox 1086 1689 1184 1738; x_wconf 87' lang='lat' dir='ltr'><strong>meus</strong></span> <span class='ocrx_word' id='word_1_117' title='bbox 1210 1687 1370 1760; x_wconf 82' lang='lat' dir='ltr'><strong>reguum,</strong></span> <span class='ocrx_word' id='word_1_118' title='bbox 1413 1659 1440 1704; x_wconf 84' lang='lat'><strong>³⁰</strong></span> <span class='ocrx_word' id='word_1_119' title='bbox 1458 1678 1494 1738; x_wconf 95' lang='lat' dir='ltr'><strong>ut</strong></span> <span class='ocrx_word' id='word_1_120' title='bbox 1526 1668 1635 1740; x_wconf 80' lang='lat' dir='ltr'><strong>edatis</strong></span> <span class='ocrx_word' id='word_1_121' title='bbox 1662 1679 1697 1739; x_wconf 91' lang='lat' dir='ltr'><strong>et</strong></span> <span class='ocrx_word' id='word_1_122' title='bbox 1722 1669 1847 1740; x_wconf 87' lang='lat' dir='ltr'><strong>bibatis</strong></span> 
     </span>
     <span class='ocr_line' id='line_1_12' title="bbox 373 1780 1846 1886; baseline -0.003 -23"><span class='ocrx_word' id='word_1_123' title='bbox 373 1813 478 1886; x_wconf 89' lang='lat' dir='ltr'><strong>super</strong></span> <span class='ocrx_word' id='word_1_124' title='bbox 503 1809 658 1861; x_wconf 87' lang='lat' dir='ltr'><strong>mensam</strong></span> <span class='ocrx_word' id='word_1_125' title='bbox 687 1809 801 1860; x_wconf 90' lang='lat' dir='ltr'><strong>meam</strong></span> <span class='ocrx_word' id='word_1_126' title='bbox 826 1790 860 1860; x_wconf 96' lang='lat' dir='ltr'><strong>in</strong></span> <span class='ocrx_word' id='word_1_127' title='bbox 885 1811 995 1882; x_wconf 83' lang='lat' dir='ltr'><strong>regno</strong></span> <span class='ocrx_word' id='word_1_128' title='bbox 1040 1780 1132 1835; x_wconf 55' lang='grc' dir='ltr'><strong>(Μ’)</strong></span> <span class='ocrx_word' id='word_1_129' title='bbox 1151 1797 1185 1859; x_wconf 91' lang='lat' dir='ltr'><strong>et</strong></span> <span class='ocrx_word' id='word_1_130' title='bbox 1212 1786 1365 1858; x_wconf 83' lang='lat' dir='ltr'><strong>sedeatis</strong></span> <span class='ocrx_word' id='word_1_131' title='bbox 1393 1809 1499 1882; x_wconf 90' lang='lat' dir='ltr'><strong>super</strong></span> <span class='ocrx_word' id='word_1_132' title='bbox 1525 1788 1666 1860; x_wconf 87' lang='lat' dir='ltr'><strong>thronos</strong></span> <span class='ocrx_word' id='word_1_133' title='bbox 1694 1789 1846 1862; x_wconf 89' lang='lat' dir='ltr'><strong>iudicau-</strong></span> 
     </span>
     <span class='ocr_line' id='line_1_13' title="bbox 373 1899 1846 1992; baseline -0.001 -11"><span class='ocrx_word' id='word_1_134' title='bbox 373 1923 425 1982; x_wconf 90' lang='lat' dir='ltr'><strong>tes</strong></span> <span class='ocrx_word' id='word_1_135' title='bbox 452 1909 637 1981; x_wconf 85' lang='lat' dir='ltr'><strong>duodecim</strong></span> <span class='ocrx_word' id='word_1_136' title='bbox 666 1908 775 1978; x_wconf 85' lang='lat' dir='ltr'><strong>tribus</strong></span> <span class='ocrx_word' id='word_1_137' title='bbox 799 1907 934 1980; x_wconf 90' lang='lat' dir='ltr'><strong>lsrahel.</strong></span> <span class='ocrx_word' id='word_1_138' title='bbox 987 1899 1009 1944; x_wconf 82' lang='lat'><strong>³¹</strong></span> <span class='ocrx_word' id='word_1_139' title='bbox 1027 1899 1127 1952; x_wconf 63' lang='grc' dir='ltr'><strong>(Μ)</strong></span> <span class='ocrx_word' id='word_1_140' title='bbox 1147 1907 1203 1979; x_wconf 79' lang='lat' dir='ltr'><strong>Ait</strong></span> <span class='ocrx_word' id='word_1_141' title='bbox 1234 1917 1351 1980; x_wconf 87' lang='lat' dir='ltr'><strong>autem</strong></span> <span class='ocrx_word' id='word_1_142' title='bbox 1384 1908 1544 1981; x_wconf 89' lang='lat' dir='ltr'><strong>dominus</strong></span> <span class='ocrx_word' id='word_1_143' title='bbox 1578 1907 1695 1979; x_wconf 91' lang='lat' dir='ltr'><strong>Simon</strong></span> <span class='ocrx_word' id='word_1_144' title='bbox 1721 1909 1846 1992; x_wconf 88' lang='lat' dir='ltr'><strong>Simon,</strong></span> 
     </span>
     <span class='ocr_line' id='line_1_14' title="bbox 373 2024 1847 2122; baseline -0.001 -21"><span class='ocrx_word' id='word_1_145' title='bbox 373 2052 457 2102; x_wconf 92' lang='lat' dir='ltr'><strong>ecce</strong></span> <span class='ocrx_word' id='word_1_146' title='bbox 484 2040 624 2102; x_wconf 86' lang='lat' dir='ltr'><strong>satanas</strong></span> <span class='ocrx_word' id='word_1_147' title='bbox 651 2029 817 2121; x_wconf 87' lang='lat' dir='ltr'><strong>expetivit</strong></span> <span class='ocrx_word' id='word_1_148' title='bbox 842 2051 908 2100; x_wconf 87' lang='lat' dir='ltr'><strong>vos</strong></span> <span class='ocrx_word' id='word_1_149' title='bbox 935 2039 971 2100; x_wconf 86' lang='lat' dir='ltr'><strong>ut</strong></span> <span class='ocrx_word' id='word_1_150' title='bbox 998 2027 1164 2099; x_wconf 83' lang='lat' dir='ltr'><strong>cribraret</strong></span> <span class='ocrx_word' id='word_1_151' title='bbox 1190 2028 1277 2100; x_wconf 89' lang='lat' dir='ltr'><strong>sicut</strong></span> <span class='ocrx_word' id='word_1_152' title='bbox 1303 2029 1464 2114; x_wconf 84' lang='lat' dir='ltr'><strong>triticum,</strong></span> <span class='ocrx_word' id='word_1_153' title='bbox 1508 2024 1535 2068; x_wconf 80' lang='lat'><strong>³²</strong></span> <span class='ocrx_word' id='word_1_154' title='bbox 1552 2051 1620 2122; x_wconf 81' lang='lat' dir='ltr'><strong>ego</strong></span> <span class='ocrx_word' id='word_1_155' title='bbox 1648 2041 1762 2102; x_wconf 87' lang='lat' dir='ltr'><strong>autem</strong></span> <span class='ocrx_word' id='word_1_156' title='bbox 1788 2053 1847 2100; x_wconf 92' lang='lat' dir='ltr'><strong>ro-</strong></span> 
     </span>
     <span class='ocr_line' id='line_1_15' title="bbox 372 2138 1847 2244; baseline -0.001 -22"><span class='ocrx_word' id='word_1_157' title='bbox 372 2151 451 2243; x_wconf 79' lang='lat' dir='ltr'><strong>gavi</strong></span> <span class='ocrx_word' id='word_1_158' title='bbox 478 2171 541 2243; x_wconf 94' lang='lat' dir='ltr'><strong>pro</strong></span> <span class='ocrx_word' id='word_1_159' title='bbox 569 2159 602 2220; x_wconf 87' lang='lat' dir='ltr'><strong>te</strong></span> <span class='ocrx_word' id='word_1_160' title='bbox 628 2159 759 2220; x_wconf 91' lang='lat' dir='ltr'><strong>utnon</strong></span> <span class='ocrx_word' id='word_1_161' title='bbox 786 2147 924 2222; x_wconf 89' lang='lat' dir='ltr'><strong>deficiat</strong></span> <span class='ocrx_word' id='word_1_162' title='bbox 949 2147 1038 2220; x_wconf 85' lang='lat' dir='ltr'><strong>fides</strong></span> <span class='ocrx_word' id='word_1_163' title='bbox 1074 2157 1147 2220; x_wconf 88' lang='lat' dir='ltr'><strong>tua:</strong></span> <span class='ocrx_word' id='word_1_164' title='bbox 1201 2138 1292 2197; x_wconf 57' lang='grc' dir='ltr'><strong>(Μ)</strong></span> <span class='ocrx_word' id='word_1_165' title='bbox 1311 2158 1346 2220; x_wconf 90' lang='lat' dir='ltr'><strong>et</strong></span> <span class='ocrx_word' id='word_1_166' title='bbox 1379 2159 1415 2220; x_wconf 94' lang='lat' dir='ltr'><strong>tu</strong></span> <span class='ocrx_word' id='word_1_167' title='bbox 1448 2149 1632 2244; x_wconf 87' lang='lat' dir='ltr'><strong>aliquando</strong></span> <span class='ocrx_word' id='word_1_168' title='bbox 1659 2172 1847 2222; x_wconf 88' lang='lat' dir='ltr'><strong>conversus</strong></span> 
     </span>
     <span class='ocr_line' id='line_1_16' title="bbox 372 2259 1847 2364; baseline 0.001 -23"><span class='ocrx_word' id='word_1_169' title='bbox 372 2267 537 2342; x_wconf 86' lang='lat' dir='ltr'><strong>confirma</strong></span> <span class='ocrx_word' id='word_1_170' title='bbox 563 2271 687 2342; x_wconf 82' lang='lat' dir='ltr'><strong>iratres</strong></span> <span class='ocrx_word' id='word_1_171' title='bbox 715 2278 803 2339; x_wconf 89' lang='lat' dir='ltr'><strong>tuos.</strong></span> <span class='ocrx_word' id='word_1_172' title='bbox 855 2259 986 2316; x_wconf 59' lang='grc' dir='ltr'><strong>(((Μ)</strong></span> <span class='ocrx_word' id='word_1_173' title='bbox 1006 2269 1071 2353; x_wconf 87' lang='lat' dir='ltr'><strong>Qui</strong></span> <span class='ocrx_word' id='word_1_174' title='bbox 1097 2268 1183 2340; x_wconf 84' lang='lat' dir='ltr'><strong>dixit</strong></span> <span class='ocrx_word' id='word_1_175' title='bbox 1209 2269 1241 2339; x_wconf 93' lang='lat' dir='ltr'><strong>ei</strong></span> <span class='ocrx_word' id='word_1_176' title='bbox 1267 2270 1428 2355; x_wconf 87' lang='lat' dir='ltr'><strong>Domine,</strong></span> <span class='ocrx_word' id='word_1_177' title='bbox 1457 2281 1571 2342; x_wconf 91' lang='lat' dir='ltr'><strong>tecum</strong></span> <span class='ocrx_word' id='word_1_178' title='bbox 1605 2280 1746 2364; x_wconf 90' lang='lat' dir='ltr'><strong>paratus</strong></span> <span class='ocrx_word' id='word_1_179' title='bbox 1772 2292 1847 2342; x_wconf 87' lang='lat' dir='ltr'><strong>sum</strong></span> 
     </span>
     <span class='ocr_line' id='line_1_17' title="bbox 372 2377 1847 2475; baseline -0.001 -12"><span class='ocrx_word' id='word_1_180' title='bbox 372 2402 406 2463; x_wconf 91' lang='lat' dir='ltr'><strong>et</strong></span> <span class='ocrx_word' id='word_1_181' title='bbox 432 2393 466 2462; x_wconf 92' lang='lat' dir='ltr'><strong>in</strong></span> <span class='ocrx_word' id='word_1_182' title='bbox 493 2411 670 2462; x_wconf 87' lang='lat' dir='ltr'><strong>carcerem</strong></span> <span class='ocrx_word' id='word_1_183' title='bbox 697 2399 732 2458; x_wconf 93' lang='lat' dir='ltr'><strong>et</strong></span> <span class='ocrx_word' id='word_1_184' title='bbox 758 2389 792 2458; x_wconf 93' lang='lat' dir='ltr'><strong>in</strong></span> <span class='ocrx_word' id='word_1_185' title='bbox 818 2397 964 2458; x_wconf 89' lang='lat' dir='ltr'><strong>mortem</strong></span> <span class='ocrx_word' id='word_1_186' title='bbox 992 2389 1050 2458; x_wconf 92' lang='lat' dir='ltr'><strong>ire.</strong></span> <span class='ocrx_word' id='word_1_187' title='bbox 1103 2377 1129 2424; x_wconf 68' lang='lat'><strong>³⁸</strong></span> <span class='ocrx_word' id='word_1_188' title='bbox 1145 2389 1186 2460; x_wconf 89' lang='lat' dir='ltr'><strong>Et</strong></span> <span class='ocrx_word' id='word_1_189' title='bbox 1212 2389 1266 2460; x_wconf 93' lang='lat' dir='ltr'><strong>ille</strong></span> <span class='ocrx_word' id='word_1_190' title='bbox 1293 2389 1379 2460; x_wconf 86' lang='lat' dir='ltr'><strong>dixit</strong></span> <span class='ocrx_word' id='word_1_191' title='bbox 1411 2389 1495 2461; x_wconf 91' lang='lat' dir='ltr'><strong>Dico</strong></span> <span class='ocrx_word' id='word_1_192' title='bbox 1522 2391 1599 2475; x_wconf 92' lang='lat' dir='ltr'><strong>tibi,</strong></span> <span class='ocrx_word' id='word_1_193' title='bbox 1627 2391 1744 2475; x_wconf 82' lang='lat' dir='ltr'><strong>Petra,</strong></span> <span class='ocrx_word' id='word_1_194' title='bbox 1777 2411 1847 2462; x_wconf 92' lang='lat' dir='ltr'><strong>non</strong></span> 
     </span>
     <span class='ocr_line' id='line_1_18' title="bbox 372 2485 1846 2601; baseline -0.001 -18"><span class='ocrx_word' id='word_1_195' title='bbox 372 2512 522 2584; x_wconf 82' lang='lat' dir='ltr'><strong>cantabit</strong></span> <span class='ocrx_word' id='word_1_196' title='bbox 554 2510 659 2582; x_wconf 91' lang='lat' dir='ltr'><strong>hodie</strong></span> <span class='ocrx_word' id='word_1_197' title='bbox 692 2509 802 2600; x_wconf 81' lang='lat' dir='ltr'><strong>gallus</strong></span> <span class='ocrx_word' id='word_1_198' title='bbox 835 2507 948 2578; x_wconf 93' lang='lat' dir='ltr'><strong>donec</strong></span> <span class='ocrx_word' id='word_1_199' title='bbox 980 2518 1033 2579; x_wconf 90' lang='lat' dir='ltr'><strong>ter</strong></span> <span class='ocrx_word' id='word_1_200' title='bbox 1054 2485 1218 2601; x_wconf 49' lang='lat' dir='ltr'><strong>&#39;abneges</strong></span> <span class='ocrx_word' id='word_1_201' title='bbox 1250 2532 1356 2582; x_wconf 87' lang='lat' dir='ltr'><strong>nosse</strong></span> <span class='ocrx_word' id='word_1_202' title='bbox 1389 2533 1454 2583; x_wconf 88' lang='lat' dir='ltr'><strong>me.</strong></span> <span class='ocrx_word' id='word_1_203' title='bbox 1499 2502 1600 2558; x_wconf 57' lang='grc' dir='ltr'><strong>(Μ)</strong></span> <span class='ocrx_word' id='word_1_204' title='bbox 1617 2512 1659 2582; x_wconf 83' lang='lat' dir='ltr'><strong>Et</strong></span> <span class='ocrx_word' id='word_1_205' title='bbox 1685 2511 1769 2582; x_wconf 89' lang='lat' dir='ltr'><strong>dixit</strong></span> <span class='ocrx_word' id='word_1_206' title='bbox 1795 2512 1846 2582; x_wconf 89' lang='lat' dir='ltr'><strong>eis</strong></span> 
     </span>
     <span class='ocr_line' id='line_1_19' title="bbox 370 2624 1845 2724; baseline -0.001 -20"><span class='ocrx_word' id='word_1_207' title='bbox 370 2624 397 2668; x_wconf 69' lang='lat'><strong>³⁵</strong></span> <span class='ocrx_word' id='word_1_208' title='bbox 414 2629 560 2716; x_wconf 89' lang='lat' dir='ltr'><strong>Quando</strong></span> <span class='ocrx_word' id='word_1_209' title='bbox 587 2631 663 2702; x_wconf 89' lang='lat' dir='ltr'><strong>misi</strong></span> <span class='ocrx_word' id='word_1_210' title='bbox 689 2651 754 2700; x_wconf 88' lang='lat' dir='ltr'><strong>vos</strong></span> <span class='ocrx_word' id='word_1_211' title='bbox 781 2628 855 2700; x_wconf 88' lang='lat' dir='ltr'><strong>sine</strong></span> <span class='ocrx_word' id='word_1_212' title='bbox 882 2629 1019 2699; x_wconf 82' lang='lat' dir='ltr'><strong>sacerdo</strong></span> <span class='ocrx_word' id='word_1_213' title='bbox 1053 2639 1088 2699; x_wconf 88' lang='lat' dir='ltr'><strong>et</strong></span> <span class='ocrx_word' id='word_1_214' title='bbox 1114 2651 1198 2722; x_wconf 90' lang='lat' dir='ltr'><strong>pera</strong></span> <span class='ocrx_word' id='word_1_215' title='bbox 1234 2639 1269 2700; x_wconf 91' lang='lat' dir='ltr'><strong>et</strong></span> <span class='ocrx_word' id='word_1_216' title='bbox 1303 2630 1552 2716; x_wconf 87' lang='lat' dir='ltr'><strong>calciamentis,</strong></span> <span class='ocrx_word' id='word_1_217' title='bbox 1585 2631 1750 2724; x_wconf 90' lang='lat' dir='ltr'><strong>numquid</strong></span> <span class='ocrx_word' id='word_1_218' title='bbox 1784 2631 1845 2704; x_wconf 90' lang='lat' dir='ltr'><strong>ali-</strong></span> 
     </span>
     <span class='ocr_line' id='line_1_20' title="bbox 372 2727 1846 2845; baseline 0.001 -26"><span class='ocrx_word' id='word_1_219' title='bbox 372 2750 454 2842; x_wconf 93' lang='lat' dir='ltr'><strong>quid</strong></span> <span class='ocrx_word' id='word_1_220' title='bbox 480 2748 587 2822; x_wconf 88' lang='lat' dir='ltr'><strong>deluit</strong></span> <span class='ocrx_word' id='word_1_221' title='bbox 611 2727 760 2822; x_wconf 85' lang='lat' dir='ltr'><strong>vobis‘?¹</strong></span> <span class='ocrx_word' id='word_1_222' title='bbox 782 2739 809 2785; x_wconf 78' lang='lat'><strong>³⁶</strong></span> <span class='ocrx_word' id='word_1_223' title='bbox 825 2747 869 2818; x_wconf 81' lang='lat' dir='ltr'><strong>At</strong></span> <span class='ocrx_word' id='word_1_224' title='bbox 894 2748 938 2818; x_wconf 92' lang='lat' dir='ltr'><strong>illi</strong></span> <span class='ocrx_word' id='word_1_225' title='bbox 965 2747 1126 2820; x_wconf 89' lang='lat' dir='ltr'><strong>dixerunt</strong></span> <span class='ocrx_word' id='word_1_226' title='bbox 1143 2749 1239 2820; x_wconf 88' lang='lat' dir='ltr'><strong>Nihil.</strong></span> <span class='ocrx_word' id='word_1_227' title='bbox 1267 2750 1359 2820; x_wconf 89' lang='lat' dir='ltr'><strong>Dixit</strong></span> <span class='ocrx_word' id='word_1_228' title='bbox 1385 2773 1471 2844; x_wconf 79' lang='lat' dir='ltr'><strong>ergo</strong></span> <span class='ocrx_word' id='word_1_229' title='bbox 1498 2751 1550 2822; x_wconf 91' lang='lat' dir='ltr'><strong>eis</strong></span> <span class='ocrx_word' id='word_1_230' title='bbox 1578 2752 1649 2824; x_wconf 89' lang='lat' dir='ltr'><strong>Sed</strong></span> <span class='ocrx_word' id='word_1_231' title='bbox 1674 2773 1763 2824; x_wconf 93' lang='lat' dir='ltr'><strong>uuuc</strong></span> <span class='ocrx_word' id='word_1_232' title='bbox 1789 2753 1846 2845; x_wconf 89' lang='lat' dir='ltr'><strong>qui</strong></span> 
     </span>
     <span class='ocr_line' id='line_1_21' title="bbox 372 2867 1846 2964; baseline 0.001 -24"><span class='ocrx_word' id='word_1_233' title='bbox 372 2870 489 2942; x_wconf 88' lang='lat' dir='ltr'><strong>babet·</strong></span> <span class='ocrx_word' id='word_1_234' title='bbox 503 2871 677 2942; x_wconf 90' lang='lat' dir='ltr'><strong>sacculum</strong></span> <span class='ocrx_word' id='word_1_235' title='bbox 705 2869 808 2953; x_wconf 74' lang='lat' dir='ltr'><strong>toDat,</strong></span> <span class='ocrx_word' id='word_1_236' title='bbox 836 2867 987 2938; x_wconf 87' lang='lat' dir='ltr'><strong>similiter</strong></span> <span class='ocrx_word' id='word_1_237' title='bbox 1013 2880 1048 2940; x_wconf 92' lang='lat' dir='ltr'><strong>et</strong></span> <span class='ocrx_word' id='word_1_238' title='bbox 1074 2891 1203 2964; x_wconf 91' lang='lat' dir='ltr'><strong>peram,</strong></span> <span class='ocrx_word' id='word_1_239' title='bbox 1232 2879 1266 2940; x_wconf 91' lang='lat' dir='ltr'><strong>et</strong></span> <span class='ocrx_word' id='word_1_240' title='bbox 1293 2869 1349 2961; x_wconf 89' lang='lat' dir='ltr'><strong>qui</strong></span> <span class='ocrx_word' id='word_1_241' title='bbox 1375 2892 1444 2942; x_wconf 94' lang='lat' dir='ltr'><strong>nou</strong></span> <span class='ocrx_word' id='word_1_242' title='bbox 1472 2871 1577 2944; x_wconf 90' lang='lat' dir='ltr'><strong>habet</strong></span> <span class='ocrx_word' id='word_1_243' title='bbox 1603 2871 1731 2946; x_wconf 89' lang='lat' dir='ltr'><strong>vendat</strong></span> <span class='ocrx_word' id='word_1_244' title='bbox 1757 2872 1846 2944; x_wconf 91' lang='lat' dir='ltr'><strong>tuui-</strong></span> 
     </span>
     <span class='ocr_line' id='line_1_22' title="bbox 371 2979 1847 3086; baseline 0.002 -26"><span class='ocrx_word' id='word_1_245' title='bbox 371 3011 448 3062; x_wconf 87' lang='lat' dir='ltr'><strong>cam</strong></span> <span class='ocrx_word' id='word_1_246' title='bbox 475 3011 573 3061; x_wconf 86' lang='lat' dir='ltr'><strong>suam</strong></span> <span class='ocrx_word' id='word_1_247' title='bbox 601 3001 636 3062; x_wconf 91' lang='lat' dir='ltr'><strong>et</strong></span> <span class='ocrx_word' id='word_1_248' title='bbox 662 2998 756 3062; x_wconf 90' lang='lat' dir='ltr'><strong>emat</strong></span> <span class='ocrx_word' id='word_1_249' title='bbox 781 2987 948 3080; x_wconf 79' lang='lat' dir='ltr'><strong>gladium:</strong></span> <span class='ocrx_word' id='word_1_250' title='bbox 999 2979 1025 3024; x_wconf 78' lang='lat'><strong>³²</strong></span> <span class='ocrx_word' id='word_1_251' title='bbox 1037 2981 1130 3036; x_wconf 56' lang='grc' dir='ltr'><strong>(Μ)</strong></span> <span class='ocrx_word' id='word_1_252' title='bbox 1150 2990 1229 3062; x_wconf 93' lang='lat' dir='ltr'><strong>dico</strong></span> <span class='ocrx_word' id='word_1_253' title='bbox 1265 2999 1379 3062; x_wconf 91' lang='lat' dir='ltr'><strong>autem</strong></span> <span class='ocrx_word' id='word_1_254' title='bbox 1412 2992 1512 3064; x_wconf 87' lang='lat' dir='ltr'><strong>vobis</strong></span> <span class='ocrx_word' id='word_1_255' title='bbox 1546 2994 1707 3086; x_wconf 90' lang='lat' dir='ltr'><strong>quoniam</strong></span> <span class='ocrx_word' id='word_1_256' title='bbox 1735 2992 1847 3065; x_wconf 89' lang='lat' dir='ltr'><strong>adhuc</strong></span> 
     </span>
     <span class='ocr_line' id='line_1_23' title="bbox 370 3109 1845 3203; baseline 0.001 -23"><span class='ocrx_word' id='word_1_257' title='bbox 370 3110 438 3181; x_wconf 92' lang='lat' dir='ltr'><strong>boc</strong></span> <span class='ocrx_word' id='word_1_258' title='bbox 464 3109 560 3202; x_wconf 91' lang='lat' dir='ltr'><strong>quod</strong></span> <span class='ocrx_word' id='word_1_259' title='bbox 586 3110 749 3203; x_wconf 88' lang='lat' dir='ltr'><strong>scriptum</strong></span> <span class='ocrx_word' id='word_1_260' title='bbox 778 3119 831 3179; x_wconf 89' lang='lat' dir='ltr'><strong>est</strong></span> <span class='ocrx_word' id='word_1_261' title='bbox 857 3119 995 3202; x_wconf 88' lang='lat' dir='ltr'><strong>oportet</strong></span> <span class='ocrx_word' id='word_1_262' title='bbox 1021 3110 1153 3203; x_wconf 90' lang='lat' dir='ltr'><strong>impleri</strong></span> <span class='ocrx_word' id='word_1_263' title='bbox 1180 3111 1214 3180; x_wconf 95' lang='lat' dir='ltr'><strong>in</strong></span> <span class='ocrx_word' id='word_1_264' title='bbox 1240 3131 1296 3180; x_wconf 91' lang='lat' dir='ltr'><strong>me</strong></span> <span class='ocrx_word' id='word_1_265' title='bbox 1322 3110 1364 3180; x_wconf 86' lang='lat' dir='ltr'><strong>Et</strong></span> <span class='ocrx_word' id='word_1_266' title='bbox 1390 3113 1486 3202; x_wconf 92' lang='lat' dir='ltr'><strong>quod</strong></span> <span class='ocrx_word' id='word_1_267' title='bbox 1512 3135 1591 3184; x_wconf 90' lang='lat' dir='ltr'><strong>cum</strong></span> <span class='ocrx_word' id='word_1_268' title='bbox 1625 3113 1755 3186; x_wconf 90' lang='lat' dir='ltr'><strong>iniustis</strong></span> <span class='ocrx_word' id='word_1_269' title='bbox 1781 3112 1845 3183; x_wconf 92' lang='lat' dir='ltr'><strong>de-</strong></span> 
     </span>
     <span class='ocr_line' id='line_1_24' title="bbox 370 3219 1846 3322; baseline 0.001 -22"><span class='ocrx_word' id='word_1_270' title='bbox 370 3238 508 3322; x_wconf 89' lang='lat' dir='ltr'><strong>putatus</strong></span> <span class='ocrx_word' id='word_1_271' title='bbox 536 3238 598 3299; x_wconf 89' lang='lat' dir='ltr'><strong>est.</strong></span> <span class='ocrx_word' id='word_1_272' title='bbox 651 3229 783 3301; x_wconf 84' lang='lat' dir='ltr'><strong>Etenim</strong></span> <span class='ocrx_word' id='word_1_273' title='bbox 810 3251 852 3300; x_wconf 89' lang='lat' dir='ltr'><strong>ea</strong></span> <span class='ocrx_word' id='word_1_274' title='bbox 879 3219 1073 3322; x_wconf 83' lang='lat' dir='ltr'><strong>quaesunt</strong></span> <span class='ocrx_word' id='word_1_275' title='bbox 1100 3229 1357 3302; x_wconf 81' lang='lat' dir='ltr'><strong>demolirem</strong></span> <span class='ocrx_word' id='word_1_276' title='bbox 1389 3231 1527 3304; x_wconf 90' lang='lat' dir='ltr'><strong>habent.</strong></span> <span class='ocrx_word' id='word_1_277' title='bbox 1577 3225 1778 3306; x_wconf 67' lang='grc' dir='ltr'><strong>38(’()’()’)Αι</strong></span> <span class='ocrx_word' id='word_1_278' title='bbox 1803 3233 1846 3302; x_wconf 92' lang='lat' dir='ltr'><strong>illi</strong></span> 
     </span>
     <span class='ocr_line' id='line_1_25' title="bbox 370 3345 1847 3442; baseline 0.002 -22"><span class='ocrx_word' id='word_1_279' title='bbox 370 3349 531 3420; x_wconf 88' lang='lat' dir='ltr'><strong>dixerunt</strong></span> <span class='ocrx_word' id='word_1_280' title='bbox 547 3350 701 3434; x_wconf 86' lang='lat' dir='ltr'><strong>Domine,</strong></span> <span class='ocrx_word' id='word_1_281' title='bbox 730 3371 813 3420; x_wconf 90' lang='lat' dir='ltr'><strong>ecce</strong></span> <span class='ocrx_word' id='word_1_282' title='bbox 832 3349 936 3442; x_wconf 80' lang='lat' dir='ltr'><strong>gladii</strong></span> <span class='ocrx_word' id='word_1_283' title='bbox 963 3349 1032 3422; x_wconf 93' lang='lat' dir='ltr'><strong>duo</strong></span> <span class='ocrx_word' id='word_1_284' title='bbox 1060 3350 1123 3421; x_wconf 90' lang='lat' dir='ltr'><strong>hic.</strong></span> <span class='ocrx_word' id='word_1_285' title='bbox 1150 3350 1196 3422; x_wconf 87' lang='lat' dir='ltr'><strong>At</strong></span> <span class='ocrx_word' id='word_1_286' title='bbox 1220 3351 1275 3422; x_wconf 92' lang='lat' dir='ltr'><strong>ille</strong></span> <span class='ocrx_word' id='word_1_287' title='bbox 1302 3349 1388 3422; x_wconf 88' lang='lat' dir='ltr'><strong>dixit</strong></span> <span class='ocrx_word' id='word_1_288' title='bbox 1414 3351 1465 3424; x_wconf 85' lang='lat' dir='ltr'><strong>eis</strong></span> <span class='ocrx_word' id='word_1_289' title='bbox 1492 3355 1551 3426; x_wconf 88' lang='lat' dir='ltr'><strong>Sat</strong></span> <span class='ocrx_word' id='word_1_290' title='bbox 1577 3365 1640 3426; x_wconf 90' lang='lat' dir='ltr'><strong>est.</strong></span> <span class='ocrx_word' id='word_1_291' title='bbox 1666 3345 1847 3424; x_wconf 63' lang='lat' dir='ltr'><strong>alim¹·lEt</strong></span> 
     </span>
     <span class='ocr_line' id='line_1_26' title="bbox 371 3469 1847 3562; baseline -0.001 -20"><span class='ocrx_word' id='word_1_292' title='bbox 371 3491 534 3562; x_wconf 80' lang='lat' dir='ltr'><strong>egressus</strong></span> <span class='ocrx_word' id='word_1_293' title='bbox 561 3469 632 3540; x_wconf 88' lang='lat' dir='ltr'><strong>ibat</strong></span> <span class='ocrx_word' id='word_1_294' title='bbox 659 3469 849 3542; x_wconf 90' lang='lat' dir='ltr'><strong>secundum</strong></span> <span class='ocrx_word' id='word_1_295' title='bbox 876 3470 1157 3543; x_wconf 88' lang='lat' dir='ltr'><strong>consuetudinem</strong></span> <span class='ocrx_word' id='word_1_296' title='bbox 1185 3472 1218 3540; x_wconf 92' lang='lat' dir='ltr'><strong>in</strong></span> <span class='ocrx_word' id='word_1_297' title='bbox 1244 3480 1397 3542; x_wconf 85' lang='lat' dir='ltr'><strong>montem</strong></span> <span class='ocrx_word' id='word_1_298' title='bbox 1424 3473 1606 3546; x_wconf 85' lang='lat' dir='ltr'><strong>olivarum:</strong></span> <span class='ocrx_word' id='word_1_299' title='bbox 1635 3473 1743 3544; x_wconf 89' lang='lat' dir='ltr'><strong>secuti</strong></span> <span class='ocrx_word' id='word_1_300' title='bbox 1769 3483 1847 3544; x_wconf 85' lang='lat' dir='ltr'><strong>sunt</strong></span> 
     </span>
     <span class='ocr_line' id='line_1_27' title="bbox 370 3579 1845 3684; baseline 0 -22"><span class='ocrx_word' id='word_1_301' title='bbox 370 3601 483 3662; x_wconf 88' lang='lat' dir='ltr'><strong>autem</strong></span> <span class='ocrx_word' id='word_1_302' title='bbox 509 3590 601 3660; x_wconf 94' lang='lat' dir='ltr'><strong>illum</strong></span> <span class='ocrx_word' id='word_1_303' title='bbox 629 3601 663 3660; x_wconf 88' lang='lat' dir='ltr'><strong>et</strong></span> <span class='ocrx_word' id='word_1_304' title='bbox 689 3591 854 3684; x_wconf 90' lang='lat' dir='ltr'><strong>discipuli.</strong></span> <span class='ocrx_word' id='word_1_305' title='bbox 907 3579 1035 3632; x_wconf 59' lang='grc' dir='ltr'><strong>ΨΜ)</strong></span> <span class='ocrx_word' id='word_1_306' title='bbox 1052 3592 1090 3662; x_wconf 81' lang='lat' dir='ltr'><strong>lit</strong></span> <span class='ocrx_word' id='word_1_307' title='bbox 1116 3613 1193 3662; x_wconf 92' lang='lat' dir='ltr'><strong>cum</strong></span> <span class='ocrx_word' id='word_1_308' title='bbox 1220 3592 1437 3684; x_wconf 87' lang='lat' dir='ltr'><strong>pervenisset</strong></span> <span class='ocrx_word' id='word_1_309' title='bbox 1464 3593 1508 3666; x_wconf 90' lang='lat' dir='ltr'><strong>ad</strong></span> <span class='ocrx_word' id='word_1_310' title='bbox 1535 3595 1665 3678; x_wconf 90' lang='lat' dir='ltr'><strong>locum,</strong></span> <span class='ocrx_word' id='word_1_311' title='bbox 1693 3593 1779 3664; x_wconf 92' lang='lat' dir='ltr'><strong>dixit</strong></span> <span class='ocrx_word' id='word_1_312' title='bbox 1804 3592 1845 3662; x_wconf 92' lang='lat' dir='ltr'><strong>il-</strong></span> 
     </span>
     <span class='ocr_line' id='line_1_28' title="bbox 369 3700 1846 3806; baseline 0.004 -26"><span class='ocrx_word' id='word_1_313' title='bbox 369 3712 409 3781; x_wconf 88' lang='lat' dir='ltr'><strong>lis</strong></span> <span class='ocrx_word' id='word_1_314' title='bbox 436 3711 542 3782; x_wconf 88' lang='lat' dir='ltr'><strong>Orate</strong></span> <span class='ocrx_word' id='word_1_315' title='bbox 568 3732 612 3782; x_wconf 93' lang='lat' dir='ltr'><strong>ne</strong></span> <span class='ocrx_word' id='word_1_316' title='bbox 638 3713 767 3784; x_wconf 89' lang='lat' dir='ltr'><strong>intretis</strong></span> <span class='ocrx_word' id='word_1_317' title='bbox 794 3712 827 3780; x_wconf 91' lang='lat' dir='ltr'><strong>in</strong></span> <span class='ocrx_word' id='word_1_318' title='bbox 854 3711 1097 3781; x_wconf 87' lang='lat' dir='ltr'><strong>temtationem.</strong></span> <span class='ocrx_word' id='word_1_319' title='bbox 1148 3700 1277 3758; x_wconf 74' lang='grc'><strong>))())(·(·)</strong></span> <span class='ocrx_word' id='word_1_320' title='bbox 1295 3711 1336 3784; x_wconf 86' lang='lat' dir='ltr'><strong>Et</strong></span> <span class='ocrx_word' id='word_1_321' title='bbox 1362 3712 1437 3806; x_wconf 88' lang='lat' dir='ltr'><strong>ipse</strong></span> <span class='ocrx_word' id='word_1_322' title='bbox 1463 3715 1604 3788; x_wconf 87' lang='lat' dir='ltr'><strong>avulsus</strong></span> <span class='ocrx_word' id='word_1_323' title='bbox 1636 3725 1689 3786; x_wconf 89' lang='lat' dir='ltr'><strong>est</strong></span> <span class='ocrx_word' id='word_1_324' title='bbox 1723 3715 1767 3786; x_wconf 94' lang='lat' dir='ltr'><strong>ab</strong></span> <span class='ocrx_word' id='word_1_325' title='bbox 1795 3713 1846 3786; x_wconf 88' lang='lat' dir='ltr'><strong>eis</strong></span> 
     </span>
     <span class='ocr_line' id='line_1_29' title="bbox 370 3823 1846 3924; baseline 0.001 -22"><span class='ocrx_word' id='word_1_326' title='bbox 370 3842 532 3924; x_wconf 88' lang='lat' dir='ltr'><strong>quantum</strong></span> <span class='ocrx_word' id='word_1_327' title='bbox 559 3831 667 3904; x_wconf 87' lang='lat' dir='ltr'><strong>iactus</strong></span> <span class='ocrx_word' id='word_1_328' title='bbox 694 3843 749 3903; x_wconf 90' lang='lat' dir='ltr'><strong>est</strong></span> <span class='ocrx_word' id='word_1_329' title='bbox 774 3830 906 3924; x_wconf 86' lang='lat' dir='ltr'><strong>lapidis,</strong></span> <span class='ocrx_word' id='word_1_330' title='bbox 934 3841 969 3900; x_wconf 92' lang='lat' dir='ltr'><strong>et</strong></span> <span class='ocrx_word' id='word_1_331' title='bbox 995 3831 1117 3923; x_wconf 87' lang='lat' dir='ltr'><strong>positis</strong></span> <span class='ocrx_word' id='word_1_332' title='bbox 1143 3829 1289 3922; x_wconf 73' lang='lat' dir='ltr'><strong>genibus</strong></span> <span class='ocrx_word' id='word_1_333' title='bbox 1317 3833 1440 3904; x_wconf 92' lang='lat' dir='ltr'><strong>orabat</strong></span> <span class='ocrx_word' id='word_1_334' title='bbox 1489 3823 1516 3872; x_wconf 74' lang='lat'><strong>⁴²</strong></span> <span class='ocrx_word' id='word_1_335' title='bbox 1533 3835 1653 3908; x_wconf 91' lang='lat' dir='ltr'><strong>diceus</strong></span> <span class='ocrx_word' id='word_1_336' title='bbox 1678 3835 1788 3920; x_wconf 89' lang='lat' dir='ltr'><strong>Pater,</strong></span> <span class='ocrx_word' id='word_1_337' title='bbox 1817 3834 1846 3904; x_wconf 92' lang='lat' dir='ltr'><strong>si</strong></span> 
     </span>
     <span class='ocr_line' id='line_1_30' title="bbox 371 3941 1846 4035; baseline 0.001 -13"><span class='ocrx_word' id='word_1_338' title='bbox 371 3952 431 4035; x_wconf 91' lang='lat' dir='ltr'><strong>vis,</strong></span> <span class='ocrx_word' id='word_1_339' title='bbox 458 3951 603 4022; x_wconf 70' lang='lat' dir='ltr'><strong>bausler</strong></span> <span class='ocrx_word' id='word_1_340' title='bbox 629 3951 770 4022; x_wconf 89' lang='lat' dir='ltr'><strong>calicem</strong></span> <span class='ocrx_word' id='word_1_341' title='bbox 797 3952 899 4022; x_wconf 90' lang='lat' dir='ltr'><strong>istum</strong></span> <span class='ocrx_word' id='word_1_342' title='bbox 926 3971 946 4020; x_wconf 87' lang='lat' dir='ltr'><strong>a</strong></span> <span class='ocrx_word' id='word_1_343' title='bbox 972 3972 1042 4020; x_wconf 91' lang='lat' dir='ltr'><strong>me:</strong></span> <span class='ocrx_word' id='word_1_344' title='bbox 1087 3941 1175 3996; x_wconf 52' lang='grc' dir='ltr'><strong>(ω)</strong></span> <span class='ocrx_word' id='word_1_345' title='bbox 1193 3972 1314 4023; x_wconf 87' lang='lat' dir='ltr'><strong>verum</strong></span> <span class='ocrx_word' id='word_1_346' title='bbox 1341 3963 1457 4026; x_wconf 90' lang='lat' dir='ltr'><strong>tamen</strong></span> <span class='ocrx_word' id='word_1_347' title='bbox 1487 3976 1557 4027; x_wconf 96' lang='lat' dir='ltr'><strong>non</strong></span> <span class='ocrx_word' id='word_1_348' title='bbox 1583 3977 1661 4028; x_wconf 89' lang='lat' dir='ltr'><strong>mea</strong></span> <span class='ocrx_word' id='word_1_349' title='bbox 1687 3955 1846 4027; x_wconf 88' lang='lat' dir='ltr'><strong>voluntas</strong></span> 
     </span>
     <span class='ocr_line' id='line_1_31' title="bbox 370 4059 1847 4166; baseline 0 -22"><span class='ocrx_word' id='word_1_350' title='bbox 370 4071 435 4144; x_wconf 89' lang='lat' dir='ltr'><strong>sed</strong></span> <span class='ocrx_word' id='word_1_351' title='bbox 468 4081 525 4142; x_wconf 91' lang='lat' dir='ltr'><strong>tua</strong></span> <span class='ocrx_word' id='word_1_352' title='bbox 559 4070 625 4142; x_wconf 87' lang='lat' dir='ltr'><strong>fiat.</strong></span> <span class='ocrx_word' id='word_1_353' title='bbox 677 4059 816 4119; x_wconf 58' lang='lat' dir='ltr'><strong>”ml</strong></span> <span class='ocrx_word' id='word_1_354' title='bbox 834 4069 1001 4162; x_wconf 79' lang='lat' dir='ltr'><strong>Apparuit</strong></span> <span class='ocrx_word' id='word_1_355' title='bbox 1037 4080 1151 4142; x_wconf 88' lang='lat' dir='ltr'><strong>autem</strong></span> <span class='ocrx_word' id='word_1_356' title='bbox 1186 4071 1231 4142; x_wconf 94' lang='lat' dir='ltr'><strong>illi</strong></span> <span class='ocrx_word' id='word_1_357' title='bbox 1263 4075 1406 4166; x_wconf 78' lang='lat' dir='ltr'><strong>angelus</strong></span> <span class='ocrx_word' id='word_1_358' title='bbox 1438 4074 1485 4146; x_wconf 91' lang='lat' dir='ltr'><strong>de</strong></span> <span class='ocrx_word' id='word_1_359' title='bbox 1518 4075 1616 4148; x_wconf 90' lang='lat' dir='ltr'><strong>caelo</strong></span> <span class='ocrx_word' id='word_1_360' title='bbox 1650 4075 1847 4148; x_wconf 81' lang='lat' dir='ltr'><strong>confortans</strong></span> 
     </span>
     <span class='ocr_line' id='line_1_32' title="bbox 370 4183 1846 4284; baseline 0.001 -21"><span class='ocrx_word' id='word_1_361' title='bbox 370 4213 459 4264; x_wconf 91' lang='lat' dir='ltr'><strong>eum.</strong></span> <span class='ocrx_word' id='word_1_362' title='bbox 503 4191 546 4262; x_wconf 86' lang='lat' dir='ltr'><strong>Et</strong></span> <span class='ocrx_word' id='word_1_363' title='bbox 571 4191 679 4264; x_wconf 87' lang='lat' dir='ltr'><strong>lactus</strong></span> <span class='ocrx_word' id='word_1_364' title='bbox 706 4191 818 4262; x_wconf 89' lang='lat' dir='ltr'><strong>estin</strong></span> <span class='ocrx_word' id='word_1_365' title='bbox 845 4191 970 4281; x_wconf 79' lang='lat' dir='ltr'><strong>agonia</strong></span> <span class='ocrx_word' id='word_1_366' title='bbox 996 4201 1031 4261; x_wconf 90' lang='lat' dir='ltr'><strong>et</strong></span> <span class='ocrx_word' id='word_1_367' title='bbox 1056 4191 1222 4284; x_wconf 85' lang='lat' dir='ltr'><strong>prolixius</strong></span> <span class='ocrx_word' id='word_1_368' title='bbox 1249 4193 1381 4266; x_wconf 90' lang='lat' dir='ltr'><strong>orabat</strong></span> <span class='ocrx_word' id='word_1_369' title='bbox 1420 4183 1499 4266; x_wconf 78' lang='lat' dir='ltr'><strong>“Et</strong></span> <span class='ocrx_word' id='word_1_370' title='bbox 1525 4197 1633 4268; x_wconf 86' lang='lat' dir='ltr'><strong>lactus</strong></span> <span class='ocrx_word' id='word_1_371' title='bbox 1660 4205 1713 4266; x_wconf 89' lang='lat' dir='ltr'><strong>est</strong></span> <span class='ocrx_word' id='word_1_372' title='bbox 1739 4195 1846 4266; x_wconf 92' lang='lat' dir='ltr'><strong>sudor</strong></span> 
     </span>
     <span class='ocr_line' id='line_1_33' title="bbox 369 4304 1845 4404; baseline 0.001 -20"><span class='ocrx_word' id='word_1_373' title='bbox 369 4314 444 4384; x_wconf 91' lang='lat' dir='ltr'><strong>eius</strong></span> <span class='ocrx_word' id='word_1_374' title='bbox 470 4313 558 4383; x_wconf 90' lang='lat' dir='ltr'><strong>sicut</strong></span> <span class='ocrx_word' id='word_1_375' title='bbox 590 4322 708 4404; x_wconf 79' lang='lat' dir='ltr'><strong>guttae</strong></span> <span class='ocrx_word' id='word_1_376' title='bbox 742 4310 917 4404; x_wconf 77' lang='lat' dir='ltr'><strong>sanguinis</strong></span> <span class='ocrx_word' id='word_1_377' title='bbox 951 4310 1164 4384; x_wconf 90' lang='lat' dir='ltr'><strong>decurrentis</strong></span> <span class='ocrx_word' id='word_1_378' title='bbox 1200 4313 1233 4384; x_wconf 95' lang='lat' dir='ltr'><strong>in</strong></span> <span class='ocrx_word' id='word_1_379' title='bbox 1266 4323 1401 4385; x_wconf 90' lang='lat' dir='ltr'><strong>terram.</strong></span> <span class='ocrx_word' id='word_1_380' title='bbox 1454 4304 1582 4362; x_wconf 59' lang='lat' dir='ltr'><strong>“ml</strong></span> <span class='ocrx_word' id='word_1_381' title='bbox 1594 4315 1637 4386; x_wconf 86' lang='lat' dir='ltr'><strong>Et</strong></span> <span class='ocrx_word' id='word_1_382' title='bbox 1662 4338 1740 4388; x_wconf 92' lang='lat' dir='ltr'><strong>cum</strong></span> <span class='ocrx_word' id='word_1_383' title='bbox 1768 4337 1845 4388; x_wconf 90' lang='lat' dir='ltr'><strong>sur-</strong></span> 
     </span>
     <span class='ocr_line' id='line_1_34' title="bbox 369 4431 1844 4527; baseline 0.001 -23"><span class='ocrx_word' id='word_1_384' title='bbox 369 4433 517 4506; x_wconf 90' lang='lat' dir='ltr'><strong>rexisset</strong></span> <span class='ocrx_word' id='word_1_385' title='bbox 543 4433 589 4506; x_wconf 88' lang='lat' dir='ltr'><strong>ab</strong></span> <span class='ocrx_word' id='word_1_386' title='bbox 616 4433 771 4504; x_wconf 89' lang='lat' dir='ltr'><strong>oratione</strong></span> <span class='ocrx_word' id='word_1_387' title='bbox 798 4441 832 4502; x_wconf 88' lang='lat' dir='ltr'><strong>et</strong></span> <span class='ocrx_word' id='word_1_388' title='bbox 859 4432 1011 4502; x_wconf 89' lang='lat' dir='ltr'><strong>venisset</strong></span> <span class='ocrx_word' id='word_1_389' title='bbox 1037 4433 1082 4504; x_wconf 91' lang='lat' dir='ltr'><strong>ad</strong></span> <span class='ocrx_word' id='word_1_390' title='bbox 1108 4431 1294 4527; x_wconf 89' lang='lat' dir='ltr'><strong>discipulos</strong></span> <span class='ocrx_word' id='word_1_391' title='bbox 1321 4456 1413 4520; x_wconf 86' lang='lat' dir='ltr'><strong>euos,</strong></span> <span class='ocrx_word' id='word_1_392' title='bbox 1441 4436 1568 4507; x_wconf 90' lang='lat' dir='ltr'><strong>invenit</strong></span> <span class='ocrx_word' id='word_1_393' title='bbox 1585 4457 1649 4507; x_wconf 91' lang='lat' dir='ltr'><strong>eos</strong></span> <span class='ocrx_word' id='word_1_394' title='bbox 1667 4437 1844 4509; x_wconf 92' lang='lat' dir='ltr'><strong>dormien-</strong></span> 
     </span>
     <span class='ocr_line' id='line_1_35' title="bbox 370 4541 1847 4648; baseline 0 -22"><span class='ocrx_word' id='word_1_395' title='bbox 370 4565 423 4626; x_wconf 90' lang='lat' dir='ltr'><strong>tes</strong></span> <span class='ocrx_word' id='word_1_396' title='bbox 448 4574 535 4648; x_wconf 89' lang='lat' dir='ltr'><strong>prae</strong></span> <span class='ocrx_word' id='word_1_397' title='bbox 560 4553 706 4638; x_wconf 88' lang='lat' dir='ltr'><strong>tristitia,</strong></span> <span class='ocrx_word' id='word_1_398' title='bbox 749 4541 776 4588; x_wconf 77' lang='lat'><strong>⁴⁶</strong></span> <span class='ocrx_word' id='word_1_399' title='bbox 793 4563 828 4622; x_wconf 91' lang='lat' dir='ltr'><strong>et</strong></span> <span class='ocrx_word' id='word_1_400' title='bbox 853 4551 900 4622; x_wconf 85' lang='lat' dir='ltr'><strong>ait</strong></span> <span class='ocrx_word' id='word_1_401' title='bbox 925 4551 988 4622; x_wconf 89' lang='lat' dir='ltr'><strong>illis</strong></span> <span class='ocrx_word' id='word_1_402' title='bbox 1016 4551 1105 4638; x_wconf 89' lang='lat' dir='ltr'><strong>Quid</strong></span> <span class='ocrx_word' id='word_1_403' title='bbox 1132 4551 1312 4625; x_wconf 73' lang='lat' dir='ltr'><strong>dormitis?</strong></span> <span class='ocrx_word' id='word_1_404' title='bbox 1340 4555 1485 4648; x_wconf 78' lang='lat' dir='ltr'><strong>surgite,</strong></span> <span class='ocrx_word' id='word_1_405' title='bbox 1521 4565 1620 4628; x_wconf 89' lang='lat' dir='ltr'><strong>orate</strong></span> <span class='ocrx_word' id='word_1_406' title='bbox 1644 4579 1688 4628; x_wconf 91' lang='lat' dir='ltr'><strong>ue</strong></span> <span class='ocrx_word' id='word_1_407' title='bbox 1715 4557 1847 4628; x_wconf 89' lang='lat' dir='ltr'><strong>intretis</strong></span> 
     </span>
     <span class='ocr_line' id='line_1_36' title="bbox 369 4658 1844 4769; baseline 0.003 -24"><span class='ocrx_word' id='word_1_408' title='bbox 369 4699 403 4745; x_wconf 92' lang='lat' dir='ltr'><strong>m</strong></span> <span class='ocrx_word' id='word_1_409' title='bbox 429 4675 671 4746; x_wconf 85' lang='lat' dir='ltr'><strong>temtationem.</strong></span> <span class='ocrx_word' id='word_1_410' title='bbox 723 4658 850 4720; x_wconf 60' lang='lat' dir='ltr'><strong>‘&#39;lffll</strong></span> <span class='ocrx_word' id='word_1_411' title='bbox 865 4671 988 4744; x_wconf 85' lang='lat' dir='ltr'><strong>Adhuc</strong></span> <span class='ocrx_word' id='word_1_412' title='bbox 1014 4693 1057 4744; x_wconf 87' lang='lat' dir='ltr'><strong>eo</strong></span> <span class='ocrx_word' id='word_1_413' title='bbox 1084 4673 1255 4764; x_wconf 86' lang='lat' dir='ltr'><strong>loquente,</strong></span> <span class='ocrx_word' id='word_1_414' title='bbox 1284 4694 1368 4746; x_wconf 87' lang='lat' dir='ltr'><strong>ecoe</strong></span> <span class='ocrx_word' id='word_1_415' title='bbox 1394 4675 1509 4761; x_wconf 89' lang='lat' dir='ltr'><strong>turba,</strong></span> <span class='ocrx_word' id='word_1_416' title='bbox 1542 4677 1660 4769; x_wconf 90' lang='lat' dir='ltr'><strong>etqui</strong></span> <span class='ocrx_word' id='word_1_417' title='bbox 1692 4677 1844 4750; x_wconf 89' lang='lat' dir='ltr'><strong>vocaba-</strong></span> 
     </span>
     <span class='ocr_line' id='line_1_37' title="bbox 369 4791 1847 4892; baseline 0 -26"><span class='ocrx_word' id='word_1_418' title='bbox 369 4806 423 4867; x_wconf 90' lang='lat' dir='ltr'><strong>tur</strong></span> <span class='ocrx_word' id='word_1_419' title='bbox 448 4795 549 4869; x_wconf 87' lang='lat' dir='ltr'><strong>ludas</strong></span> <span class='ocrx_word' id='word_1_420' title='bbox 576 4816 663 4866; x_wconf 87' lang='lat' dir='ltr'><strong>unus</strong></span> <span class='ocrx_word' id='word_1_421' title='bbox 691 4793 737 4866; x_wconf 91' lang='lat' dir='ltr'><strong>de</strong></span> <span class='ocrx_word' id='word_1_422' title='bbox 763 4791 947 4864; x_wconf 89' lang='lat' dir='ltr'><strong>duodecim</strong></span> <span class='ocrx_word' id='word_1_423' title='bbox 974 4791 1204 4864; x_wconf 88' lang='lat' dir='ltr'><strong>antecedebat</strong></span> <span class='ocrx_word' id='word_1_424' title='bbox 1229 4813 1308 4880; x_wconf 88' lang='lat' dir='ltr'><strong>eos,</strong></span> <span class='ocrx_word' id='word_1_425' title='bbox 1335 4805 1371 4868; x_wconf 90' lang='lat' dir='ltr'><strong>et</strong></span> <span class='ocrx_word' id='word_1_426' title='bbox 1397 4797 1683 4892; x_wconf 88' lang='lat' dir='ltr'><strong>appropinquavit</strong></span> <span class='ocrx_word' id='word_1_427' title='bbox 1708 4798 1784 4870; x_wconf 89' lang='lat' dir='ltr'><strong>lesu</strong></span> <span class='ocrx_word' id='word_1_428' title='bbox 1812 4807 1847 4868; x_wconf 88' lang='lat' dir='ltr'><strong>ut</strong></span> 
     </span>
     <span class='ocr_line' id='line_1_38' title="bbox 370 4902 1845 5003; baseline -0.001 -16"><span class='ocrx_word' id='word_1_429' title='bbox 370 4917 584 4988; x_wconf 83' lang='lat' dir='ltr'><strong>oscularetur</strong></span> <span class='ocrx_word' id='word_1_430' title='bbox 610 4937 698 4986; x_wconf 88' lang='lat' dir='ltr'><strong>eum.</strong></span> <span class='ocrx_word' id='word_1_431' title='bbox 750 4903 777 4951; x_wconf 70' lang='lat'><strong>⁴⁸</strong></span> <span class='ocrx_word' id='word_1_432' title='bbox 790 4902 878 4960; x_wconf 59' lang='grc' dir='ltr'><strong>(Μ)</strong></span> <span class='ocrx_word' id='word_1_433' title='bbox 895 4913 991 4984; x_wconf 88' lang='lat' dir='ltr'><strong>lesus</strong></span> <span class='ocrx_word' id='word_1_434' title='bbox 1018 4921 1131 4984; x_wconf 84' lang='lat' dir='ltr'><strong>autem</strong></span> <span class='ocrx_word' id='word_1_435' title='bbox 1159 4911 1245 4986; x_wconf 90' lang='lat' dir='ltr'><strong>dixit</strong></span> <span class='ocrx_word' id='word_1_436' title='bbox 1271 4915 1301 4986; x_wconf 91' lang='lat' dir='ltr'><strong>ei</strong></span> <span class='ocrx_word' id='word_1_437' title='bbox 1326 4916 1426 5003; x_wconf 93' lang='lat' dir='ltr'><strong>luda,</strong></span> <span class='ocrx_word' id='word_1_438' title='bbox 1454 4919 1575 4992; x_wconf 89' lang='lat' dir='ltr'><strong>osculo</strong></span> <span class='ocrx_word' id='word_1_439' title='bbox 1601 4917 1705 4988; x_wconf 87' lang='lat' dir='ltr'><strong>lilium</strong></span> <span class='ocrx_word' id='word_1_440' title='bbox 1732 4917 1845 4989; x_wconf 90' lang='lat' dir='ltr'><strong>bomi-</strong></span> 
     </span>
     <span class='ocr_line' id='line_1_39' title="bbox 369 5023 1845 5132; baseline 0.001 -26"><span class='ocrx_word' id='word_1_441' title='bbox 369 5035 422 5106; x_wconf 91' lang='lat' dir='ltr'><strong>nis</strong></span> <span class='ocrx_word' id='word_1_442' title='bbox 448 5035 581 5108; x_wconf 87' lang='lat' dir='ltr'><strong>tradis‘l</strong></span> <span class='ocrx_word' id='word_1_443' title='bbox 624 5023 756 5081; x_wconf 52' lang='lat' dir='ltr'><strong>”mil</strong></span> <span class='ocrx_word' id='word_1_444' title='bbox 773 5033 936 5106; x_wconf 80' lang='lat' dir='ltr'><strong>videntes</strong></span> <span class='ocrx_word' id='word_1_445' title='bbox 963 5040 1076 5104; x_wconf 89' lang='lat' dir='ltr'><strong>autern</strong></span> <span class='ocrx_word' id='word_1_446' title='bbox 1103 5033 1138 5104; x_wconf 94' lang='lat' dir='ltr'><strong>hi</strong></span> <span class='ocrx_word' id='word_1_447' title='bbox 1164 5033 1222 5126; x_wconf 93' lang='lat' dir='ltr'><strong>qui</strong></span> <span class='ocrx_word' id='word_1_448' title='bbox 1249 5035 1339 5109; x_wconf 92' lang='lat' dir='ltr'><strong>circa</strong></span> <span class='ocrx_word' id='word_1_449' title='bbox 1363 5039 1477 5132; x_wconf 91' lang='lat' dir='ltr'><strong>ipsum</strong></span> <span class='ocrx_word' id='word_1_450' title='bbox 1511 5047 1608 5112; x_wconf 88' lang='lat' dir='ltr'><strong>eraut</strong></span> <span class='ocrx_word' id='word_1_451' title='bbox 1634 5038 1729 5130; x_wconf 93' lang='lat' dir='ltr'><strong>quod</strong></span> <span class='ocrx_word' id='word_1_452' title='bbox 1755 5039 1845 5108; x_wconf 87' lang='lat' dir='ltr'><strong>lutu-</strong></span> 
     </span>
     <span class='ocr_line' id='line_1_40' title="bbox 368 5149 1846 5265; baseline -0.002 -37"><span class='ocrx_word' id='word_1_453' title='bbox 368 5179 445 5265; x_wconf 85' lang='lat' dir='ltr'><strong>rum</strong></span> <span class='ocrx_word' id='word_1_454' title='bbox 471 5167 554 5243; x_wconf 87' lang='lat' dir='ltr'><strong>erat,</strong></span> <span class='ocrx_word' id='word_1_455' title='bbox 582 5153 742 5226; x_wconf 90' lang='lat' dir='ltr'><strong>dixerunt</strong></span> <span class='ocrx_word' id='word_1_456' title='bbox 767 5153 799 5226; x_wconf 89' lang='lat' dir='ltr'><strong>ei</strong></span> <span class='ocrx_word' id='word_1_457' title='bbox 825 5153 979 5238; x_wconf 89' lang='lat' dir='ltr'><strong>Domine,</strong></span> <span class='ocrx_word' id='word_1_458' title='bbox 1007 5151 1036 5224; x_wconf 90' lang='lat' dir='ltr'><strong>si</strong></span> <span class='ocrx_word' id='word_1_459' title='bbox 1061 5153 1270 5246; x_wconf 84' lang='lat' dir='ltr'><strong>perculimus</strong></span> <span class='ocrx_word' id='word_1_460' title='bbox 1306 5159 1340 5230; x_wconf 92' lang='lat' dir='ltr'><strong>iu</strong></span> <span class='ocrx_word' id='word_1_461' title='bbox 1372 5159 1516 5252; x_wconf 75' lang='lat' dir='ltr'><strong>gladio?</strong></span> <span class='ocrx_word' id='word_1_462' title='bbox 1565 5149 1592 5196; x_wconf 82' lang='lat'><strong>⁵⁰</strong></span> <span class='ocrx_word' id='word_1_463' title='bbox 1608 5159 1650 5229; x_wconf 85' lang='lat' dir='ltr'><strong>Et</strong></span> <span class='ocrx_word' id='word_1_464' title='bbox 1678 5157 1846 5251; x_wconf 89' lang='lat' dir='ltr'><strong>percussit</strong></span> 
     </span>
     <span class='ocr_line' id='line_1_41' title="bbox 581 5273 1273 5358; baseline 0.01 -19"><span class='ocrx_word' id='word_1_465' title='bbox 581 5276 584 5288; x_wconf 90' lang='lat'>&#39;</span> <span class='ocrx_word' id='word_1_466' title='bbox 938 5273 1034 5358; x_wconf 88' lang='grc' dir='ltr'><strong>ΧΧΙΙ,</strong></span> <span class='ocrx_word' id='word_1_467' title='bbox 1062 5275 1110 5349; x_wconf 79' lang='grc'><strong>23</strong></span> <span class='ocrx_word' id='word_1_468' title='bbox 1140 5315 1186 5330; x_wconf 90' lang='grc'>-</span> <span class='ocrx_word' id='word_1_469' title='bbox 1216 5279 1273 5348; x_wconf 85' lang='grc'><strong>50.</strong></span> 
     </span>
    </p>
   </div>
   <div class='ocr_carea' id='block_1_3' title="bbox 0 0 2126 6118">
    <p class='ocr_par' dir='ltr' id='par_1_3' title="bbox 0 0 2126 6118">
     <span class='ocr_line' id='line_1_42' title="bbox 0 0 2126 6118; baseline 0 0"><span class='ocrx_word' id='word_1_470' title='bbox 0 0 2126 6118; x_wconf 95' lang='lat' dir='ltr'><strong> </strong></span> 
     </span>
    </p>
   </div>
  </div>
 </body>
</html>
