4220 6124
378 384 452 459 288
832 380 1013 445 EPISTULA
1037 379 1091 444 AD
1118 381 1345 446 couflttfflus
1370 385 1403 446 lh

857 489 1083 498 —n———m

377 593 591 665 voluntatem
619 587 789 659 habemus
815 588 928 680 magis
954 587 1167 680 peregrinari
1193 611 1214 660 a
1241 607 1391 681 corpore
1417 599 1453 658 et
1478 600 1682 682 praesentes
1708 609 1791 680 esse
1817 592 1862 664 ad

379 713 496 784 deum.
544 701 616 779 ’Et
641 707 722 780 ideo
749 707 1000 790 contendimus,
1029 708 1103 780 eive
1120 707 1284 780 absentes
1310 708 1384 780 sive
1402 719 1613 804 praesentes
1641 709 1781 804 placere
1807 711 1861 784 illi.

378 825 405 870 111
421 830 552 902 Omnes
587 828 677 900 enim
709 849 776 899 nos
806 829 1018 900 manifestari
1051 839 1188 922 oportet
1221 839 1301 900 ante
1330 828 1479 900 tribunal
1505 829 1642 914 Christi,
1673 841 1712 902 ut
1736 831 1863 904 reserat

380 949 617 1043 uuusquisque
650 949 792 1042 propria
826 949 1005 1043 corporis,
1048 959 1152 1044 prout
1185 949 1308 1041 gessit,
1343 947 1417 1020 sive
1451 949 1582 1020 honum
1615 949 1689 1022 sive
1721 953 1860 1024 malum.

378 1061 470 1117 11111)
495 1053 651 1141 Scientes
683 1090 768 1162 argo
802 1070 961 1142 timorem
997 1069 1126 1141 domini
1161 1068 1359 1140 hominibus
1393 1068 1596 1154 suademus,
1638 1069 1709 1142 deo
1744 1081 1860 1144 autem

379 1191 551 1262 manifesti
577 1211 716 1261 sumum:
752 1211 857 1284 spero
893 1199 1011 1262 autem
1046 1199 1082 1260 et
1106 1191 1141 1260 in
1173 1187 1390 1261 conscientiis
1416 1188 1542 1260 vestris
1569 1190 1771 1262 manifestos
1797 1215 1862 1265 nos

379 1333 469 1384 esse.
523 1299 708 1381 111111Νοιι
740 1310 863 1381 itemm
895 1331 961 1380 noe
994 1308 1282 1382 commendamus
1314 1308 1431 1394 vobis,
1458 1309 1524 1380 sed
1550 1310 1771 1402 occasionem
1797 1313 1861 1386 dn-
1958 1391 1959 1394 ,

379 1453 460 1520 mus
481 1429 584 1501 vobis
611 1428 781 1522 gloriandi
806 1451 869 1523 pro
894 1430 1005 1516 nobis,
1031 1439 1069 1502 ut
1094 1429 1251 1501 habeatis
1278 1428 1323 1500 ad
1356 1448 1421 1500 eos
1447 1429 1504 1521 qui
1535 1429 1684 1501 insacia
1710 1433 1861 1524 glorian-

379 1563 434 1624 tur
461 1562 589 1623 elnon
616 1549 650 1620 in
676 1549 794 1622 corde.
847 1542 873 1586 11
890 1550 970 1622 Sive
1003 1551 1095 1622 enim
1128 1559 1244 1621 mente
1277 1548 1498 1634 excedimus,
1532 1549 1619 1634 de03
1655 1550 1730 1622 sive
1756 1553 1861 1624 sobrii

380 1695 515 1756 sumus,
553 1669 666 1742 vohis
724 1659 750 1706 11
768 1669 898 1742 Caritas
936 1671 1040 1770 enim
1064 1671 1184 1742 Christi
1222 1678 1324 1763 urget
1365 1690 1447 1754 nos,
1496 1661 1522 1706 ¹⁵
1539 1670 1761 1742 aestimantes
1794 1672 1862 1744 boe

381 1792 545 1886 quoniam
573 1791 604 1862 si
627 1812 718 1862 unrrs
744 1811 809 1883 pro
837 1791 997 1862 omnibns
1024 1799 1182 1862 mortuns
1209 1800 1271 1876 est,
1298 1810 1385 1882 ergo
1413 1809 1535 1860 omnes
1561 1790 1687 1860 mortui
1713 1803 1800 1878 sunt,
1828 1803 1863 1864 et

379 1933 444 2008 pro
472 1911 632 1983 omnibus
659 1919 816 1982 mortuus
842 1922 959 1984 estut
985 1920 1021 1982 et
1045 1910 1103 2003 qui
1137 1905 1273 1982 'vivrmt
1297 1911 1367 1982 iam
1392 1931 1463 1980 non
1488 1909 1555 1980 sibi
1580 1910 1711 1996 vivant,
1738 1913 1804 1984 sed
1829 1915 1861 1984 ei

379 2034 438 2126 qui
462 2053 527 2126 pro
555 2031 638 2124 ipsis
664 2041 821 2102 mortuus
848 2041 963 2104 estet
989 2029 1187 2103 resurrexit.
1230 2020 1320 2080 11111)
1341 2031 1460 2124 ltaque
1485 2053 1550 2103 nos
1577 2025 1771 2102 'neminem
1796 2054 1861 2104 no-

381 2155 493 2225 vimus
520 2151 711 2224 seeundum
738 2171 894 2222 earnem:
922 2163 958 2224 et
982 2153 1013 2224 si
1037 2149 1264 2243 cognovimus
1290 2149 1481 2222 secundnm
1515 2169 1656 2220 carnem
1682 2151 1860 2237 Christum,

381 2274 446 2346 sed
472 2293 562 2344 nunc
587 2272 656 2342 iam
681 2291 752 2342 non
776 2271 945 2343 novimus
997 2263 1023 2307 11
1041 2272 1076 2342 Si
1101 2292 1170 2364 qua
1195 2291 1282 2364 ergo
1316 2271 1351 2342 in
1376 2270 1527 2354 Christo,
1562 2291 1654 2342 nova
1688 2281 1859 2344 creatura:

379 2405 501 2466 vetera
535 2390 759 2475 transierunt,
793 2409 877 2462 ecce
910 2391 1000 2462 lacta
1026 2399 1106 2462 sunt
1136 2413 1238 2464 novo.
1290 2382 1317 2426 11
1334 2391 1455 2462 Omnia
1481 2399 1598 2462 antem
1624 2411 1672 2462 ex
1697 2390 1778 2476 deo,
1804 2393 1859 2484 qni

353 2512 614 2586 .reconctliavit
644 2533 712 2582 nos
744 2509 809 2581 sibi
843 2530 908 2602 per
933 2509 1101 2582 Christum
1135 2520 1171 2584 et
1197 2509 1294 2584 dedit
1323 2510 1426 2582 nobis
1452 2510 1676 2582 ministerium
1703 2512 1859 2586 reconci-

379 2632 545 2716 liationis,
589 2622 616 2668 11
628 2630 790 2724 qnoniam
818 2628 957 2722 quidem
983 2630 1073 2704 dens
1099 2640 1172 2702 erat
1206 2630 1241 2702 in
1267 2630 1403 2702 Christo
1436 2631 1604 2704 munuum
1635 2633 1860 2704 reconcilians

381 2751 456 2838 sibi,
482 2773 554 2823 non
585 2760 750 2845 reputans
782 2751 846 2822 illis
879 2749 1003 2822 delicta
1035 2751 1207 2844 ipsorum,
1234 2760 1270 2821 et
1301 2751 1419 2844 posuit
1443 2751 1478 2822 in
1502 2751 1604 2824 nobis
1631 2753 1777 2826 vorhtun
1802 2774 1859 2824 re·

380 2871 635 2946 conciliatione.
685 2863 712 2910 ’⁰
728 2869 796 2942 Pro
831 2867 965 2942 Christo
997 2891 1083 2962 ergo
1113 2871 1323 2964 legationem
1356 2871 1540 2963 fungimur,
1581 2881 1759 2966 umquam
1790 2873 1858 2946 den

379 2993 588 3066 exhortante
613 3011 678 3084 per
702 3013 784 3064 nos:
811 2991 1038 3062 obsecramus
1065 3012 1129 3084 pro
1157 2990 1301 3076 Christo,
1328 2991 1592 3064 reconciliamini
1617 2993 1697 3066 deo.
1735 2985 1759 3032 11
1773 2994 1859 3066 llum

380 3114 438 3207 qni
462 3133 534 3184 non
560 3120 706 3182 noverat
730 3121 915 3204 peecatum
941 3132 1006 3204 pro
1031 3111 1133 3182 nobis
1159 3121 1341 3205 peccattma
1367 3113 1463 3198 lecit,
1491 3123 1529 3184 ut
1552 3135 1618 3184 nos
1644 3112 1859 3186 efficeremur

378 3233 505 3306 institia
531 3231 589 3303 dei
613 3230 761 3324 inipso.

1099 3507 1149 3576 Vl.

457 3707 700 3783 ¹Adiuvantes
727 3721 842 3783 autem
869 3723 903 3783 et
937 3709 1157 3784 'exortamur
1188 3734 1233 3783 ne
1260 3713 1294 3784 in
1320 3735 1465 3785 vacuum
1499 3709 1662 3808 'gratiam
1688 3713 1745 3785 dei
1770 3733 1858 3782 recr-

381 3833 491 3927 piatis.
534 3823 621 3901 ²Ait
646 3832 737 3902 enim
764 3833 936 3925 Tempore
971 3843 1117 3926 accepto
1143 3831 1305 3904 exaudivi
1341 3843 1384 3919 te,
1412 3845 1447 3905 et
1473 3833 1530 3906 die
1557 3834 1674 3906 salutis
1700 3833 1858 3904 adiuvavi

380 3964 424 4024 te.
452 3942 498 3998 111)
517 3951 608 4022 Eece
643 3973 732 4022 nunc
766 3963 904 4046 tempus
936 3953 1165 4045 acceptabile,
1193 3973 1277 4024 ecce
1302 3974 1394 4024 nune
1419 3953 1495 4024 dies
1522 3955 1649 4026 salutis.
1700 3945 1856 4022 ³Nemini

380 4073 503 4144 dantes
530 4071 632 4142 ullam
660 4071 898 4158 offensionem,
923 4083 1055 4144 utnon
1080 4073 1294 4166 vituperetur
1319 4071 1543 4144 ministerium
1561 4081 1732 4152 nostrum,
1764 4059 1855 4142 *sed

379 4193 415 4264 in
440 4191 600 4264 omnihus
627 4191 855 4282 exhibeamus
888 4203 1027 4263 nosmet
1058 4193 1155 4286 ipsos
1189 4193 1276 4264 sicut
1302 4192 1361 4264 dei
1386 4193 1574 4279 ministros,
1602 4195 1637 4264 in
1663 4192 1767 4264 multa
1792 4213 1858 4284 pa-

379 4311 514 4398 tientia,
547 4312 582 4382 'm
607 4309 898 4397 tribulationibus,
933 4312 967 4382 iu
992 4314 1274 4397 necessitatibus,
1300 4313 1335 4384 in
1361 4314 1544 4406 angustiis,
1587 4305 1653 4384 ³⁵in
1679 4311 1799 4407 plagis,
1826 4314 1860 4382 in
1920 4340 1924 4348 ·

380 4431 649 4516 carceribus,in
675 4431 909 4516 seditionibus,
936 4432 971 4503 in
996 4433 1182 4519 laboribus,
1208 4434 1241 4504 in
1268 4434 1401 4527 vigiliis,
1427 4435 1462 4506 in
1479 4434 1626 4518 ieiuniis,
1669 4423 1730 4504 6iu
1755 4433 1859 4503 casti·

380 4561 461 4637 tate,
488 4552 702 4636 inscientia,
729 4551 764 4622 in
789 4547 1053 4644 longanimitate,
1079 4553 1114 4624 in
1142 4555 1321 4640 suavitate,
1348 4556 1383 4625 in
1410 4554 1529 4648 spiritu
1552 4563 1682 4639 amem,
1708 4555 1743 4625 in
1770 4553 1858 4625 cari-

381 4683 451 4744 tate
483 4694 554 4744 non
584 4671 680 4756 licta,
723 4663 788 4742 ⁷in
811 4673 923 4744 verbo
949 4673 1119 4754 veritatis,
1145 4675 1181 4744 in
1209 4674 1335 4746 virtute
1361 4674 1429 4760 dei,
1455 4693 1642 4768 perarma
1667 4673 1813 4746 iusddne
1838 4693 1859 4743 a

380 4793 514 4866 dextris
539 4803 575 4866 et
601 4791 761 4876 smbtris,
803 4783 899 4886 ⁸per
924 4794 1069 4886 gloriam
1096 4803 1131 4864 et
1155 4793 1416 4886 ignobilitatem,
1443 4815 1508 4888 per
1532 4793 1705 4864 infamiam
1731 4805 1768 4865 et
1791 4795 1858 4866 bo·

378 4933 460 4984 nam
487 4915 623 4998 lamam,
649 4923 688 4984 nt
704 4911 908 4986 seductores
935 4925 971 4986 et
987 4935 1143 4999 veraces,
1170 4913 1257 4985 sicut
1282 4915 1341 5008 qui
1357 4915 1466 5022 ignoti
1482 4924 1518 4986 ct
1538 4913 1686 5008 cogniti,
1729 4907 1858 5007 ⁹qnasi

379 5033 569 5104 morientes
595 5041 631 5102 et
656 5053 741 5104 eece
758 5023 923 5120 'vivimus
950 5045 988 5106 nt
1014 5034 1170 5128 castigati
1187 5045 1223 5106 et
1247 5055 1318 5106 non
1332 5035 1544 5119 mnibono,
1587 5025 1614 5070 11
1625 5035 1726 5126 masi
1742 5035 1858 5106 histes

381 5171 522 5246 semper
563 5161 677 5224 autem
718 5154 926 5245 gaudentes,
969 5155 1057 5244 sicut
1098 5165 1244 5248 egentes
1285 5155 1412 5228 multos
1451 5166 1565 5228 antem
1599 5155 1858 5250 locupletantes
1987 5143 1991 5150 ’

555 5269 561 5285 '
959 5276 996 5360 V,
1024 5277 1045 5346 9
1077 5313 1119 5326 -
1149 5275 1199 5360 vl,
1229 5277 1286 5346 Ν.
