4220 6124
365 353 439 435 616
673 383 709 430 η
824 357 1005 424 666666
1028 357 1380 424 1666666661.

366 568 474 642 debet
498 566 533 637 in
564 586 628 660 spe
654 563 712 658 qui
738 548 812 636 arat
845 585 961 650 arare,
999 577 1036 636 61
1065 565 1123 660 qui
1150 565 1282 638 triturat
1314 566 1347 636 in
1373 586 1438 661 spe
1463 565 1593 636 1666166
1618 564 1840 660 percipiendi.

363 683 387 726 ⁴⁴
403 689 439 760 Si
464 707 531 760 nos
557 685 657 757 vobis
684 683 845 777 spiritalia
870 684 1123 772 seminavimus,
1150 707 1313 778 663666
1339 694 1394 757 661
1419 684 1449 756 61
1474 704 1539 756 666
1557 685 1706 758 carnalia
1723 694 1840 757 vestra

365 808 560 882 metamus?
602 797 628 842 ⁴²
641 804 676 874 Si
708 803 762 876 alii
794 803 973 897 potestatis
1003 813 1143 878 vestrae
1177 806 1360 902 participes
1387 815 1481 891 6661,
1513 825 1583 876 666
1608 805 1723 899 661166
1748 808 1840 877 nos?

367 929 438 1002 Sed
462 949 534 998 non
559 924 612 998 usi
637 944 756 994 sumus
782 922 848 996 hac
873 933 1054 1018 potestate,
1080 925 1145 998 sed
1179 921 1313 998 'omnia
1338 925 1547 998 sustinemus
1572 945 1618 997 ne
1644 925 1740 1020 quod
1767 920 1840 998 'ol-

366 1048 537 1122 iendicum
570 1043 694 1116 demus
723 1043 904 1138 evangelio
939 1044 1070 1118 Christi.
1121 1037 1147 1082 ¹³
1159 1045 1304 1118 Nescitis
1338 1045 1501 1140 6666166
1533 1045 1656 1140 quiin
1690 1045 1841 1118 sacrario

367 1166 576 1263 'operantur
608 1183 698 1258 quae
731 1161 778 1236 de
810 1163 962 1237 sacrario
996 1174 1080 1270 sunt
1107 1163 1239 1238 edunt?
1274 1165 1332 1260 qui
1363 1165 1482 1238 altario
1515 1164 1728 1251 deserviunt,
1763 1187 1840 1238 cum

366 1289 486 1360 altario
510 1285 779 1381 participantur?
832 1271 918 1355 “lta
944 1293 980 1356 et
1005 1284 1166 1358 dominus
1193 1285 1363 1358 ordinavit
1387 1285 1441 1356 bis
1467 1285 1526 1378 qui
1543 1284 1759 1378 evangelium
1776 1283 1841 1358 ad-

365 1408 519 1482 nuntiant
544 1405 590 1480 de
616 1404 797 1498 evangelio
824 1404 959 1476 vivere:
1001 1393 1028 1440 ¹⁵
1040 1424 1108 1498 636
1136 1415 1251 1478 autem
1276 1405 1368 1478 nullo
1394 1404 1517 1476 borum
1545 1426 1627 1477 usus
1645 1427 1731 1478 sum.
1763 1405 1841 1477 Non

366 1528 487 1624 scripsi
512 1535 628 1600 autem
652 1524 742 1596 1666
766 1533 804 1596 61
828 1524 875 1598 116
901 1523 984 1598 liant
1008 1523 1043 1596 iu
1067 1545 1142 1596 mc:
1169 1525 1299 1598 bonum
1325 1534 1380 1596 661
1404 1525 1495 1598 6616
1521 1524 1602 1596 mibi
1627 1525 1736 1620 66316
1754 1525 1842 1598 6661

366 1671 470 1744 quam
496 1658 534 1719 61
558 1644 702 1740 3166166
728 1665 844 1716 6666
871 1644 947 1738 6616
973 1654 1128 1718 evacuet.
1166 1636 1193 1682 ¹⁶
1208 1646 1296 1718 Nam
1322 1647 1353 1717 si
1369 1645 1667 1738 evangelizavero,
1695 1653 1843 1720 nonest

366 1764 934 1862 61111316616;.66666611666616
961 1765 1042 1836 mibi
1076 1765 1256 1838 incumbit:
1286 1786 1353 1838 vac
1383 1766 1473 1838 enim
1506 1765 1589 1838 mibi
1621 1775 1676 1838 est
1711 1765 1740 1838 si
1772 1785 1842 1836 non

366 1888 662 1982 evangelizavero.
713 1877 907 1956 Π816616
933 1885 1055 1958 ‘volens
1079 1885 1148 1960 boc
1173 1907 1251 1978 636,
1278 1884 1478 1960 mercedem
1504 1885 1637 1972 habeo;
1670 1885 1700 1958 si
1727 1895 1842 1958 autem

366 2011 499 2094 invitus,
527 2005 736 2102 dispensatio
764 2004 846 2076 mihi
871 2003 1000 2077 credita
1028 2015 1091 2078 est.
1143 1997 1169 2042 ⁴⁸
1188 2005 1284 2092 Quae
1318 2013 1372 2076 est
1397 2027 1482 2100 ergo
1515 2026 1650 2078 merces
1676 2008 1780 2078 mea‘l
1807 2014 1843 2078 61

367 2128 585 2224 evangelium
615 2125 821 2222 praedicans
856 2123 931 2196 sine
965 2135 1104 2220 sumptu
1134 2147 1262 2220 ponam
1295 2126 1529 2220 evangelium,
1563 2135 1695 2200 utnon
1720 2125 1843 2198 abutm

367 2257 542 2348 potestate
574 2267 651 2319 mea
687 2245 721 2316 in
755 2244 945 2338 evangelio.
999 2237 1024 2283 ⁴⁹
1037 2236 1084 2290 ‘⁴¹‘
1100 2246 1186 2318 Nam
1219 2267 1296 2318 cum
1328 2246 1561 2320 liberassem
1593 2267 1639 2318 ex
1672 2245 1841 2346 omnibus,

368 2371 519 2446 omnium
553 2387 610 2438 me
642 2387 782 2438 servum
813 2365 941 2437 166161
971 2365 1087 2460 plures
1113 2365 1197 2438 lucri
1222 2366 1391 2438 iacerem:
1443 2360 1760 2440 1161166166666
1786 2366 1840 2436 16-

368 2491 466 2566 daeis
492 2497 667 2580 tamquam
693 2483 851 2572 Iudaeus,
878 2484 1087 2558 6116116666
1112 2485 1278 2572 lucrarcr3
1306 2485 1358 2558 bis
1385 2488 1443 2580 qui
1470 2487 1534 2559 sub
1551 2488 1631 2580 1636
1648 2497 1726 2558 sunt
1744 2486 1842 2579 quasi

368 2612 433 2684 sub
464 2611 546 2702 1636
578 2627 710 2691 66666,
742 2626 820 2678 666
853 2604 928 2699 ipse
962 2627 1032 2678 non
1064 2626 1179 2678 essem
1211 2605 1278 2680 sub
1309 2607 1401 2700 1636,
1437 2617 1474 2680 61
1499 2629 1563 2681 666
1589 2608 1647 2702 qui
1671 2607 1737 2680 sub
1763 2607 1842 2700 1636

369 2727 467 2806 crant
491 2727 574 2800 lucri
600 2727 767 2811 iacerem,
810 2716 833 2762 ²¹
849 2724 902 2796 bis
929 2724 986 2818 qui
1012 2723 1183 2820 61661636
1209 2735 1306 2798 erant
1331 2736 1506 2822 tamquam
1530 2728 1698 2822 61661636
1717 2747 1842 2811 essem,

370 2873 449 2924 cum
476 2847 654 2940 61661636
681 2844 738 2918 dei
764 2867 835 2917 non
869 2865 982 2917 essem
1010 2845 1074 2918 sed
1106 2844 1141 2918 in
1172 2848 1252 2940 1636
1279 2867 1394 2919 66666
1421 2847 1552 2934 Christi,
1576 2857 1614 2920 ut
1638 2847 1723 2919 lucri
1748 2847 1842 2919 iace·

369 2993 444 3044 rem
471 2989 535 3042 666
562 2965 620 3060 661
646 2965 719 3038 6166
745 2966 824 3058 1636
851 2974 963 3038 erant:
1007 2957 1033 3002 Ἠ
1049 2966 1157 3038 iactus
1183 2989 1259 3040 sum
1285 2966 1426 3040 infirmis
1452 2967 1612 3054 infirmus,
1641 2979 1677 3040 61
1691 2965 1844 3038 infirmos

369 3090 453 3164 lucri
483 3089 650 3160 iacerem:
686 3085 845 3158 omnibus
879 3085 994 3158 omnia
1033 3087 1142 3158 iactus
1177 3107 1267 3173 sum,
1306 3097 1343 3160 ut
1377 3110 1499 3160 omnes
1531 3091 1683 3162 iacerem
1717 3087 1844 3158 salvos.
1955 3105 1959 3112 ·

292 3278 296 3286 .
368 3203 396 3248 ’³
413 3209 536 3282 Omnia
575 3216 690 3279 autem
724 3205 811 3278 16616
852 3217 994 3298 propter
1035 3206 1269 3300 evangelium,
1306 3219 1344 3278 ut
1380 3201 1555 3304 particeps
1597 3209 1671 3282 6166
1704 3206 1844 3280 efficiar.

368 3319 395 3368 Ἃ
408 3321 459 3378 ‘⁴¹³
472 3328 618 3400 Nescitis
645 3326 740 3421 quod
773 3325 808 3396 bi
834 3325 892 3418 qui
918 3325 952 3396 in
977 3325 1089 3398 stadio
1116 3336 1255 3400 currunt
1288 3349 1409 3400 omnes
1436 3329 1576 3421 quidem
1604 3337 1754 3414 currunt,
1781 3325 1845 3399 sed

371 3470 457 3519 unus
484 3431 613 3541 accipit
643 3445 827 3518 brabium?
864 3445 919 3516 Sic
954 3447 1078 3518 currite
1110 3457 1148 3520 ut
1177 3443 1495 3541 ‘conprehendatis
1546 3443 1573 3487 5
1586 3449 1705 3520 Omnis
1731 3456 1844 3518 autem

371 3566 428 3660 qui
459 3566 493 3637 in
528 3587 642 3660 63666
675 3565 851 3642 contendit
885 3565 929 3637 ab
957 3567 1116 3638 omnibus
1150 3587 1189 3638 66
1215 3567 1379 3654 abstinct3
1406 3579 1441 3640 et
1466 3569 1511 3640 illi
1536 3569 1676 3660 quidem
1703 3577 1740 3638 61
1766 3589 1845 3638 cor·
1906 3551 1911 3558 ’

371 3685 565 3781 ruptibilem
592 3707 756 3758 coronam
784 3685 966 3780 accipiant,
999 3707 1064 3760 nos
1097 3696 1210 3758 66166
1242 3688 1485 3782 1666666166.
1537 3679 1626 3738 ”lul
1644 3688 1719 3780 Ego
1746 3685 1846 3778 igitur

372 3807 422 3878 sic
449 3826 549 3878 curro
575 3797 770 3898 66666661
796 3806 832 3876 in
857 3805 1032 3892 incertum,
1059 3807 1251 3902 61666366
1277 3831 1347 3882 666
1367 3810 1466 3902 quasi
1484 3829 1600 3882 aorem
1627 3803 1845 3889 'verberans

370 3918 396 3962 ²⁷
414 3925 478 4000 scd
505 3925 637 4019 castigo
663 3947 789 4022 corpus
815 3947 931 3998 6666
958 3935 994 3997 61
1018 3925 1052 3997 16
1077 3927 1276 4001 servitutem
1302 3929 1435 4021 redigo,
1461 3949 1506 4000 ne
1531 3927 1636 4012 sorte,
1668 3947 1745 3998 cum
1772 3923 1846 3996 obis

370 4043 653 4139 praedicaverim,
681 4047 758 4140 ipse
782 4047 955 4142 reprobus
982 4045 1119 4120 efficiar.

1090 4323 1129 4392 X.

451 4519 529 4575 “⁴⁴³
547 4527 636 4598 Nolo
670 4529 761 4600 enim
792 4549 859 4600 vos
891 4528 1068 4620 ignorare,
1102 4531 1234 4617 babes,
1261 4529 1422 4624 quoniam
1450 4539 1566 4622 patres
1592 4530 1709 4600 nostri·
1728 4549 1848 4600 omnes

372 4646 438 4718 sub
465 4647 558 4720 nube
585 4647 718 4721 norunt
744 4657 779 4718 61
804 4669 926 4720 omnes
952 4669 1049 4720 mare
1074 4650 1293 4736 transierunt,
1336 4643 1403 4723 2et
1420 4671 1542 4723 omnes
1559 4649 1593 4719 in
1618 4649 1717 4722 11666
1734 4649 1847 4743 bapti»

373 4767 440 4840 zati
465 4778 544 4840 sunt
569 4768 603 4838 in
628 4769 720 4842 nube
747 4777 782 4840 61
807 4768 840 4840 16
866 4769 966 4855 mari,
1009 4761 1076 4842 ³et
1093 4791 1216 4842 omnes
1232 4769 1382 4845 eandem
1408 4791 1526 4843 escam
1545 4769 1730 4864 spiritalem
1749 4789 1847 4840 mau-

373 4887 587 4962 ducaverunt
641 4879 707 4960 *et
746 4911 868 4962 omnes
901 4889 1049 4964 eundem
1091 4899 1212 4984 potum
1251 4891 1436 4985 spiritalem
1471 4890 1644 4962 biberunt:
1683 4889 1848 4962 bibebant

283 5025 285 5030 ’
375 5018 491 5080 66166
523 5009 569 5081 de
600 5009 740 5102 spiritali
771 5011 995 5104 consequenti
1033 5029 1097 5082 666
1132 5019 1250 5105 petra,
1290 5021 1390 5104 petra
1424 5021 1540 5084 autem
1574 5021 1649 5084 erat
1681 5011 1847 5082 Christus:

374 5121 470 5200 ⁵sod
496 5149 565 5200 666
590 5129 625 5200 16
651 5129 805 5222 pluribus
837 5152 958 5204 eorum
990 5130 1242 5224 beneplacitum
1274 5141 1328 5203 est
1361 5131 1446 5216 deo,
1479 5153 1559 5202 nam
1585 5131 1747 5224 prostrati
1773 5139 1850 5200 sunt

948 5251 1001 5333 lX,
1030 5252 1069 5320 11
1108 5290 1149 5303 -
1179 5251 1218 5337 X,
1247 5255 1280 5324 5.
