4220 6124
363 375 436 446 292
814 374 992 438 EPISTULA
1018 375 1070 438 AD
1097 377 1321 440 CORINTHIOS
1345 378 1378 438 ll.

370 481 638 490 -..--·———----—-.

362 581 394 652 in
435 602 579 665 omnes,
623 571 649 616 ¹⁴
666 588 700 649 et
738 579 891 673 ipsorum
931 581 1176 652 observatione
1209 603 1272 676 pro
1306 581 1428 666 vobis,
1468 579 1735 654 desiderantium
1770 599 1833 649 vos

362 711 505 796 propter
532 699 736 772 eminentem
753 700 906 792 gratiam
934 701 992 773 dei
1017 702 1051 772 iu
1076 701 1187 774 vobis.
1238 693 1264 736 ¹⁵
1281 701 1413 774 Gratias
1440 701 1508 772 deo
1537 721 1642 794 super
1675 693 1833 770 'inenar-

363 822 460 894 rabili
485 821 579 894 dono
606 820 688 890 eius.

1076 1099 1115 1168 X.

443 1297 551 1397 ⁴Ipse
582 1314 697 1373 autem
728 1323 797 1396 ego
829 1301 953 1374 Paulus
988 1304 1137 1377 obsecro
1168 1325 1233 1375 vos
1264 1325 1327 1397 per
1357 1301 1654 1374 mansuetudinem
1689 1311 1724 1374 et
1758 1324 1835 1372 mo-

369 1424 515 1496 destiam
543 1423 676 1507 Christi,
694 1423 768 1515 .qui
793 1423 828 1492 in
852 1424 975 1494 faeiem
1001 1423 1141 1517 quidem
1167 1423 1302 1496 humilis
1327 1423 1415 1494 inter
1444 1445 1527 1509 vos,
1563 1423 1691 1494 absens
1721 1431 1836 1495 autem

363 1543 506 1616 oonfido
534 1544 568 1614 in
592 1543 704 1614 vohis.
763 1533 951 1636 '‘⁸⁸'llogo
979 1554 1092 1616 autem
1122 1533 1167 1614 ne¹
1189 1565 1357 1636 praesens
1383 1545 1531 1617 audeam
1557 1565 1620 1638 per
1646 1565 1723 1616 eam
1751 1563 1836 1614 eon-

368 1664 543 1738 fidentiam
577 1684 645 1755 qua
679 1662 858 1734 existimor
885 1665 1014 1736 audere
1039 1665 1074 1734 in
1100 1662 1287 1755 quosdam,
1323 1664 1381 1756 qui
1406 1663 1612 1736 arbitrantur
1637 1659 1720 1736 'nos
1746 1673 1836 1734 tam-

369 1807 471 1879 quam
499 1782 689 1856 secundum
716 1804 855 1856 carnem
887 1784 1110 1855 ambulemus.
1163 1775 1228 1854 ³ln
1260 1805 1364 1856 earne
1395 1784 1486 1856 enim
1518 1785 1733 1856 ambulantes
1767 1805 1837 1855 non

367 1905 555 1978 secundum
584 1924 722 1975 carnem
748 1904 945 1977 militamus:
988 1895 1098 1975 *nam
1125 1925 1221 1975 arma
1247 1904 1384 1976 militiae
1410 1913 1550 1976 nostrae
1575 1927 1645 1976 non
1677 1903 1835 1988 carnalia,

368 2025 432 2097 sed
463 2025 617 2119 potentia
649 2024 718 2096 deo
752 2023 798 2095 ad
830 2024 1099 2096 destructionem
1131 2025 1372 2111 munitionum,
1415 2017 1584 2096 ⁵eonsilia
1617 2025 1836 2096 destruentes

367 2153 403 2216 et
429 2165 567 2216 omnem
594 2144 803 2217 altitudinem
830 2145 1050 2216 extollentem
1078 2165 1117 2216 se
1145 2145 1313 2218 adversus
1339 2145 1515 2216 seientiam
1533 2145 1600 2230 dei,
1627 2153 1662 2216 et
1683 2138 1734 2215 'in
1752 2165 1836 2238 oap-

367 2264 532 2338 tivitatem
566 2249 777 2358 redigentes
800 2286 938 2336 omnem
972 2265 1178 2336 intellectum
1212 2266 1247 2335 in
1282 2265 1487 2358 obsequium
1522 2263 1662 2350 Christi,
1705 2255 1772 2335 ⁶et
1803 2263 1837 2334 in

365 2394 530 2486 promptu
556 2385 723 2457 babentes
748 2383 865 2455 ulcisci
893 2406 1031 2455 omnem
1057 2385 1366 2472 inoboedientiam,
1394 2407 1472 2458 oum
1498 2385 1624 2479 inpleta
1649 2384 1749 2455 luerit
1772 2403 1833 2455 ve-

368 2513 440 2576 stra
466 2504 695 2576 oboedientia.
746 2497 1240 2590 ⁷Quaeseeundum1aoiem
1273 2515 1366 2592 sunt,
1401 2505 1525 2577 videte.
1579 2506 1614 2578 Si
1644 2504 1721 2597 quis
1752 2523 1835 2575 non-

368 2623 453 2725 lidet
478 2625 543 2696 sibi
569 2625 689 2696 Christi
716 2646 755 2696 se
781 2645 879 2710 esse,
914 2624 982 2696 hoc
1008 2625 1137 2717 cogitet
1165 2627 1287 2696 iterum
1320 2625 1413 2720 apud
1444 2647 1500 2710 se,
1533 2626 1613 2718 quia
1646 2625 1733 2696 siout
1761 2623 1837 2718 ipse

370 2742 491 2814 Christi
517 2753 584 2830 est,
618 2745 726 2816 itaet
757 2767 832 2817 nos.
883 2739 1000 2817 ⁸Nam
1033 2745 1099 2816 etsi
1131 2746 1274 2840 amplius
1308 2745 1435 2838 aliquid
1467 2745 1630 2838 gloriatus
1661 2745 1759 2816 luero
1792 2743 1837 2816 de

370 2873 542 2958 potestate
572 2875 703 2951 nostra,
734 2887 837 2958 quam
870 2865 966 2938 dedit
993 2859 1171 2938 'dominus
1196 2867 1231 2936 in
1257 2863 1529 2938 aedificationem
1556 2875 1592 2938 et
1616 2887 1687 2936 non
1711 2865 1746 2935 in
1772 2864 1837 2936 de·

370 2985 590 3058 structionem
624 2995 791 3072 vestram,
826 3009 896 3058 non
928 2986 1140 3058 enubeseam.
1192 2978 1265 3057 ⁹Ut
1299 2994 1413 3056 autem
1446 3009 1516 3058 non
1547 2987 1723 3058 existimer
1748 2995 1837 3056 tam-

370 3127 475 3199 quam
501 3116 632 3178 terrere
657 3129 722 3179 vos
747 3129 811 3200 per
837 3106 1010 3201 epistulas.
1063 3099 1088 3144 ⁴⁰
1106 3107 1275 3192 Quoniam
1302 3106 1441 3198 quidem
1468 3107 1648 3201 epistulae,
1676 3105 1836 3199 inquiunt,

370 3247 496 3318 graves
522 3236 601 3298 sunt
626 3237 661 3298 et
686 3227 798 3314 fortis,
831 3227 1024 3322 praesentia
1051 3237 1165 3298 autem
1192 3227 1349 3320 eorporis
1375 3225 1506 3298 infirma
1534 3237 1569 3298 et
1600 3246 1716 3298 sermo
1752 3247 1837 3297 oon-

371 3347 576 3440 temptibilis.
628 3340 651 3383 ¹¹
671 3347 898 3440 Hocoogitet
924 3346 981 3439 qui
1007 3347 1177 3420 eiusmodi
1208 3356 1278 3432 est,
1315 3346 1394 3438 quia
1424 3347 1543 3439 quales
1575 3367 1694 3418 sumus
1726 3346 1838 3417 verbo

370 3488 435 3560 per
461 3467 622 3561 epistulas
648 3467 828 3554 absentes,
856 3468 942 3539 tales
969 3476 1004 3538 et
1028 3477 1231 3562 praesentes
1258 3467 1290 3537 in
1317 3468 1416 3538 laeto.
1469 3458 1494 3502 ¹²
1510 3465 1587 3536 Non
1613 3466 1703 3536 enim
1728 3466 1837 3538 aude-

371 3607 448 3657 mus
479 3587 631 3658 inserere
664 3597 722 3659 aut
753 3608 942 3683 conparare
976 3609 1042 3660 nos
1076 3587 1280 3681 quibusdam
1312 3587 1368 3681 qui
1400 3588 1561 3680 seipsos
1587 3586 1836 3671 commendant,

373 3705 437 3778 sed
462 3705 527 3800 ipsi
552 3708 586 3778 in
611 3707 713 3781 nobis
739 3708 996 3802 nosmetipsos
1022 3709 1201 3780 metientes
1235 3717 1272 3779 et
1303 3715 1545 3802 oomparantes
1577 3715 1714 3776 nosmet
1742 3706 1838 3799 ipsos

370 3827 480 3899 nobis.
524 3821 645 3899 ¹³Nos.
660 3838 774 3900 autem
799 3851 879 3902 non
894 3829 929 3900 in
953 3828 1147 3902 inmensum
1173 3828 1411 3922 gloriabimur,
1430 3826 1619 3898 secundum
1641 3847 1838 3898 mensuram

371 3948 512 4039 regulae
539 3971 641 4042 quam
667 3971 808 4022 mensus
834 3958 887 4019 est
912 3949 1013 4022 nobis
1039 3949 1126 4022 deus
1150 3947 1367 4043 pertingendi
1392 3969 1503 4039 usque
1530 3946 1575 4019 ad
1590 3949 1675 4029 uos,
1717 3933 1743 3982 ⁴⁸
1760 3946 1837 4016 Non

372 4068 462 4138 enim
495 4068 594 4162 quasi
622 4091 693 4141 nnn
727 4069 961 4164 pertingentes
993 4069 1038 4142 nd
1071 4091 1136 4143 vos
1170 4067 1493 4162 superextendimus
1525 4088 1609 4140 nos:
1648 4063 1837 4159 usquead

370 4209 436 4260 vos
475 4189 565 4260 enim
602 4190 821 4282 pervenimus
861 4189 895 4260 in
929 4191 1108 4283 evangeho
1149 4190 1269 4262 Christi
1312 4179 1338 4224 ⁴⁶
1353 4209 1423 4259 non
1455 4187 1488 4258 in
1521 4188 1725 4258 immensum
1759 4187 1836 4279 glo-

371 4308 497 4380 riantes
519 4309 695 4381 inalienis
717 4309 903 4394 laboribus,
931 4331 1029 4404 spem
1052 4319 1166 4383 autem
1189 4309 1357 4380 habentes
1380 4309 1565 4380 crescentis
1589 4307 1670 4380 fidei
1691 4315 1837 4391 vestrae,

371 4429 405 4498 in
425 4430 527 4502 vobis
548 4427 758 4521 magnificari
780 4428 971 4502 secundum
992 4431 1146 4523 regulam
1169 4439 1323 4502 nostram
1345 4427 1380 4499 in
1403 4426 1661 4512 abundantiam,
1696 4417 1722 4464 ¹⁶
1735 4427 1838 4498 etiam

371 4549 404 4619 in
429 4549 485 4622 illa
517 4569 606 4642 quae
638 4549 724 4622 ultra
758 4571 824 4622 vos
860 4558 937 4621 sunt
970 4551 1223 4644 evangelizare,
1258 4571 1329 4622 non
1361 4549 1401 4620 in'
1426 4549 1537 4620 ahena
1570 4548 1688 4640 regula
1718 4547 1754 4616 in
1785 4545 1837 4616 his

372 4691 461 4762 quae
486 4678 607 4764 parata
632 4681 710 4742 sunt
735 4669 882 4763 gloriari.
934 4661 960 4706 ¹⁷
979 4671 1043 4757 Qui
1069 4681 1184 4744 autem
1211 4671 1392 4764 gloriatur,
1424 4669 1458 4739 in
1490 4669 1630 4742 domino
1657 4667 1837 4760 glorietur:

371 4781 483 4862 18ιιοιι
509 4791 598 4862 enim
625 4791 746 4884 quise
773 4791 885 4884 ipsum
912 4790 1145 4876 commendat,
1171 4791 1226 4862 ille
1252 4791 1418 4886 probatus
1445 4799 1515 4874 est,
1550 4787 1614 4860 sed
1640 4810 1744 4882 quem
1771 4787 1837 4860 do-

371 4912 481 4983 miuus
507 4911 735 4984 commendat.

926 5029 980 5116 tx,
1011 5029 1054 5102 tt
1087 5069 1131 5082 -
1159 5030 1199 5114 x,
1230 5033 1285 5103 t8.
