4220 6124
641 1151 644 1158 ’
709 1167 859 1239 mcum
887 1165 1095 1240 uersuum
1121 1164 1181 1238 an
1209 1165 1521 1239 nnnrrrunsus

1103 1443 1125 1512 1.

452 1651 509 1708 ⁹⁰³
527 1659 660 1766 Patulus
688 1703 723 1765 et
749 1693 950 1766 Timotheus
977 1696 1069 1765 servi
1095 1695 1172 1766 lesu
1199 1691 1321 1766 Christi
1352 1694 1511 1765 omnibus
1544 1693 1673 1768 sanctis
1704 1692 1739 1762 in
1766 1691 1861 1762 Chri·

376 1821 430 1884 sto
457 1813 536 1898 iesu
562 1815 620 1906 qui
647 1823 725 1884 sunt
751 1813 912 1907 Philippis
940 1834 1018 1884 cum
1045 1811 1219 1906 episcopis
1246 1823 1281 1883 et
1313 1810 1528 1883 diaconibus.
1580 1803 1728 1882 ’Gratia
1760 1809 1861 1882 vobis

376 1941 411 2002 et
440 1951 512 2024 pax
546 1951 566 2002 a
599 1931 669 2004 deo
703 1939 802 2024 patre
841 1941 962 2001 nostro
997 1941 1032 2002 et
1067 1931 1209 2004 domino
1242 1931 1320 2002 lesu
1351 1930 1495 2002 Christo.
1548 1919 1608 1973 Μ’)
1627 1929 1762 2002 Gratias
1795 1951 1860 2021 ago

377 2050 447 2122 deo
474 2071 555 2121 meo
582 2051 617 2120 in
642 2050 736 2121 omni
763 2050 931 2120 memoria
956 2050 1063 2121 vestri
1105 2043 1279 2142 ‘semper
1304 2050 1339 2118 in
1365 2048 1496 2120 cunctis
1531 2049 1745 2119 orationibus
1777 2049 1861 2118 meis

374 2191 441 2262 pro
469 2169 628 2240 omnibus
654 2169 756 2240 vobis
784 2190 862 2240 cum
888 2167 1017 2260 gaudio
1045 2167 1351 2260 depraecationem
1377 2168 1508 2238 iaciens
1546 2157 1679 2261 ὕειιρετ
1704 2188 1861 2239 commu-

250 2377 253 2388 ·
376 2287 547 2359 nicatione
566 2298 690 2358 'vestra
716 2288 750 2356 in
777 2286 961 2378 evangelio
989 2307 1010 2356 a
1035 2285 1146 2378 prima
1173 2285 1231 2357 die
1256 2307 1370 2378 usque
1402 2307 1511 2370 nunc,
1550 2278 1763 2358 ⁶confidens
1795 2285 1862 2356 hoc

376 2407 490 2498 ipsum
525 2406 605 2498 quia
638 2407 696 2498 qui
730 2405 845 2499 coepit
878 2405 913 2474 in
944 2403 1046 2476 vohis
1081 2425 1171 2499 opus
1205 2404 1337 2475 bonum
1370 2403 1526 2497 perficiet
1558 2425 1670 2498 usque
1702 2405 1738 2475 in
1770 2403 1862 2475 diem

377 2517 472 2594 'Iesu
494 2523 633 2608 Christi,
671 2517 786 2595 qsicut
812 2532 866 2595 est
892 2523 973 2592 mihi
998 2523 1125 2595 iustum
1151 2522 1219 2593 hoc
1246 2523 1375 2594 sentire
1402 2544 1466 2616 pro
1494 2523 1654 2594 omnihus
1680 2523 1791 2607 vobis,
1818 2542 1862 2591 eo

379 2640 475 2734 quod
501 2641 650 2712 habeam
676 2642 710 2711 in
736 2641 844 2714 corde
872 2661 937 2713 vos
963 2650 999 2711 et
1024 2643 1058 2712 in
1083 2641 1226 2713 vincuhs
1252 2641 1339 2712 meis
1366 2651 1402 2712 et
1426 2642 1462 2712 in
1488 2641 1693 2714 defensione
1720 2652 1756 2712 et
1776 2661 1862 2714 con-

378 2759 572 2832 firmatione
604 2761 774 2853 evangeiii
806 2759 922 2830 socios
955 2757 1073 2852 gaudii
1105 2759 1174 2828 mei
1208 2779 1330 2830 omnes
1362 2780 1427 2831 vos
1459 2781 1549 2832 esse.
1602 2753 1746 2832 ΒΤεειίε
1772 2760 1864 2832 enim

378 2879 461 2950 mihi
497 2887 551 2950 est
582 2877 687 2964 deus,
723 2877 903 2972 quomodo
935 2879 1070 2970 cupiam
1105 2897 1227 2949 omnes
1259 2899 1326 2950 vos
1353 2879 1387 2948 in
1412 2879 1603 2950 visceribus
1631 2879 1752 2952 Christi
1777 2879 1863 2950 lesu.

377 2991 447 3068 9Ει
472 2997 540 3068 hoc
567 3017 631 3069 oro
658 3007 695 3068 ut
720 2998 845 3068 caritas
870 3005 989 3068 vestra
1015 2996 1127 3088 magis
1153 3016 1195 3066 ac
1221 2997 1333 3090 magis
1360 2997 1515 3069 abundet
1541 2999 1574 3068 in
1601 2999 1743 3070 seientia
1770 2997 1865 3068 etin

380 3116 473 3186 omni
504 3137 627 3201 sensu,
672 3107 698 3152 ¹⁰
714 3126 751 3187 ut
782 3116 940 3210 probetis
972 3115 1124 3208 potiora,
1161 3123 1196 3184 ut
1224 3115 1297 3188 sitis
1330 3116 1483 3188 sinceres
1510 3126 1545 3188 et
1571 3117 1645 3188 sine
1674 3117 1804 3189 offensa
1830 3115 1866 3184 in

380 3235 472 3306 diem
499 3235 639 3316 Christi,
684 3225 707 3269 ⁴⁴
727 3235 849 3327 repleti
881 3235 990 3306 fructu
1022 3233 1169 3306 iustitiae
1200 3255 1264 3326 ρετ
1291 3231 1460 3306 Christum
1487 3236 1616 3322 lesum,
1653 3237 1687 3306 in
1720 3235 1865 3328 gloriam

381 3363 417 3424 et
442 3354 581 3427 taudem
609 3352 676 3425 dei.
729 3344 755 3390 ¹²
772 3342 805 3398 ‘⁸'
825 3353 920 3424 Scire
949 3363 1065 3425 autem
1092 3373 1158 3424 vos
1183 3352 1275 3436 volo,
1303 3353 1436 3440 iratres,
1465 3355 1544 3446 quia
1571 3375 1662 3446 quae
1689 3355 1780 3426 circa
1806 3375 1864 3424 me

381 3483 458 3542 sunt
483 3473 595 3564 magis
622 3471 668 3542 ad
693 3471 885 3564 proiectum
912 3479 1081 3543 venerunt
1107 3470 1295 3563 evangelii,
1335 3461 1361 3508 ¹³
1378 3472 1423 3543 ita
1450 3486 1487 3543 ut
1512 3474 1646 3544 vincula
1678 3494 1756 3544 mea
1789 3493 1865 3542 ma-

379 3591 504 3662 nitesta
530 3589 653 3662 tierent
677 3591 712 3660 in
730 3591 863 3662 Christo
889 3591 924 3661 in
950 3590 1043 3661 omni
1069 3589 1247 3682 praetorio
1274 3597 1310 3659 et
1335 3590 1369 3659 in
1395 3593 1519 3663 ceteris
1538 3593 1713 3677 omnihus,
1746 3581 1817 3636 “w
1830 3601 1866 3661 et

380 3711 498 3802 piures
525 3731 546 3780 e
573 3709 732 3780 iratribus
758 3711 793 3778 in
820 3709 962 3782 domino
987 3706 1203 3780 confidentes
1220 3707 1362 3779 vinculis
1380 3710 1473 3792 meis
1487 3710 1717 3782 abundantius
1735 3709 1865 3782 audere

381 3828 456 3926 sine
482 3828 605 3899 timore
630 3828 776 3900 verbum
804 3827 989 3921 deiloqui.
1034 3819 1060 3863 ⁴⁵
1074 3825 1223 3913 Quidam
1250 3825 1390 3918 quidem
1419 3837 1454 3898 et
1479 3839 1624 3922 propter
1649 3829 1812 3902 invidiam
1830 3839 1867 3900 et

381 3945 644 4031 contentionem,
672 3945 813 4038 quidam
838 3957 953 4019 autem
977 3957 1012 4018 et
1035 3955 1179 4039 propter
1195 3945 1327 4016 bonam
1344 3946 1555 4018 voluntatem
1574 3947 1743 4020 Christum
1761 3968 1866 4042 prae-

381 4064 520 4150 dicant;¹
552 4055 732 4157 ¹⁶quidam
759 4087 806 4136 ex
833 4067 982 4152 caritate,
1011 4065 1161 4136 scientes
1186 4066 1349 4156 quoniam
1373 4067 1407 4136 in
1430 4065 1671 4138 defensionem
1694 4067 1867 4159 evangelii

380 4184 513 4276 positus
540 4203 633 4268 sum,
678 4175 704 4220 ⁴³
722 4184 863 4277 quidam
891 4195 1006 4256 autem
1034 4205 1081 4254 ex
1107 4178 1347 4256 'contentione
1375 4184 1544 4256 Christum
1571 4183 1772 4282 adnuntiant
1797 4206 1868 4256 non

380 4303 537 4387 sincere,
579 4302 817 4374 existimantes
856 4323 1079 4396 praessuram
1119 4322 1158 4372 se
1199 4302 1366 4372 suscitare
1405 4303 1549 4373 vinculis
1583 4305 1680 4374 meis.
1732 4293 1758 4340 ⁴⁸
1776 4303 1868 4389 Quid

381 4424 500 4492 enim?
528 4420 612 4492 dum
639 4421 881 4506 omnimodo,
916 4421 990 4492 sive
1017 4441 1081 4514 per
1108 4419 1327 4500 occasionem
1354 4421 1429 4491 sive
1456 4441 1519 4513 per
1544 4421 1741 4504 veritatem,
1769 4421 1867 4492 Chri-

381 4548 454 4611 stus
482 4539 712 4626 adnuntietur,
741 4551 777 4612 ct
802 4539 836 4611 in
862 4541 929 4611 hoc
956 4533 1125 4632 'gaudem
1153 4537 1218 4610 sed
1245 4549 1280 4609 et
1306 4537 1488 4629 gaudebo:
1528 4529 1555 4575 ⁴⁰
1568 4539 1642 4611 scio
1670 4541 1759 4610 enim
1787 4541 1870 4632 quia

380 4657 449 4730 hoc
475 4657 557 4728 mihi
584 4661 764 4754 proveniet
789 4659 823 4730 in
849 4658 996 4730 salutem
1023 4679 1088 4751 per
1114 4665 1267 4729 vestram
1295 4658 1487 4729 orationem
1515 4667 1550 4728 et
1580 4657 1868 4729 subministratio—

380 4797 461 4848 nem
496 4777 634 4870 spiritus
667 4778 745 4850 Iesu
773 4776 916 4860 Christi,
960 4767 988 4815 ¹⁰
1004 4775 1194 4848 secundum
1229 4777 1508 4869 expectationem
1542 4785 1577 4844 et
1609 4797 1708 4870 spem
1742 4797 1868 4862 meam,

380 4897 460 4987 quia
486 4896 521 4966 in
546 4899 639 4969 nullo
667 4897 865 4981 confundar,
894 4894 1017 4966 sedin
1044 4895 1136 4977 omni
1163 4893 1289 4966 fiducia
1316 4894 1404 4964 sicut
1430 4915 1571 4987 semper
1597 4903 1632 4964 et
1658 4917 1747 4965 nunc
1766 4917 1869 4988 mag-

379 5012 572 5086 nificabitur
599 5015 810 5088 Christusin
837 5035 986 5108 corpore
1020 5034 1120 5099 meo,
1156 5013 1230 5086 sive
1265 5033 1330 5104 per
1363 5015 1468 5083 vitam
1505 5013 1579 5082 sive
1610 5033 1676 5106 per
1709 5023 1869 5084 mortem.

999 5135 1022 5218 1,
1053 5135 1066 5202 t
1100 5171 1151 5184 -
1179 5135 1238 5206 20.
