4220 6124
742 375 923 438 missust
949 375 1000 438 Ab
1028 377 1252 440 CORINTHIOS
1276 377 1308 438 u
1685 373 1752 444 29l

285 583 459 676 profectus
483 589 539 652 est
564 579 611 652 ad
638 602 711 652 vos.
763 571 789 616 ⁴⁸
805 579 958 657 Misimus
975 555 1088 651 etiam
1115 603 1192 652 oum
1220 581 1274 650 illo
1297 580 1456 662 tratrem,
1484 580 1579 650 cuius
1605 580 1680 650 laus
1705 583 1759 648 est

285 703 319 772 in
345 703 525 794 evangelio
552 723 616 795 per
641 721 764 772 omnes
790 700 971 772 ecclesias:
1016 692 1127 772 19ιιοιι
1152 700 1263 771 solum
1289 707 1413 784 autem,
1440 699 1505 770 sed
1531 709 1565 770 et
1582 698 1758 771 ordinatas

287 823 330 894 ab
358 821 512 893 ecclesiis
539 843 656 892 comes
682 820 976 914 peregrinationis
992 831 1132 893 nostrae
1157 821 1191 890 in
1218 819 1283 890 hac
1308 819 1417 911 gratia
1440 840 1533 911 quae
1551 819 1758 890 ministratur

287 943 434 1014 anobis
461 941 506 1012 ad
532 940 661 1012 domini
688 941 831 1032 gloriam
859 950 895 1012 et
920 940 1126 1012 destinatam
1157 941 1367 1010 voluntatem
1398 949 1568 1024 nostram,
1608 929 1641 975 ‘²⁰
1658 938 1758 1010 devi-

286 1072 397 1134 tantes
423 1063 491 1132 hoo
525 1083 570 1132 ne
596 1061 672 1152 quis
698 1080 763 1130 nos
789 1059 959 1152 vituperat
991 1061 1024 1130 in
1059 1061 1125 1132 hac
1151 1059 1359 1153 plenitudine
1391 1079 1480 1152 quae
1506 1057 1711 1130 ministratur
1738 1077 1758 1126 a

285 1183 395 1254 nobis.
446 1173 469 1218 ²¹
488 1180 714 1252 Providemus
741 1179 831 1250 enim
857 1180 950 1252 bona
976 1203 1044 1253 non
1071 1181 1181 1251 solum
1209 1201 1325 1250 coram
1352 1180 1421 1252 deo
1441 1177 1504 1254 sed
1522 1178 1624 1250 etiam
1642 1199 1758 1248 coram

286 1301 488 1372 bominibus.
541 1293 568 1338 ²²
583 1300 736 1372 Misimus
770 1309 884 1370 autem
917 1323 993 1372 oum
1031 1301 1094 1372 illis
1126 1311 1163 1370 et
1187 1301 1326 1372 tratrem
1353 1282 1516 1383 nostrum,
1543 1319 1646 1391 quem
1674 1319 1757 1392 pro-

187 1515 189 1520 ·
284 1421 442 1493 habimus
469 1423 502 1492 in
527 1422 644 1492 multis
671 1441 778 1514 saepe
811 1420 988 1492 sollicitam
1015 1443 1112 1506 esso,
1140 1441 1230 1492 nunc
1256 1429 1369 1490 autem
1396 1420 1501 1490 multo
1529 1417 1758 1490 sollicitiorem
1882 1491 1888 1498 ,

282 1541 490 1614 confidentia
525 1544 629 1616 multa
663 1540 694 1610 in
727 1562 801 1612 vos.
853 1533 973 1616 ”Sive
1007 1563 1071 1634 pro
1107 1541 1197 1624 Tito,
1231 1541 1290 1632 qui
1321 1549 1374 1611 est
1399 1539 1514 1610 sociare
1540 1561 1639 1611 meus
1665 1548 1699 1610 et
1724 1539 1759 1610 in

285 1685 349 1734 vos
382 1663 530 1746 adiutor,
572 1663 644 1733 sive
683 1663 807 1732 tratres
841 1661 965 1745 nostri,
1000 1661 1147 1754 apostoli
1182 1660 1419 1743 ecclesiarum,
1460 1659 1590 1752 gloriae
1627 1658 1757 1730 Christi.

284 1771 310 1820 '⁵
323 1783 563 1854 Ostensiouem
598 1803 685 1874 ergo
726 1802 815 1873 quae
849 1791 902 1852 est
936 1780 1085 1852 caritatis
1118 1793 1255 1852 ucenae
1290 1789 1324 1850 et
1354 1789 1495 1850 besuae
1529 1781 1660 1872 gloriae
1692 1801 1757 1874 pro

284 1903 385 1974 vobis
411 1904 445 1974 ia
470 1903 547 1974 illos
575 1900 746 1973 ostendite
772 1902 806 1972 in
830 1902 917 1972 facie
944 1899 1177 1972 ecclesiarum.
1289 1958 1295 1970 .

987 2173 1039 2244 lXt

359 2377 367 2418 '¹
387 2383 474 2454 Nam
497 2381 547 2454 de
572 2382 760 2454 ministerio
786 2381 884 2475 quod
910 2382 947 2452 lit
972 2381 1006 2450 in
1032 2391 1170 2452 sanctos
1196 2404 1243 2452 err
1270 2381 1456 2453 abundanti
1483 2391 1536 2454 est
1561 2384 1642 2454 mibi
1668 2385 1753 2456 scri-

280 2503 366 2574 bere
393 2501 510 2576 vohis:
553 2494 651 2574 ’seio
678 2502 770 2572 enim
795 2511 993 2595 promptum
1020 2500 1169 2572 murum
1194 2511 1367 2586 vestrum,
1394 2523 1555 2596 proquo
1582 2503 1627 2576 de
1653 2505 1754 2578 vobis

281 2625 410 2716 glorios
429 2623 529 2718 apud
555 2621 798 2708 Machedenes,
827 2620 986 2714 quoniam
1013 2619 1142 2692 Achaia
1162 2631 1288 2714 parata
1306 2631 1360 2692 est
1386 2623 1430 2692 ab
1447 2645 1538 2694 anno
1556 2625 1752 2718 praeterito,

281 2753 317 2814 et
349 2753 464 2816 vestra
497 2743 680 2816 aernulatio
715 2741 918 2837 provocavit
956 2741 1131 2834 plurimos.
1190 2735 1294 2812 8ldisi
1324 2751 1438 2814 autem
1469 2746 1607 2831 inatres,
1641 2755 1678 2816 ut
1709 2765 1753 2816 ne

280 2865 376 2956 quod
399 2865 586 2957 gloriamur
612 2862 658 2935 de
683 2863 784 2934 vobis
810 2870 998 2934 evacuetur
1017 2861 1057 2932 in
1082 2861 1147 2933 bac
1173 2871 1279 2955 parte,
1307 2871 1344 2933 ut
1369 2865 1660 2957 quemadmodum
1680 2865 1752 2937 dixi

158 3051 162 3064 ,
279 2985 506 3074 perducitis,
549 2975 620 3054 ‘ne
647 3005 724 3054 oum
751 2981 906 3054 venerint
931 3001 1064 3052 mecum
1091 2981 1324 3054 ldacbedones
1352 2994 1386 3054 et
1416 2984 1604 3056 invenerint
1630 2977 1751 3074 'inpa-

280 3111 383 3185 ratos
410 3103 658 3174 erubescamus
680 3124 760 3188 nos,
788 3111 824 3176 ut
848 3123 919 3172 non
944 3100 1098 3173 dicamus
1122 3123 1198 3186 voa,
1225 3101 1259 3172 in
1286 3101 1352 3173 hac
1369 3105 1566 3178 substantia.
1592 3095 1750 3174 ⁵Neoes·

280 3219 405 3291 sanum
441 3241 527 3312 ergo
553 3221 745 3294 existimavi
771 3243 896 3312 rogare
922 3221 1044 3292 fratrea
1071 3231 1108 3291 ut
1133 3221 1354 3315 praeveniant
1380 3225 1426 3296 ad
1452 3245 1515 3296 vos
1542 3231 1576 3294 et
1600 3241 1751 3314 praepa-

280 3348 357 3409 rent
376 3342 587 3432 promissam
614 3341 890 3412 benedictionem
917 3339 1005 3410 hanc
1030 3328 1187 3433 paratam
1215 3361 1308 3426 esse,
1335 3343 1385 3414 sic
1410 3344 1509 3436 quasi
1534 3339 1749 3422 benedictio-

280 3479 373 3544 nem,
405 3481 475 3532 non
500 3461 604 3554 ¹quasi
638 3462 825 3533 avaritiam.
877 3450 977 3531 ⁶lloc
1010 3469 1124 3534 autern
1158 3462 1222 3548 Qui
1254 3483 1359 3555 parce
1394 3464 1556 3547 seminat,
1583 3478 1688 3554 parce
1714 3467 1750 3528 et

278 3589 397 3664 motet,
435 3591 470 3651 et
501 3582 558 3674 qui
589 3581 734 3653 seminat
763 3581 798 3654 in
829 3579 1142 3667 benedictionibus,
1176 3583 1221 3654 de
1246 3582 1547 3663 benedictionibus
1573 3592 1608 3652 et
1629 3587 1746 3652 metet

277 3693 549 3794 ⁷Unnsquisque
574 3711 676 3796 prout
702 3699 885 3773 destinavit
910 3701 956 3772 de
983 3700 1090 3772 corde
1118 3723 1192 3788 ano,
1220 3723 1290 3774 non
1316 3702 1511 3776 extristitia
1533 3709 1596 3774 'aut
1620 3723 1666 3772 ex
1684 3721 1747 3772 ne·

277 3821 454 3894 cessitate:
481 3821 629 3894 Hilarem
651 3822 747 3894 onim
773 3823 930 3895 datorem
956 3820 1064 3912 diligit
1088 3821 1184 3894 dem.
1237 3814 1396 3896 ⁸l'otens
1428 3833 1482 3896 est
1514 3831 1627 3896 autem
1660 3822 1747 3894 deus

278 3964 414 4015 omnem
441 3941 587 4036 gratiam
613 3941 791 4017 abundare
812 3944 931 4016 lacere
949 3942 983 4012 in
1009 3941 1119 4027 vobis,
1146 3951 1183 4012 ut
1208 3943 1242 4012 in
1267 3944 1426 4016 omnibus
1442 3964 1583 4037 semper
1608 3921 1748 4016 omnem

185 4097 188 4104 ·
277 4061 512 4134 sufficientiam
538 4063 708 4136 babeuoes
733 4061 916 4136 abundetis
940 4061 974 4132 in
994 4081 1113 4134 somne·
1130 4084 1219 4157 opus
1243 4063 1392 4150 bonum,
1441 4055 1560 4136 ⁹sicut
1582 4065 1747 4156 scriptum

256 4191 330 4276 'est
354 4183 536 4274 Dispersit,
563 4184 668 4258 dedit
696 4184 921 4279 pauperibus,
956 4182 1080 4254 iustitia
1113 4183 1187 4256 aius
1213 4196 1328 4256 menet
1354 4186 1388 4255 in
1414 4194 1600 4256 aetemum.
1642 4173 1669 4218 ⁴⁰
1682 4183 1747 4268 Qui

277 4309 390 4370 autern
424 4301 637 4377 administrat
668 4325 788 4376 semen
818 4303 1016 4388 seminanti,
1050 4312 1087 4374 et
1111 4325 1236 4395 panem
1267 4303 1614 4378 admanducandum
1640 4323 1744 4396 prae·

275 4419 378 4490 stabit
411 4429 446 4490 et
472 4424 710 4518 :multiplicabit
735 4445 856 4496 semen
888 4432 1039 4496 uestrum
1066 4431 1101 4494 et
1133 4424 1273 4516 augebit
1297 4426 1507 4496 incrementa
1532 4425 1666 4517 bugum
1692 4423 1745 4494 iu-

276 4537 384 4609 stitias
411 4549 563 4628 vostrae,
608 4536 630 4580 ¹⁴
650 4553 688 4615 ut
712 4544 745 4614 in
772 4543 930 4617 omnibus
952 4543 1150 4636 locupletati
1177 4544 1357 4616 abundetis
1390 4545 1587 4616 insomnem
1616 4544 1746 4638 simpli·

274 4657 427 4742 citatem,
461 4683 552 4753 qnae
582 4671 747 4756 operatur
783 4684 846 4756 per
874 4683 943 4736 ‚nos
970 4663 1157 4754 gratarum
1192 4664 1363 4738 sobonem
1406 4665 1491 4751 deo,
1542 4658 1744 4757 ¹².quoniam

275 4778 496 4852 ministerium
519 4781 624 4854 buius
651 4781 752 4854 officii
777 4805 848 4855 non
874 4782 985 4855 solum
1011 4783 1148 4876 supplet
1173 4805 1216 4856 ee
1242 4807 1331 4878 qrrae
1359 4785 1485 4858 desunt
1510 4785 1653 4868 sanctis,
1680 4783 1744 4856 sed

275 4898 376 4968 etiem
404 4901 557 4974 abundat
581 4923 645 4997 per
670 4903 795 4974 multas
821 4901 1005 4994 gratiarum
1032 4903 1185 4976 actiones
1210 4905 1243 4974 in
1269 4905 1425 4991 domium
1476 4897 1500 4944 ¹³
1518 4927 1580 4999 per
1611 4905 1743 4999 proba-

274 5018 400 5090 tionem
441 5022 615 5094 ministerii
655 5021 754 5094 brrius
794 5019 1026 5114 glorificantes
1058 5023 1161 5096 deum
1198 5025 1230 5094 in
1264 5025 1483 5100 oboedientia
1518 5025 1745 5098 confessionis

273 5148 411 5210 vestrae
437 5142 471 5211 in
498 5143 713 5236 evangelium
741 5142 861 5215 Christi
887 5152 922 5213 et
948 5143 1160 5237 simplicitate
1186 5146 1499 5219 communicationis
1525 5148 1560 5218 in
1588 5141 1683 5218 'illos
1713 5155 1746 5216 et

811 5263 886 5347 thl,
918 5267 961 5333 l8
992 5303 1037 5316 -·
1065 5265 1117 5349 lx,
1147 5266 1203 5334 t3.

1363 5382 1441 5460 37*
