4254 6130
396 1301 546 1374 nonu
572 1264 872 1376 lacumuruu
898 1300 1045 1374 sonus
1071 1297 1304 1374 urusruuuu
1331 1298 1394 1418 uu¹
1418 1299 1636 1376 aouauoa

379 1543 534 1652 Romani
561 1579 620 1672 qni
650 1599 697 1652 ex
723 1575 857 1650 ludaeis
884 1569 1132 1670 'genlilrusque
1158 1575 1392 1661 crediderant,
1424 1576 1459 1648 bi
1487 1574 1640 1670 superba
1662 1596 1751 1648 con-

278 1700 430 1772 tentione
454 1698 618 1771 volebant
644 1719 685 1770 se
710 1697 909 1771 alterutrum
934 1715 1181 1790 superponere.
1230 1697 1318 1770 Nam
1351 1695 1469 1769 ludaei
1494 1693 1656 1768 dicebant
1679 1695 1752 1768 Nos

281 1841 400 1892 sumus
426 1819 574 1912 popolus
600 1817 667 1902 dei,
691 1839 782 1910 quos
806 1819 854 1890 ab
878 1816 974 1890 initio
998 1815 1120 1888 dilexit
1145 1829 1181 1890 at
1205 1818 1298 1903 levit,
1324 1838 1390 1890 uos
1413 1815 1604 1890 circmcisi
1622 1837 1670 1888 ex
1687 1837 1752 1908 ge·

279 1959 364 2010 nore
396 1937 571 2012 Abrabam
602 1959 651 2012 ex
682 1937 788 2032 stirpe
822 1947 941 2010 sancta
974 1935 1233 2023 descendimus,
1261 1946 1300 2010 et
1330 1946 1432 2010 notus
1456 1945 1551 2010 retro
1578 1933 1672 2030 apud
1696 1935 1746 2009 lu·

280 2057 405 2132 daeam
431 2067 560 2132 tantum
589 2049 713 2132 'deusz
739 2079 805 2130 nos
828 2057 877 2132 de
903 2055 1064 2150 Aegypto
1090 2057 1197 2150 signis
1225 2067 1264 2131 et
1288 2057 1468 2132 artubus
1497 2055 1630 2130 liberati
1655 2076 1752 2130 mare

279 2177 372 2252 sicco
398 2177 677 2272 pertransivimus
702 2177 804 2272 pede,
831 2201 909 2252 cum
933 2175 1088 2250 inimcos
1111 2187 1253 2259 nosnos
1277 2177 1471 2270 gravissimi
1496 2177 1617 2250 lluctns
1641 2175 1752 2249 invol-

279 2309 415 2384 venent;
448 2299 550 2372 nobis
583 2319 708 2372 manna
741 2298 824 2392 pluu't
852 2296 1015 2372 ¹dominus
1046 2297 1081 2366 in
1107 2297 1248 2372 deserto
1280 2307 1318 2370 et
1345 2299 1447 2390 qum
1472 2297 1549 2371 liliis
1574 2297 1646 2370 saris
1672 2317 1751 2370 cae·-

279 2419 365 2492 leste
397 2419 559 2511 pabulum
592 2418 807 2504 mimstravit3
840 2440 906 2493 nos
936 2417 993 2492 die
1024 2427 1198 2510 noctuque
1222 2417 1257 2490 'm
1283 2417 1443 2490 columna
1465 2417 1569 2492 nabis
1592 2416 1752 2510 ignisrpre

177 2591 179 2600 .
279 2539 470 2631 praecessit
495 2547 531 2609 ut
556 2537 656 2610 nobis
682 2539 716 2610 in
742 2539 834 2612 invio
859 2539 925 2610 iter
948 2537 1157 2612 ¹ostenderet
1208 2537 1323 2631 Atque
1356 2547 1394 2611 ιι
1417 2547 1536 2610 cetera
1562 2536 1635 2610 eius
1661 2536 1752 2612 drea

279 2679 344 2728 nos
377 2658 530 2729 inmensa
562 2655 732 2729 beneficia
764 2668 958 2744 taceamus,
984 2679 1050 2730 nos
1076 2657 1140 2728 soli
1166 2657 1260 2749 digni
1285 2655 1408 2727 brimus
1434 2654 1493 2727 dei
1518 2657 1631 2749 legem
1657 2657 1751 2730 acci-

279 2797 364 2870 pere
390 2787 424 2848 et
448 2800 572 2849 vocem
605 2777 662 2850 dei
700 2777 870 2870 loquentis
896 2777 1016 2850 audre
1045 2777 1190 2870 eiusque
1220 2797 1435 2870 cognoscere
1466 2775 1690 2864 voluntatem,
1718 2777 1752 2848 in

280 2919 348 2990 qua
374 2899 452 2990 lege
478 2898 707 2992 repromissus
733 2907 787 2970 est
811 2899 914 2970 nobis
932 2898 1098 2969 Christus:
1127 2895 1174 2969 ad
1200 2918 1287 2990 quos
1314 2895 1417 2968 etiarn
1434 2895 1509 2988 ipsc
1535 2891 1594 2968 ‘se
1611 2897 1750 2969 venisse

279 3025 423 3088 testatus
450 3027 503 3088 est
529 3017 648 3088 dicens
673 3017 751 3088 Non
775 3020 855 3090 veni
880 3019 945 3089 nisi
970 3017 1016 3089 ad
1043 3038 1128 3088 oves
1155 3037 1245 3108 qnae
1271 3017 1443 3110 perierant
1469 3015 1594 3088 domus
1611 3017 1749 3103 Israhel,

280 3158 358 3208 cum
383 3157 449 3206 vos
475 3157 579 3207 canes
612 3137 726 3228 potius
759 3159 862 3230 quarn
888 3136 1043 3208 homines
1075 3136 1306 3230 appellaverit.
1358 3135 1559 3229 Aequumne
1585 3157 1671 3230 ergo
1697 3145 1752 3208 est

281 3265 317 3326 ut
341 3254 447 3325 bodie
480 3254 574 3325 idola
607 3253 825 3340 deserentes,
858 3256 982 3348 quibus
1015 3256 1059 3327 ab
1086 3255 1178 3326 initio
1204 3255 1412 3341 deservistis,
1439 3255 1539 3328 nobis
1566 3277 1749 3350 compare-

279 3373 360 3445 mini
390 3383 425 3444 et
457 3395 527 3445 non
560 3373 673 3466 potius
705 3375 739 3444 in
773 3376 1024 3470 proselytorum
1051 3377 1164 3447 locum
1190 3376 1349 3470 exlegis
1375 3374 1575 3450 auctoritate
1602 3385 1637 3447 et
1663 3397 1748 3448 con-

279 3491 459 3565 suetudine
493 3493 728 3587 deputemini?
761 3488 820 3565 'Et
850 3495 917 3566 boc
947 3495 1060 3589 ipsum
1084 3517 1154 3567 non
1180 3497 1416 3582 merebamini,
1442 3495 1506 3566 nisi
1532 3495 1627 3588 quod
1653 3497 1749 3590 larga

280 3613 336 3686 dei
363 3634 501 3706 semper
527 3613 706 3685 clementia
731 3615 837 3686 voluit
862 3636 926 3687 vos
953 3615 999 3687 ad
1016 3625 1167 3688 nostram
1195 3615 1416 3688 imitationem
1433 3615 1623 3688 admittere.
1655 3615 1748 3688 Gen-⁴

280 3743 333 3805 tes
359 3742 473 3804 autem
500 3753 522 3803 e
548 3735 718 3806 contrario
743 3735 1002 3829 respondebant
1028 3737 1163 3823 Quanto
1189 3729 1300 3808 'enim
1326 3737 1458 3808 maiora
1491 3757 1574 3828 erga
1599 3757 1665 3808 vos
1691 3735 1749 3808 dci

278 3851 448 3926 beneficia
474 3854 700 3940 narraveritis,
727 3864 822 3927 tanto
848 3849 1008 3927 'maioris
1033 3879 1099 3929 vos
1125 3856 1272 3928 criminis
1297 3877 1377 3929 reos
1403 3876 1482 3928 csse
1500 3855 1747 3929 monstrabitis:

279 3993 419 4066 semper
453 3973 542 4043 enim
577 3973 630 4045 bis
662 3976 821 4048 omnibus
853 3977 1010 4048 extitistis
1041 3977 1171 4069 ingrati.
1222 3977 1308 4048 Nam
1341 3977 1424 4071 ipsis
1450 3975 1599 4070 pedibus
1624 3975 1748 4069 quibus

279 4093 412 4165 aridum
439 4115 536 4165 mare
559 4077 726 4168 'transistis
751 4095 922 4168 ludebatis
948 4105 1027 4168 ante
1052 4095 1145 4170 idola
1170 4117 1261 4190 quae
1278 4096 1413 4182 lecistis,
1441 4106 1476 4167 ot
1501 4096 1578 4190 ipso
1596 4116 1658 4168 ore
1677 4119 1746 4190 quo

278 4215 382 4307 paulo
409 4224 488 4286 ante
514 4215 561 4286 ob
586 4235 707 4288 necem
735 4215 924 4288 adversarii
949 4217 1088 4290 domiuo
1115 4217 1340 4290 cantaveratis
1357 4215 1538 4288 simulacra
1555 4216 1656 4289 vobis
1673 4215 1747 4288 fieri

278 4333 500 4427 poposcistis,
533 4335 597 4408 illis
630 4337 737 4408 ocubs
766 4337 966 4408 veneranda
998 4331 1143 4431 'mribus
1169 4335 1272 4408 deum
1298 4337 1332 4408 in
1356 4333 1449 4407 nube
1474 4337 1530 4408 vel
1555 4336 1635 4429 igne
1661 4356 1746 4408 con-

279 4453 414 4547 spicere
440 4455 618 4528 solebatis:
645 4477 770 4528 manna
795 4477 933 4550 quoque
958 4456 1060 4529 vobis
1085 4453 1276 4529 'fastidium
1301 4455 1369 4541 luit,
1396 4465 1432 4527 et
1457 4475 1596 4551 semper
1619 4455 1655 4527 in
1680 4455 1745 4528 de-

279 4582 373 4644 serto
400 4583 518 4645 contra
544 4573 721 4648 dominum
746 4577 990 4662 murmurastis,
1018 4577 1064 4649 ad
1089 4575 1286 4671 Aegyptum
1310 4575 1404 4648 unde
1429 4596 1494 4646 vos
1511 4597 1615 4648 rnanu
1631 4576 1746 4650 valida

279 4693 430 4766 eiecerat
461 4695 576 4767 redire
607 4696 772 4768 volentes.
826 4696 917 4780 Quid
947 4697 1068 4789 plural
1101 4697 1148 4768 ita
1173 4705 1290 4790 patres
1314 4695 1421 4768 vestri
1446 4695 1569 4769 crebra
1594 4691 1745 4792 'provo-

279 4815 414 4886 catione
431 4815 608 4887 dominum
624 4816 845 4888 inritaverant
868 4825 907 4886 ut
932 4837 1053 4888 ornnes
1079 4817 1114 4886 in
1139 4817 1302 4887 baeremo
1328 4823 1552 4902 morerentur,
1579 4839 1645 4890 nec
1669 4819 1746 4912 plus

279 4957 323 5006 ex
351 4935 545 5007 senioribus
571 4957 692 5008 eorum
718 4957 821 5028 quam
848 4935 918 5007 duo
943 4935 1100 5008 homines
1126 4946 1253 5008 terram
1279 4925 1554 5027 repromissionis
1575 4938 1745 5011 intrarent.

279 5055 349 5127 Sed
376 5055 459 5149 quid
486 5056 623 5149 antiqua
646 5055 868 5150 replicamus,
894 5077 973 5127 curn
999 5056 1131 5128 etiamsi
1156 5057 1211 5128 illa
1237 5055 1374 5126 minime
1399 5055 1581 5144 fecissetis,
1607 5057 1654 5130 de
1679 5060 1747 5131 boc

278 5177 354 5248 solo
380 5197 447 5249 vos
471 5197 575 5250 nemo
602 5176 726 5270 dignos
750 5176 851 5248 venia
876 5175 1041 5249 iudicaret
1066 5176 1160 5270 quod
1187 5173 1362 5248 dominum
1389 5175 1565 5263 Christum,
1591 5180 1745 5274 propbe-

278 5305 389 5368 tarum
416 5319 556 5392 semper
580 5297 724 5371 vocibus
750 5297 851 5370 vobis
877 5297 1134 5392 repromissum,
1161 5319 1230 5369 non
1256 5297 1368 5369 solum
1385 5297 1563 5392 suscipere
1581 5299 1745 5387 noluistis,

1368 5417 1444 5488 30*
1523 5427 1528 5436 '
