4242 6118
665 405 917 472 EVANGELthl
946 408 1153 470 SECUNDUM
1180 399 1338 470 MARCUM
1525 471 1529 478 .
1717 407 1764 485 73

337 539 353 586 fl
1132 569 1135 576 .

143 639 149 652 ·
257 616 392 698 ducant,
417 623 569 687 tenentes
595 610 825 684 traditionem
856 611 1057 694 seniorum,
1108 604 1178 682 ‘et
1205 633 1228 683 a
1259 587 1337 684 loro
1364 613 1430 684 nisi
1455 614 1673 708 baptizentur
1698 643 1770 694 non

256 733 454 809 comedunt:
480 743 514 806 et
539 733 605 805 alia
632 730 742 802 multa
768 741 864 800 sunt.
885 751 982 821 quae
1010 704 1136 802 tradita
1164 741 1244 804 sunt
1269 733 1335 804 illis
1369 755 1529 822 servare,
1562 738 1771 833 baptismata

257 855 403 929 calicum
429 864 464 924 et
487 871 669 924 urceorum
696 857 733 919 et
758 857 1062 920 aeramentorum
1088 860 1124 920 et
1148 851 1329 924 lectomm.
1370 845 1474 904 ΗΜ)
1492 857 1535 930 llt
1558 860 1772 957 interrogant

255 999 337 1052 eum
364 973 539 1044 Pharisaei
564 983 600 1044 et
626 970 763 1042 scribae
790 967 929 1049 Quare
957 969 1119 1063 discipuli
1144 975 1192 1042 tui
1217 996 1289 1046 non
1325 973 1503 1050 ambulant
1534 980 1630 1054 iuxta
1661 985 1772 1058 tradi-

254 1101 386 1173 tionem
412 1093 597 1178 seniomm,
624 1089 690 1163 sed
716 1086 979 1162 communibus
1008 1091 1166 1162 manibus
1192 1095 1405 1167 manducant
1429 1105 1580 1190 panem?
1624 1095 1701 1176 6Αι
1716 1107 1772 1180 ille

253 1218 480 1316 respondens
506 1214 594 1286 dixit
619 1214 669 1284 eis
694 1213 787 1283 Bene
813 1209 1057 1303 prophetavit
1082 1212 1202 1286 Esaias
1236 1215 1282 1288 de
1315 1216 1419 1288 vohis
1453 1217 1656 1314 hypocritis,
1684 1228 1772 1302 sicut

253 1342 419 1436 scriptum
452 1344 509 1410 est
533 1335 684 1429 Populos
709 1333 765 1406 hic
788 1327 903 1404 labiis
928 1353 990 1404 mo
1016 1331 1173 1421 honorat,
1201 1359 1264 1408 cor
1290 1346 1410 1409 autem
1438 1359 1560 1414 eorum
1584 1343 1690 1438 longe
1714 1359 1770 1420 est

252 1483 374 1540 ame:
418 1451 495 1530 ‘'in
519 1477 646 1528 vanum
672 1465 786 1528 autem
812 1473 879 1524 me
911 1453 1038 1539 colunt,
1067 1454 1236 1528 docentes
1271 1457 1450 1530 doctrinas
1483 1475 1673 1558 praecepta
1698 1467 1766 1540 ho-

251 1587 393 1660 minnm.
452 1571 727 1669 8llelinqucntes
754 1575 846 1646 enim
873 1574 1044 1648 mandata
1075 1575 1132 1647 dei
1166 1579 1290 1650 tenetis
1326 1577 1549 1650 traditionem
1576 1582 1763 1675 hominum,

252 1705 473 1803 baptismata
499 1717 683 1770 urceorum
711 1706 745 1768 et
771 1696 932 1783 calicum,
968 1703 1004 1767 et
1037 1696 1103 1768 alia
1121 1711 1123 1720 ·
1139 1698 1261 1770 similia
1294 1699 1349 1770 his
1381 1699 1492 1770 facitis
1520 1702 1636 1774 multa.
1688 1699 1763 1780 ⁹Et

256 1829 400 1903 dicebat
426 1819 493 1890 illis
519 1819 614 1888 Bene
641 1815 769 1888 irritum
795 1817 904 1888 facitis
930 1827 1158 1910 praeceptum
1194 1818 1252 1890 dei
1285 1829 1324 1890 ut
1357 1817 1578 1892 traditionem
1606 1835 1759 1900 vestram

258 1943 419 2022 servetis.
472 1931 502 1976 ⁴⁰
518 1939 636 2010 Moses
662 1937 751 2008 enim
778 1936 863 2008 dixit
888 1937 1030 2007 Honora
1057 1947 1192 2030 patrem
1219 1947 1316 2009 tuum
1344 1947 1380 2008 et
1408 1947 1555 2010 matrem
1582 1952 1695 2030 tuam,
1724 1959 1759 2020 et

261 2067 327 2154 Qui
363 2059 590 2133 maledixerit
623 2058 711 2150 patri
742 2067 801 2128 aut
832 2055 947 2140 matri,
982 2067 1095 2130 morte
1127 2058 1309 2129 moriatur:
1364 2049 1387 2094 '¹⁴
1407 2081 1474 2130 vos
1502 2071 1619 2133 autem
1646 2064 1756 2139 dicitis

261 2187 297 2256 Si
322 2179 448 2255 dixerit
475 2181 588 2251 homo
613 2177 702 2271 patri
729 2187 787 2248 cut
811 2175 911 2247 matri
939 2176 1084 2262 Corhan,
1112 2178 1207 2270 quod
1241 2189 1296 2250 est
1322 2177 1473 2265 donum,
1508 2169 1754 2279 quodcumque

263 2327 310 2376 ex
343 2321 401 2372 me
435 2299 500 2372 tibi
536 2299 717 2393 profuerit,
770 2289 796 2332 ¹²
809 2305 845 2368 et
878 2297 965 2368 ultra
998 2319 1068 2368 uon
1103 2297 1268 2369 dimittitis
1301 2319 1391 2370 eum·
1418 2300 1602 2395 quicquam
1636 2307 1753 2379 lacere

264 2423 353 2518 patri
378 2443 442 2494 suo
470 2430 533 2492 aut
557 2419 667 2504 matri,
711 2410 737 2456 ¹³
754 2415 990 2488 rescindentes
1015 2417 1162 2488 verbum
1187 2417 1245 2490 dei
1270 2440 1336 2512 per
1353 2419 1575 2494 traditionem
1599 2435 1750 2500 vestram

266 2565 370 2637 quam
395 2540 602 2616 tradidistis:
630 2547 666 2610 et
691 2538 810 2610 similia
835 2537 1031 2611 huiusmodi
1056 2537 1163 2610 multa
1186 2538 1305 2610 tacitis.
1357 2528 1385 2576 ¹⁴
1401 2539 1445 2612 llt
1477 2543 1658 2618 advocans
1684 2548 1749 2618 itc-

267 2687 343 2735 mm
377 2664 515 2736 turbam
549 2659 688 2732 dicebat
719 2658 782 2732 illis
811 2657 938 2730 Audite
971 2679 1028 2728 me
1064 2679 1185 2730 omnes
1219 2667 1255 2728 et
1287 2659 1482 2753 intellegite.
1536 2653 1562 2700 ¹5
1574 2665 1663 2736 Nihil
1696 2679 1749 2740 est

268 2759 367 2856 extra
393 2783 570 2856 hominem
597 2779 759 2858 introiens
785 2779 819 2850 in
846 2799 925 2850 eum
952 2777 1047 2871 quod
1073 2779 1184 2872 possit
1209 2797 1288 2848 eum
1315 2780 1547 2874 coinquinare,
1576 2785 1641 2857 scd
1658 2809 1748 2880 quae

269 2905 315 2976 de
340 2905 480 2976 homine
507 2900 709 2995 procedunt,
736 2900 791 2971 illa
819 2907 897 2970 sunt
923 2919 1013 2990 quae
1047 2897 1299 2970 communicant
1328 2897 1515 2974 hominem.
1567 2897 1594 2942 ¹⁶
1610 2907 1748 3000 Siquis

269 3025 373 3098 habet
398 3045 502 3098 aures
529 3020 699 3106 audiendi,
727 3019 851 3092 audiat.
891 3008 1061 3088 1Ἲῇλᾶ)Ι<)ι
1086 3040 1165 3089 cum
1181 3017 1356 3090 introisset
1379 3019 1414 3090 in
1432 3019 1575 3096 domum
1598 3029 1746 3110 aturba,

268 3145 526 3238 interrogabaut
552 3165 631 3214 eum
658 3139 813 3234 discipuli
838 3138 912 3210 eius
938 3138 1149 3232 parabolam.
1189 3128 1215 3172 ⁴⁸
1231 3137 1273 3208 llt
1298 3137 1345 3210 ait
1370 3139 1432 3212 illis
1459 3142 1516 3214 Sic
1543 3154 1578 3215 ct
1603 3167 1668 3218 vos
1694 3148 1744 3216 iu·

269 3265 457 3360 prudentes
485 3262 592 3334 estis?
631 3283 702 3332 non
727 3258 918 3352 intellegitis
944 3259 1023 3351 quia
1049 3280 1152 3330 omne
1185 3257 1399 3331 extrinsecus
1430 3261 1595 3336 introiens
1620 3266 1655 3336 in
1681 3266 1746 3336 ho-

270 3385 395 3457 minem
420 3407 492 3458 non
518 3389 633 3477 potest
659 3403 738 3453 eum
765 3379 1026 3464 communicare,
1070 3373 1096 3418 ⁴⁹
1108 3379 1188 3474 quia
1213 3399 1284 3450 non
1309 3379 1425 3450 introit
1449 3381 1484 3450 in
1510 3403 1572 3455 cor
1590 3385 1664 3456 eius
1682 3385 1746 3456 sed

268 3507 493 3590 inventrem,
521 3505 615 3576 etin
641 3521 818 3574 secessum
841 3500 922 3585 exit,
949 3521 1100 3594 purgans
1118 3519 1239 3570 omnes
1257 3503 1380 3572 escas‘l
1419 3493 1605 3576 ”Dicebat
1630 3515 1745 3576 autem

270 3627 431 3720 quoniam
457 3645 548 3719 quae
575 3625 621 3697 de
647 3621 786 3694 homine
812 3631 950 3706 exeunt,
978 3621 1032 3692 illa
1058 3619 1310 3692 communicant
1335 3621 1526 3694 hominem:
1577 3616 1600 3662 ²¹
1621 3623 1665 3696 ab
1692 3625 1744 3694 in-

268 3759 330 3820 tus.
356 3747 446 3818 enim
482 3745 527 3816 do
559 3744 667 3816 corde
701 3743 874 3814 hominum
911 3742 1138 3836 cogitationes
1171 3741 1282 3812 malae
1314 3741 1523 3834 procedunt,
1567 3739 1742 3828 adulteria,

267 3861 530 3950 lonucationes,
565 3863 765 3949 homicidia,
818 3854 845 3900 ²²
861 3863 958 3947 lurta,
985 3862 1163 3946 auantiae,
1190 3861 1372 3955 nequitiae,
1401 3863 1510 3948 dolus,
1537 3864 1742 3958 inpudicitia,

268 3989 387 4062 oculus'
419 3988 547 4070 malus,
579 3985 811 4080 blasphemia,
848 3984 1026 4077 superbia,
1062 3983 1215 4056 stultitia:
1267 3975 1294 4020 ²³
1307 3983 1422 4055 omnia
1453 3984 1541 4056 haec
1572 3988 1664 4058 mala
1698 3988 1742 4058 ab
1817 4077 1820 4090 .

267 4111 356 4182 intus
381 4107 575 4202 procedunt
609 4121 644 4178 et
674 4105 925 4178 communicant
955 4104 1138 4176 hominem.
1189 4093 1269 4174 ”Et
1302 4103 1384 4175 inde
1417 4125 1562 4198 surgens
1593 4107 1674 4178 abiit
1709 4108 1742 4176 in

267 4231 353 4302 lines
380 4229 462 4323 Tyri
487 4238 522 4298 et
549 4227 697 4299 Sidonis:
725 4237 760 4298 et
784 4226 962 4319 ingressus
989 4225 1131 4296 domum
1157 4225 1330 4296 neminem
1356 4225 1464 4298 voluit
1488 4225 1586 4312 scire,
1615 4237 1650 4298 et
1674 4249 1740 4298 non

267 4351 376 4444 potuit
401 4351 522 4420 latere.
567 4339 724 4420 ¹⁵ltlulier
749 4347 838 4418 enim
866 4345 978 4417 statim
1005 4357 1042 4416 ut
1067 4345 1196 4418 audivit
1222 4345 1268 4418 de
1294 4365 1349 4430 eo,
1377 4346 1472 4418 cuius
1498 4347 1651 4418 habebat
1673 4345 1740 4416 titia

267 4471 421 4566 spiritum
453 4467 669 4554 inmundum,
702 4467 838 4538 intravit
868 4476 902 4536 ct
936 4465 1083 4560 procidit
1119 4465 1164 4536 ad
1196 4467 1307 4559 pedes
1341 4467 1429 4538 eius:
1480 4459 1507 4506 ’Β
1524 4478 1599 4538 crat
1624 4477 1738 4538 antem

266 4592 387 4662 mulier
412 4587 554 4682 gentilis
582 4587 858 4682 syrophoenissa
889 4605 1028 4678 genere,
1072 4578 1147 4632 (Μ)
1162 4596 1197 4658 et
1230 4589 1378 4680 rogabat
1411 4608 1490 4660 eum
1522 4596 1559 4658 ut
1591 4589 1737 4660 daemo-

266 4713 358 4784 nium
385 4711 514 4783 eiceret
538 4706 584 4779 dc
609 4707 677 4778 filia
703 4707 785 4779 eius.
825 4699 852 4744 ’Ἴ
871 4707 936 4792 Qui
962 4706 1049 4777 dixit
1073 4707 1117 4778 illi
1144 4707 1223 4778 Siue
1248 4707 1340 4800 prius
1367 4708 1511 4778 saturari
1537 4705 1640 4778 lilios:
1667 4727 1737 4776 non

267 4843 323 4903 est
347 4832 438 4902 enim
471 4831 600 4900 bonum
633 4849 769 4900 sumere
804 4849 929 4921 panem
962 4827 1108 4898 liliorum
1142 4837 1176 4897 et
1206 4828 1342 4898 mittere
1373 4827 1524 4898 canibus.
1575 4819 1659 4898 ”At
1683 4827 1737 4896 illa

267 4951 446 5046 respondit
471 4960 506 5021 ct
532 4947 613 5020 dicit
638 4949 671 5019 ei
697 4949 834 5041 Utique,
869 4947 1024 5020 domine:
1062 4969 1142 5018 nam
1175 4957 1210 5018 et
1244 4948 1354 5018 catelli
1379 4947 1444 5018 sub
1470 4967 1591 5019 mensa
1617 4969 1738 5019 come-

210 5169 214 5177 !
266 5073 351 5144 dunt
377 5071 423 5144 de
449 5070 545 5142 micis
578 5089 773 5162 puerorum.
828 5059 855 5106 ¹⁹
868 5069 908 5139 Et
942 5070 988 5140 ait
1020 5069 1064 5138 illi
1097 5067 1241 5161 Propter
1275 5069 1364 5140 hunc
1397 5089 1593 5144 sermonem
1629 5068 1736 5140 vade:

266 5194 349 5266 exiit
375 5190 594 5264 daemonium
626 5190 672 5261 de
704 5189 770 5262 filia
806 5198 872 5260 tua.
923 5180 1004 5258 ³⁰Et
1030 5179 1107 5258 eum
1141 5189 1270 5260 obisset
1296 5189 1438 5264 domum
1473 5211 1585 5275 suam,
1611 5189 1737 5262 invenit

861 5309 926 5393 Vll,
954 5313 974 5378 l
1007 5347 1050 5362 --
1082 5311 1139 5379 30.

1280 5433 1430 5542 ¹rc
